timestamp,time,price,volume
34200589978200,09:30:00.589,116.1600,1104
34270593682034,09:31:10.593,115.8400,16
34290789290513,09:31:30.789,115.9500,2
34390298405700,09:33:10.298,115.7900,1
34390298484879,09:33:10.298,115.7900,100
34421715139327,09:33:41.715,115.5400,100
34421715143721,09:33:41.715,115.5300,100
34421715216364,09:33:41.715,115.4700,100
34421715220604,09:33:41.715,115.4700,100
34421745591502,09:33:41.745,115.4500,100
34422602442295,09:33:42.602,115.8400,34
34800762377894,09:40:00.762,115.3900,1
34823911427659,09:40:23.911,115.3900,99
34823911427659,09:40:23.911,115.5000,1
34823911453112,09:40:23.911,115.5000,12
34823911946115,09:40:23.911,115.5000,12
34823911949175,09:40:23.911,115.5000,13
34823911955470,09:40:23.911,115.5000,75
34823912037506,09:40:23.912,115.6700,30
34823912400803,09:40:23.912,115.6700,30
34823912422896,09:40:23.912,115.5000,10
34918674269069,09:41:58.674,115.1000,9
34918674327722,09:41:58.674,115.1000,9
35046755238225,09:44:06.755,115.3100,8
35072122832236,09:44:32.122,115.4700,13
35128191477784,09:45:28.191,115.1200,17
35170008495086,09:46:10.008,115.4700,37
35387335714986,09:49:47.335,115.3000,5
35387335714986,09:49:47.335,115.3500,95
35673161195319,09:54:33.161,114.9500,100
35710035499576,09:55:10.035,114.9000,100
35710035499576,09:55:10.035,114.9200,130
35710035499576,09:55:10.035,114.9500,100
35710035499576,09:55:10.035,114.9500,18
35710035528690,09:55:10.035,114.9500,82
35710035528690,09:55:10.035,114.9500,37
35710035528690,09:55:10.035,114.9500,11
35710035528690,09:55:10.035,114.9500,100
35710035591228,09:55:10.035,114.9500,100
35710035591228,09:55:10.035,114.9500,130
35710035605165,09:55:10.035,114.9400,100
35710035612954,09:55:10.035,114.9500,100
35710035626254,09:55:10.035,114.9500,100
35710035711881,09:55:10.035,114.9500,100
35710036968205,09:55:10.036,114.9500,56
35710038671974,09:55:10.038,114.9500,14
35710038671974,09:55:10.038,114.9600,86
35710039123720,09:55:10.039,114.9400,100
35710039436040,09:55:10.039,114.9600,14
35710545096668,09:55:10.545,114.9200,100
35710545096668,09:55:10.545,114.8100,100
35712066626550,09:55:12.066,114.7900,100
35712066674347,09:55:12.066,114.7900,40
35712066882121,09:55:12.066,114.7900,100
35712179767064,09:55:12.179,114.9600,100
35712546712143,09:55:12.546,114.6300,100
35712546712143,09:55:12.546,114.5800,100
35994201969584,09:59:54.201,114.8000,100
36113954742427,10:01:53.954,114.8600,100
36113954742427,10:01:53.954,114.8600,100
36113954826483,10:01:53.954,114.8600,100
36114208079690,10:01:54.208,114.8800,50
36114208079690,10:01:54.208,114.8900,50
36115107812342,10:01:55.107,114.8900,50
36149919346124,10:02:29.919,114.8900,2
36149919407719,10:02:29.919,114.8900,98
36149919407719,10:02:29.919,114.8900,202
36149919439064,10:02:29.919,114.8900,142
36149919439064,10:02:29.919,114.8900,26
36149919480447,10:02:29.919,114.8900,52
36160983746876,10:02:40.983,114.8500,100
36160983790040,10:02:40.983,114.8200,1
36160984575165,10:02:40.984,114.8200,100
36160984575165,10:02:40.984,114.8200,100
36160984575165,10:02:40.984,114.8200,100
36160984599820,10:02:40.984,114.8500,100
36160992286593,10:02:40.992,114.8200,100
36160992340641,10:02:40.992,114.8200,100
36189996778077,10:03:09.996,114.7200,1
36189996778077,10:03:09.996,114.7000,99
36190925021654,10:03:10.925,114.7000,1
36196961002375,10:03:16.961,114.6800,100
36196961767000,10:03:16.961,114.7000,100
36208249799260,10:03:28.249,114.8600,2
36217423404079,10:03:37.423,114.8600,36
36217423404079,10:03:37.423,114.9100,3
36217423404079,10:03:37.423,114.9200,61
36217423492447,10:03:37.423,114.9200,39
36221132258084,10:03:41.132,114.9900,3
36221132339066,10:03:41.132,115.0000,100
36221132832026,10:03:41.132,115.0000,15
36231308322757,10:03:51.308,115.3400,2
36251548535768,10:04:11.548,115.1500,43
36251548558804,10:04:11.548,115.1500,57
36256759010177,10:04:16.759,115.1800,100
36257529246096,10:04:17.529,115.1900,100
36258323655598,10:04:18.323,115.2000,100
36262983207665,10:04:22.983,115.1600,5
36262983281456,10:04:22.983,115.1600,38
36275238598603,10:04:35.238,115.1800,100
36280202624852,10:04:40.202,115.0600,100
36285330318388,10:04:45.330,115.2800,100
36296167384520,10:04:56.167,115.0000,1
36298355172298,10:04:58.355,114.9600,1
36298355574045,10:04:58.355,114.9600,100
36315816462453,10:05:15.816,114.7500,2
36322552610960,10:05:22.552,114.7800,100
36323404471953,10:05:23.404,114.7700,100
36324266450869,10:05:24.266,114.7600,100
36331389975519,10:05:31.389,114.7600,43
36334420872642,10:05:34.420,114.9000,100
36334420872642,10:05:34.420,114.9000,100
36334421020109,10:05:34.421,114.9700,100
36342798515241,10:05:42.798,114.7700,2
36352909896437,10:05:52.909,114.9800,100
36352909951980,10:05:52.909,115.0000,100
36354903490126,10:05:54.903,115.0400,100
36354903547356,10:05:54.903,115.0500,100
36354903645966,10:05:54.903,115.0500,1
36399406301951,10:06:39.406,114.9600,2
36421747558566,10:07:01.747,115.0900,100
36427663817007,10:07:07.663,114.9700,5
36435375523304,10:07:15.375,115.1700,100
36440583724433,10:07:20.583,115.2600,100
36440583724433,10:07:20.583,115.2700,100
36444680739499,10:07:24.680,115.2400,102
36445021249411,10:07:25.021,115.2800,100
36445021249411,10:07:25.021,115.2800,5
36445021647419,10:07:25.021,115.3000,100
36451270330033,10:07:31.270,115.0400,41
36451355353153,10:07:31.355,115.0000,100
36451355447069,10:07:31.355,115.0000,100
36485051756905,10:08:05.051,114.9900,100
36509313005866,10:08:29.313,115.0900,2
36527886879343,10:08:47.886,115.0900,100
36527886913278,10:08:47.886,115.0900,34
36527887124876,10:08:47.887,115.0900,58
36527887132682,10:08:47.887,115.0900,8
36527887132682,10:08:47.887,115.1000,4
36527887221477,10:08:47.887,115.1000,96
36527887221477,10:08:47.887,115.1000,87
36527887305445,10:08:47.887,115.1000,7
36527887330871,10:08:47.887,115.1000,6
36551973537287,10:09:11.973,115.2800,2
36559279602558,10:09:19.279,115.1300,100
36560076866239,10:09:20.076,115.1400,100
36573621142721,10:09:33.621,114.9800,2
36592747922833,10:09:52.747,114.9700,1
36592747922833,10:09:52.747,114.9700,99
36593539487941,10:09:53.539,114.9700,100
36641261823979,10:10:41.261,114.9400,100
36642064632899,10:10:42.064,114.9400,96
36642064632899,10:10:42.064,114.9200,4
36643052961771,10:10:43.052,114.9200,100
36644040613587,10:10:44.040,114.9200,92
36644040613587,10:10:44.040,114.9100,8
36653285864741,10:10:53.285,114.9100,92
36653285864741,10:10:53.285,114.9100,1
36653285943050,10:10:53.285,114.9100,7
36672154323460,10:11:12.154,114.9100,2
36675575387884,10:11:15.575,115.0000,100
36680020797439,10:11:20.020,115.0600,100
36687682571190,10:11:27.682,115.0700,1
36687688484646,10:11:27.688,115.0700,99
36687688602533,10:11:27.688,115.1200,1
36783662001718,10:13:03.662,115.2100,100
37106711213906,10:18:26.711,115.1200,10
37106711213906,10:18:26.711,115.1200,45
37106711213906,10:18:26.711,115.1000,10
37106711213906,10:18:26.711,115.1000,35
37106711251340,10:18:26.711,115.1000,5
37106711251340,10:18:26.711,115.0900,10
37106711251340,10:18:26.711,115.0900,43
37106711329068,10:18:26.711,115.0900,5
37106728698922,10:18:26.728,115.0900,5
37106728698922,10:18:26.728,115.0700,1
37106728698922,10:18:26.728,115.0600,100
37106728698922,10:18:26.728,115.0600,94
37106728764884,10:18:26.728,115.0600,6
37106731738076,10:18:26.731,115.0000,100
37106731793443,10:18:26.731,115.0000,100
37319750591146,10:21:59.750,115.2200,100
37319750621669,10:21:59.750,115.2200,1
37319762784752,10:21:59.762,115.3200,100
37319762784752,10:21:59.762,115.4000,15
37319762784752,10:21:59.762,115.4800,100
37561833688687,10:26:01.833,115.4500,15
37610499303046,10:26:50.499,115.4500,3
37610499303046,10:26:50.499,115.4500,97
37633989776213,10:27:13.989,115.4500,100
37633989776213,10:27:13.989,115.4600,100
37633989776213,10:27:13.989,115.4600,100
37633989776213,10:27:13.989,115.4600,100
37633989855159,10:27:13.989,115.4600,100
37633989855159,10:27:13.989,115.4600,198
37633989855159,10:27:13.989,115.4900,3002
37633989911475,10:27:13.989,115.4900,15
37633990330718,10:27:13.990,115.4900,283
37872537963070,10:31:12.537,115.3600,100
38266076141595,10:37:46.076,115.3500,9
38266076519352,10:37:46.076,115.3500,28
38330103861183,10:38:50.103,115.6700,1
38587294897372,10:43:07.294,115.6500,100
38587294897372,10:43:07.294,115.6500,100
38587294897372,10:43:07.294,115.6500,2
38587294965641,10:43:07.294,115.6500,29
38587294990780,10:43:07.294,115.6500,2
38587295166411,10:43:07.295,115.6500,69
38589517557393,10:43:09.517,115.8400,1
38918610725495,10:48:38.610,115.5200,63
38918610776255,10:48:38.610,115.5000,36
38918610796402,10:48:38.610,115.5000,64
38918610796402,10:48:38.610,115.5000,1
38918610796402,10:48:38.610,115.5000,200
38918610796402,10:48:38.610,115.5000,36
38918610801891,10:48:38.610,115.5000,265
38918610835713,10:48:38.610,115.5000,100
38918610895268,10:48:38.610,115.5000,100
38918610974467,10:48:38.610,115.5000,23
38918610976949,10:48:38.610,115.5000,24
38918611279169,10:48:38.611,115.5000,53
38918611279169,10:48:38.611,115.5000,200
38918611376430,10:48:38.611,115.5000,9
38930378479306,10:48:50.378,115.7400,100
38930378504976,10:48:50.378,115.7400,2
39238266058145,10:53:58.266,115.7300,1
39663459243554,11:01:03.459,115.7400,100
39663459243554,11:01:03.459,115.7400,2
39663460567842,11:01:03.460,115.7500,15
39663462212952,11:01:03.462,115.7500,15
39663462401756,11:01:03.462,115.7500,70
39663462401756,11:01:03.462,115.7500,59
39663463596655,11:01:03.463,115.7500,15
39663464241301,11:01:03.464,115.7500,15
39663468353679,11:01:03.468,115.7500,11
39663525230355,11:01:03.525,115.8400,99
39663525230355,11:01:03.525,115.8400,1
39663908966623,11:01:03.908,115.7600,100
39666863730073,11:01:06.863,115.7600,100
39666863881601,11:01:06.863,115.7500,100
39666863973477,11:01:06.863,115.7500,10
39792263604284,11:03:12.263,115.6800,9
39792263626933,11:03:12.263,115.6800,9
39792263632383,11:03:12.263,115.6800,82
39833392484945,11:03:53.392,115.7900,1
40403441931613,11:13:23.441,115.7400,6
40426588818272,11:13:46.588,115.7200,1
40426588965422,11:13:46.588,115.7200,48
40470030523783,11:14:30.030,115.7100,2
40470030523783,11:14:30.030,115.7100,55
40470030543425,11:14:30.030,115.7100,45
40470030543425,11:14:30.030,115.7100,57
40470030549323,11:14:30.030,115.7100,43
40470030644531,11:14:30.030,115.7200,100
40583036433239,11:16:23.036,115.8300,1
40583036526469,11:16:23.036,115.8300,81
40583299639286,11:16:23.299,115.8300,1
40880797985076,11:21:20.797,115.7400,100
40880798013862,11:21:20.798,115.7400,200
40880798013862,11:21:20.798,115.7400,200
40880798051672,11:21:20.798,115.7400,100
40918295166244,11:21:58.295,115.7900,8
40918300486881,11:21:58.300,115.8300,18
40918300486881,11:21:58.300,115.8300,42
40918300547765,11:21:58.300,115.8300,58
40918300547765,11:21:58.300,115.8300,52
40918300591836,11:21:58.300,115.8300,48
40918300591836,11:21:58.300,115.8300,52
41189136347878,11:26:29.136,115.8300,15
41190270209478,11:26:30.270,115.8300,15
41236358992830,11:27:16.358,115.8300,18
41236358992830,11:27:16.358,115.8300,82
41236359028760,11:27:16.359,115.8300,18
41236359028760,11:27:16.359,115.8300,1
41236359028760,11:27:16.359,115.8300,100
41236359028760,11:27:16.359,115.8300,100
41236359028760,11:27:16.359,115.8300,2
41236359054617,11:27:16.359,115.8300,100
41236359075547,11:27:16.359,115.8300,100
41236359082884,11:27:16.359,115.8300,100
41236359158837,11:27:16.359,115.8300,24
41236359191238,11:27:16.359,115.8300,2
41331806826742,11:28:51.806,115.8200,1
41332080235947,11:28:52.080,115.7300,100
41332080235947,11:28:52.080,115.7200,1
41332080235947,11:28:52.080,115.7200,100
41332080235947,11:28:52.080,115.7200,18
41332080269577,11:28:52.080,115.7100,100
41332080324932,11:28:52.080,115.7100,100
41332080504957,11:28:52.080,115.6900,49
41332080506116,11:28:52.080,115.6900,22
41332080530293,11:28:52.080,115.6900,29
41332080530293,11:28:52.080,115.6900,100
41332081590984,11:28:52.081,115.6600,2
41332081617947,11:28:52.081,115.6600,98
41335084043336,11:28:55.084,115.7000,8
41339168379527,11:28:59.168,115.7200,100
41339168404692,11:28:59.168,115.7200,100
41339168449978,11:28:59.168,115.7200,100
41339168467027,11:28:59.168,115.7200,36
41339168769179,11:28:59.168,115.7200,100
41339168957092,11:28:59.168,115.7200,12
41339169054901,11:28:59.169,115.7200,33
41340066779944,11:29:00.066,115.7200,100
41340066809665,11:29:00.066,115.7200,2
41355737243972,11:29:15.737,115.6600,100
41362574129919,11:29:22.574,115.6400,100
41362574129919,11:29:22.574,115.6400,100
41362574129919,11:29:22.574,115.6400,100
41362574812794,11:29:22.574,115.6400,100
41442531792813,11:30:42.531,115.6200,1
41483773331545,11:31:23.773,115.6400,100
41483773510956,11:31:23.773,115.6400,2
41483773510956,11:31:23.773,115.6400,2
41483773510956,11:31:23.773,115.6400,100
41483773510956,11:31:23.773,115.6400,32
41891925426920,11:38:11.925,115.6800,85
41891925426920,11:38:11.925,115.7000,15
41932738055691,11:38:52.738,115.6700,100
41932738055691,11:38:52.738,115.6900,100
41974236974272,11:39:34.236,115.6900,2
41974236974272,11:39:34.236,115.6900,7
41974236974272,11:39:34.236,115.6900,100
41974236974272,11:39:34.236,115.6900,2
41974236974272,11:39:34.236,115.6900,89
41998533060520,11:39:58.533,115.6900,1
41998533060520,11:39:58.533,115.6900,1
42237098229327,11:43:57.098,115.6200,17
42237098276907,11:43:57.098,115.6200,8
42237098387627,11:43:57.098,115.6200,9
42237099161892,11:43:57.099,115.6200,9
42237099205895,11:43:57.099,115.6200,9
42337602591460,11:45:37.602,115.6500,100
42337602695329,11:45:37.602,115.6400,10
42337603491672,11:45:37.603,115.6300,1
42337603600163,11:45:37.603,115.6300,9
42337603655003,11:45:37.603,115.6200,48
42337603655003,11:45:37.603,115.6200,52
42337603692343,11:45:37.603,115.7200,30
42337603880489,11:45:37.603,115.6300,30
42337603880489,11:45:37.603,115.6200,48
42337603880489,11:45:37.603,115.6200,22
42337603937977,11:45:37.603,115.6300,100
42337603947744,11:45:37.603,115.6200,1
42337604019707,11:45:37.604,115.7200,30
42337714939830,11:45:37.714,115.6300,20
42337716011217,11:45:37.716,115.6200,77
42337716577840,11:45:37.716,115.6200,100
42337716638329,11:45:37.716,115.6600,15
42337716726894,11:45:37.716,115.6200,30
42337716762504,11:45:37.716,115.5800,100
42337716828883,11:45:37.716,115.5800,100
42337716929945,11:45:37.716,115.5600,15
42337716966941,11:45:37.716,115.6600,30
42338836066540,11:45:38.836,115.5600,100
42338836412463,11:45:38.836,115.5600,15
42338836664240,11:45:38.836,115.5900,100
42338837259873,11:45:38.837,115.6200,100
42338844805921,11:45:38.844,115.7000,98
42338844830455,11:45:38.844,115.7000,2
42338844921376,11:45:38.844,115.7100,100
42341513231893,11:45:41.513,115.8000,5
42341513231893,11:45:41.513,115.8000,1
42341513337137,11:45:41.513,115.7400,30
42341515007533,11:45:41.515,115.6800,100
42358068232714,11:45:58.068,115.6500,100
42358068262214,11:45:58.068,115.6500,100
42421325059603,11:47:01.325,115.6300,100
42421325059603,11:47:01.325,115.6300,1
42421325059603,11:47:01.325,115.6300,1
42421325059603,11:47:01.325,115.6300,98
42460544242275,11:47:40.544,115.6100,100
42460544242275,11:47:40.544,115.6300,100
42498061239065,11:48:18.061,115.6300,102
42498061239065,11:48:18.061,115.6300,98
42498061271448,11:48:18.061,115.6300,2
42498061271448,11:48:18.061,115.6300,1
42498077030956,11:48:18.077,115.6400,96
42540145413258,11:49:00.145,115.6500,1
42672793221893,11:51:12.793,115.6200,1
42672793315293,11:51:12.793,115.6900,10
42693981003684,11:51:33.981,115.6500,10
42693981073173,11:51:33.981,115.6300,138
42693981073173,11:51:33.981,115.6300,100
42746074027846,11:52:26.074,115.7300,100
42786275937468,11:53:06.275,115.7500,1
42786275937468,11:53:06.275,115.7500,99
42827932939753,11:53:47.932,115.7500,100
42827932972377,11:53:47.932,115.7500,4
42827932972377,11:53:47.932,115.7500,32
42827932972377,11:53:47.932,115.7500,14
42963221924011,11:56:03.221,115.8300,74
42963221924011,11:56:03.221,115.8300,100
42963221924011,11:56:03.221,115.8300,100
42963221924011,11:56:03.221,115.8300,1
42963221924011,11:56:03.221,115.8300,100
42963221924011,11:56:03.221,115.8300,100
42963221924011,11:56:03.221,115.8300,100
42963252271327,11:56:03.252,115.8400,99
42963252271327,11:56:03.252,115.8400,12
42963252325841,11:56:03.252,115.8400,33
42963252392207,11:56:03.252,115.8400,35
43054020326559,11:57:34.020,115.6800,9
43054020376026,11:57:34.020,115.6800,9
43054042199171,11:57:34.042,115.6700,100
43560400242250,12:06:00.400,115.6700,100
43560400354209,12:06:00.400,115.6700,1
43680105729927,12:08:00.105,115.8000,13
43680105729927,12:08:00.105,115.8000,1
43743369171169,12:09:03.369,115.8000,5
43743369171169,12:09:03.369,115.8000,5
43743369171169,12:09:03.369,115.8000,100
43743369171169,12:09:03.369,115.8000,2
43743369229984,12:09:03.369,115.8100,100
43743402580025,12:09:03.402,115.8400,20
43743402580025,12:09:03.402,115.8400,4
43752514115039,12:09:12.514,115.6700,17
43860187114934,12:11:00.187,115.8400,96
43860187114934,12:11:00.187,115.8400,4
43860187168493,12:11:00.187,115.8400,23
43860187172484,12:11:00.187,115.8400,16
43860187173946,12:11:00.187,115.8400,57
43860187173946,12:11:00.187,115.8400,1
43860187173946,12:11:00.187,115.8400,42
43860187185546,12:11:00.187,115.8400,100
43860187224283,12:11:00.187,115.8400,101
43860187258640,12:11:00.187,115.8400,71
43860187301759,12:11:00.187,115.8400,1
43860187351864,12:11:00.187,115.8400,28
43860187351864,12:11:00.187,115.8400,2
43860196118779,12:11:00.196,115.8400,98
43860196118779,12:11:00.196,115.8400,2
43860196166855,12:11:00.196,115.8400,8
43860196228464,12:11:00.196,115.8400,4
44173701311765,12:16:13.701,115.8200,100
44173701413202,12:16:13.701,115.8300,100
44173701413202,12:16:13.701,115.8300,4
44173701413202,12:16:13.701,115.8300,1
44173701469688,12:16:13.701,115.8400,43
44173701469688,12:16:13.701,115.8500,57
44173701500139,12:16:13.701,115.8500,43
44174237570045,12:16:14.237,116.0300,2
44232989381650,12:17:12.989,115.8600,100
44232989445697,12:17:12.989,115.8500,1
44232989445697,12:17:12.989,115.8500,99
44232989478448,12:17:12.989,115.8500,1
44232989478448,12:17:12.989,115.8500,9
44232989536261,12:17:12.989,115.8400,10
44232989608747,12:17:12.989,115.8300,10
44232989608747,12:17:12.989,115.8300,90
44232989680348,12:17:12.989,115.8300,10
44232993659632,12:17:12.993,115.7800,5
44232993659632,12:17:12.993,115.7700,5
44657691143452,12:24:17.691,116.0300,1
45263082584124,12:34:23.082,116.0100,100
45263082584124,12:34:23.082,116.0200,100
45263082584124,12:34:23.082,116.0200,13
45263082584124,12:34:23.082,116.0200,200
45263082617320,12:34:23.082,116.0200,100
45263082648378,12:34:23.082,116.0300,100
45861362224659,12:44:21.362,116.0200,1
46273554774833,12:51:13.554,116.0000,85
46273554774833,12:51:13.554,116.0000,25
46273555296727,12:51:13.555,116.0000,75
46273555296727,12:51:13.555,116.0000,14
46273555296727,12:51:13.555,116.0000,92
46273555329007,12:51:13.555,116.0000,8
46273555329007,12:51:13.555,116.0000,127
46273556323798,12:51:13.556,116.0000,71
46384739649025,12:53:04.739,116.0200,5
46384739649025,12:53:04.739,116.0200,100
46384739649025,12:53:04.739,116.0200,100
46408956282614,12:53:28.956,115.9600,10
46408956725998,12:53:28.956,115.9500,45
46408956920520,12:53:28.956,115.9500,70
46408956920520,12:53:28.956,115.9500,100
46408956976377,12:53:28.956,115.9200,100
47209127651335,13:06:49.127,115.7500,100
47209127741635,13:06:49.127,115.7500,100
47209127741635,13:06:49.127,115.7500,1
47209127767834,13:06:49.127,115.7500,100
47332619375145,13:08:52.619,115.8400,1
47546580998978,13:12:26.580,115.8500,100
47546580998978,13:12:26.580,115.8500,2
47546580998978,13:12:26.580,115.8500,15
47546580998978,13:12:26.580,115.8500,300
47546580998978,13:12:26.580,115.8500,100
47584805581997,13:13:04.805,115.7500,1
47668587684627,13:14:28.587,115.9300,6
47826994187880,13:17:06.994,115.7400,1
47826994187880,13:17:06.994,115.7400,4
47826994187880,13:17:06.994,115.7400,5
47826994187880,13:17:06.994,115.7400,190
47826994218902,13:17:06.994,115.7400,10
47826995169971,13:17:06.995,115.7300,1
47826995169971,13:17:06.995,115.7300,3
47826995228559,13:17:06.995,115.7300,6
47826995228559,13:17:06.995,115.7300,10
47826995308792,13:17:06.995,115.7200,100
47953540631965,13:19:13.540,115.8400,1
48019277451342,13:20:19.277,115.8500,37
48054826296285,13:20:54.826,115.7100,1
48054826296285,13:20:54.826,115.7100,4
48054826296285,13:20:54.826,115.7100,95
48054826336626,13:20:54.826,115.7100,5
48054826336626,13:20:54.826,115.7100,68
48061052220691,13:21:01.052,115.7100,100
48061052715641,13:21:01.052,115.7100,32
48061052715641,13:21:01.052,115.7100,100
48062902544008,13:21:02.902,115.7100,100
48113829111161,13:21:53.829,115.7900,8
48113839613754,13:21:53.839,115.7400,6
48114081968821,13:21:54.081,115.7400,99
48132600993112,13:22:12.600,115.7900,6
48132601093695,13:22:12.601,115.8100,77
48132601124654,13:22:12.601,115.8100,23
48132601124654,13:22:12.601,115.8100,13
48132601124654,13:22:12.601,115.8100,1
48132601124654,13:22:12.601,115.8100,1
48143531743941,13:22:23.531,115.7500,100
48143532553144,13:22:23.532,115.7500,1
48143533651325,13:22:23.533,115.7000,10
48143533777236,13:22:23.533,115.7300,30
48143533777236,13:22:23.533,115.7400,70
48143534150432,13:22:23.534,115.7000,30
48143665229885,13:22:23.665,115.6900,2
48143665229885,13:22:23.665,115.6900,18
48143665278434,13:22:23.665,115.6800,1
48143665278434,13:22:23.665,115.6800,9
48143665313323,13:22:23.665,115.6700,1
48143665313323,13:22:23.665,115.6700,9
48143695338381,13:22:23.695,115.6500,1
48143695338381,13:22:23.695,115.6500,4
48143695338381,13:22:23.695,115.6500,2
48143695338381,13:22:23.695,115.6500,3
48143705431313,13:22:23.705,115.6400,10
48152214428563,13:22:32.214,115.6300,10
48152214428563,13:22:32.214,115.6200,10
48152214428563,13:22:32.214,115.6200,10
48162850383656,13:22:42.850,115.6000,100
48162850383656,13:22:42.850,115.5900,10
48162850383656,13:22:42.850,115.5900,10
48162851093424,13:22:42.851,115.5800,1
48162851093424,13:22:42.851,115.5800,9
48162851093424,13:22:42.851,115.5700,5
48162851093424,13:22:42.851,115.5700,1
48162851093424,13:22:42.851,115.5700,4
48162851093424,13:22:42.851,115.5600,1
48162851093424,13:22:42.851,115.5400,2
48162851093424,13:22:42.851,115.5300,7
48162852344628,13:22:42.852,115.5300,3
48268350481787,13:24:28.350,115.5700,100
48268350537259,13:24:28.350,115.5800,2
48268354635705,13:24:28.354,115.5900,3
48275267494156,13:24:35.267,115.7600,1
48275267494156,13:24:35.267,115.7600,100
48275267494156,13:24:35.267,115.7700,14
48339294449231,13:25:39.294,115.7500,100
48717864314692,13:31:57.864,115.7600,43
48717864341547,13:31:57.864,115.7600,57
48717864341547,13:31:57.864,115.7600,1
48717864341547,13:31:57.864,115.7600,100
48717864341547,13:31:57.864,115.7600,12
48717864378772,13:31:57.864,115.7700,100
48828817223012,13:33:48.817,115.6900,100
48828817223012,13:33:48.817,115.6800,100
48828818040983,13:33:48.818,115.6500,21
48828818082840,13:33:48.818,115.6500,79
48846562686920,13:34:06.562,115.6400,100
48846978514359,13:34:06.978,115.5900,2
48846978568924,13:34:06.978,115.5800,100
48846978596003,13:34:06.978,115.5800,100
48846978653793,13:34:06.978,115.5800,100
48846978671733,13:34:06.978,115.5800,100
48846978703097,13:34:06.978,115.5800,100
48846978721955,13:34:06.978,115.5800,100
48846978735667,13:34:06.978,115.5800,100
48846978751643,13:34:06.978,115.5800,18
48846978752933,13:34:06.978,115.5800,100
48846978768012,13:34:06.978,115.5800,100
48846978793245,13:34:06.978,115.5800,82
48846993729599,13:34:06.993,115.5800,54
48846994158348,13:34:06.994,115.6700,30
48848267236663,13:34:08.267,115.6200,100
48848267514493,13:34:08.267,115.6500,2
48885790044653,13:34:45.790,115.7400,1
48886864639609,13:34:46.864,115.7500,100
48886988590401,13:34:46.988,115.7500,2
48886988590401,13:34:46.988,115.7500,7
48886988590401,13:34:46.988,115.7500,91
48887866614171,13:34:47.866,115.7500,9
48887866614171,13:34:47.866,115.7500,1
48887866948602,13:34:47.866,115.7500,12
48887875377091,13:34:47.875,115.7500,78
48887875377091,13:34:47.875,115.7400,2
48887977967087,13:34:47.977,115.7500,100
48889747578701,13:34:49.747,115.7500,100
48889754740654,13:34:49.754,115.7500,100
49331301356017,13:42:11.301,115.6300,10
49331301447147,13:42:11.301,115.6100,100
49331301472373,13:42:11.301,115.6100,1
49331301476066,13:42:11.301,115.6100,1
49331301507607,13:42:11.301,115.6100,1
49474696481953,13:44:34.696,115.6600,7
49474696481953,13:44:34.696,115.6600,193
49513708599984,13:45:13.708,115.6600,107
49513708599984,13:45:13.708,115.6600,12
49513708599984,13:45:13.708,115.6600,81
49555212081075,13:45:55.212,115.6600,19
49555212081075,13:45:55.212,115.6600,81
49555300155740,13:45:55.300,115.6600,19
49555300155740,13:45:55.300,115.6600,1
49555300155740,13:45:55.300,115.6600,8
49597541312578,13:46:37.541,115.7000,100
49637008744171,13:47:17.008,115.7100,100
49637008809289,13:47:17.008,115.7100,1
49637066014893,13:47:17.066,115.7200,10
50156029469790,13:55:56.029,115.6700,100
50156029469790,13:55:56.029,115.6700,1
50156029718606,13:55:56.029,115.6400,6
50156029742737,13:55:56.029,115.6400,19
50156030071723,13:55:56.030,115.6300,100
50195972534849,13:56:35.972,115.5800,1
50196144192245,13:56:36.144,115.7300,100
50252996100425,13:57:32.996,115.7400,7
50393107461829,13:59:53.107,115.6600,100
50393107461829,13:59:53.107,115.6600,1
50393107956914,13:59:53.107,115.6600,18
50394330498897,13:59:54.330,115.8300,100
50408594281568,14:00:08.594,115.8300,3
50408594638164,14:00:08.594,115.8500,100
50408641718396,14:00:08.641,115.6400,100
50408641718396,14:00:08.641,115.6400,1
50408641804792,14:00:08.641,115.7500,30
50408761356968,14:00:08.761,115.7500,80
50409328692829,14:00:09.328,115.8500,49
50409328821493,14:00:09.328,115.8500,51
50409328821493,14:00:09.328,115.8500,13
50409328821493,14:00:09.328,115.8500,6
50409329675801,14:00:09.329,115.8500,70
50409329871469,14:00:09.329,115.8500,24
50409329871469,14:00:09.329,115.8500,46
50409329904019,14:00:09.329,115.8500,54
50409329935098,14:00:09.329,115.8500,54
50412422780330,14:00:12.422,115.8600,100
50412422780330,14:00:12.422,115.8600,100
50412423780352,14:00:12.423,115.9300,100
50452393551831,14:00:52.393,115.8400,100
50467613101533,14:01:07.613,115.8100,100
50633148930120,14:03:53.148,115.9200,1
50686622192345,14:04:46.622,115.9700,99
50686622192345,14:04:46.622,116.0100,1
50686622192345,14:04:46.622,116.0100,100
50686622192345,14:04:46.622,116.0100,2
50686622192345,14:04:46.622,116.0100,9
50686622228233,14:04:46.622,116.0100,91
50686622228233,14:04:46.622,116.0100,8
50686622266334,14:04:46.622,116.0100,85
50686622279809,14:04:46.622,116.0100,15
50686622279809,14:04:46.622,116.0200,25
50686622457141,14:04:46.622,116.0200,49
50686622754560,14:04:46.622,116.0200,26
50686622754560,14:04:46.622,116.0200,74
50686623103783,14:04:46.623,116.0200,26
50686623103783,14:04:46.623,116.0200,74
50686623225216,14:04:46.623,116.0200,2
50686623528181,14:04:46.623,116.0200,24
50686624136122,14:04:46.624,116.0200,76
50686624136122,14:04:46.624,116.0200,100
50686624136122,14:04:46.624,116.0100,10
50686624136122,14:04:46.624,116.0100,14
50686628540578,14:04:46.628,116.0100,86
50752778557845,14:05:52.778,115.8400,4
50992136841400,14:09:52.136,115.9600,100
51047348936566,14:10:47.348,115.9800,100
51047348936566,14:10:47.348,115.9800,66
51050227690011,14:10:50.227,115.9800,100
51050227690011,14:10:50.227,115.9800,100
51050227690011,14:10:50.227,116.0000,100
51050227690011,14:10:50.227,116.0000,5
51050227690011,14:10:50.227,116.0000,8
51050227690011,14:10:50.227,116.0000,100
51050227690011,14:10:50.227,116.0000,86
51050228377583,14:10:50.228,116.0000,14
51050228377583,14:10:50.228,116.0000,86
51089123580979,14:11:29.123,116.0000,14
51089123580979,14:11:29.123,116.0000,100
51089123580979,14:11:29.123,116.0000,1
51089123961097,14:11:29.123,116.0000,100
51089124337342,14:11:29.124,116.0000,33
51089125503574,14:11:29.125,116.0000,67
51089125503574,14:11:29.125,116.0000,33
51089159186702,14:11:29.159,116.0000,67
51089159186702,14:11:29.159,116.0000,33
51102272849278,14:11:42.272,116.0100,100
51120502732307,14:12:00.502,116.0100,1
51120502732307,14:12:00.502,116.0100,100
51120502732307,14:12:00.502,116.0100,99
51120502825944,14:12:00.502,116.0100,100
51120502830943,14:12:00.502,116.0100,100
51120504121852,14:12:00.504,116.0100,23
51120504147768,14:12:00.504,116.0100,77
51125271527101,14:12:05.271,116.0200,100
51125272074586,14:12:05.272,116.0200,100
51306872144225,14:15:06.872,116.1500,3
51306872144225,14:15:06.872,116.1500,97
51306872176522,14:15:06.872,116.1500,3
51306872176522,14:15:06.872,116.1400,61
51306872176522,14:15:06.872,116.1400,97
51306872203495,14:15:06.872,116.1400,3
51306872836322,14:15:06.872,116.1300,69
51306872844132,14:15:06.872,116.1300,18
51306872881003,14:15:06.872,116.1300,13
51306872890839,14:15:06.872,116.1300,100
51306874079626,14:15:06.874,116.1100,1
51306874137598,14:15:06.874,116.1100,99
51307611897798,14:15:07.611,116.0900,100
51307611919045,14:15:07.611,116.0900,100
51307627499373,14:15:07.627,116.1200,100
51308608855443,14:15:08.608,116.1500,100
51308609722343,14:15:08.609,116.1500,100
51308610060032,14:15:08.610,116.1500,46
51308614824389,14:15:08.614,116.1600,2
51308628887837,14:15:08.628,116.1900,100
51308628973025,14:15:08.628,116.1900,28
51308629121754,14:15:08.629,116.1900,72
51447246245848,14:17:27.246,116.2300,100
51548471435875,14:19:08.471,116.2300,15
51618336896277,14:20:18.336,116.2300,85
51618336896277,14:20:18.336,116.2300,1
51618336896277,14:20:18.336,116.2300,14
51618337128481,14:20:18.337,116.2300,86
51618337128481,14:20:18.337,116.2300,100
51618342071299,14:20:18.342,116.2500,5
51618342102985,14:20:18.342,116.2500,95
51618342102985,14:20:18.342,116.2500,91
51618347935297,14:20:18.347,116.2500,9
51618525629602,14:20:18.525,116.2500,100
51618525637003,14:20:18.525,116.2400,100
51618979938650,14:20:18.979,116.2500,5
51890570029879,14:24:50.570,116.2500,100
51890570029879,14:24:50.570,116.2500,10
51890570029879,14:24:50.570,116.2500,4
51890570207623,14:24:50.570,116.2400,100
51890570369039,14:24:50.570,116.2200,100
52029427816349,14:27:09.427,116.1400,100
52029427858443,14:27:09.427,116.1200,6
52029429701683,14:27:09.429,116.1600,100
52196636467316,14:29:56.636,115.9900,100
52196636467316,14:29:56.636,115.9900,7
52196636467316,14:29:56.636,115.9900,93
52277528378171,14:31:17.528,116.0300,93
52277531055017,14:31:17.531,116.0600,15
52310127595016,14:31:50.127,116.0100,7
52310127634811,14:31:50.127,115.9900,5
52491657328190,14:34:51.657,116.1200,100
52491657388580,14:34:51.657,116.1300,1
52491657388580,14:34:51.657,116.1300,10
52491657388580,14:34:51.657,116.1300,89
52491657417793,14:34:51.657,116.1300,11
52491657417793,14:34:51.657,116.1300,13
52491657417793,14:34:51.657,116.1300,76
52491657620098,14:34:51.657,116.1300,24
52491657620098,14:34:51.657,116.1300,9
52491657627167,14:34:51.657,116.1300,17
52491658263519,14:34:51.658,116.1300,5
52491658289588,14:34:51.658,116.1300,69
52491658289588,14:34:51.658,116.1300,100
52491658289588,14:34:51.658,116.1300,100
52491658289588,14:34:51.658,116.1300,50
52491658289588,14:34:51.658,116.1300,5
52491658289588,14:34:51.658,116.1300,100
52491658336174,14:34:51.658,116.1300,100
52491658368450,14:34:51.658,116.1300,100
52491658817625,14:34:51.658,116.1300,100
52491659243666,14:34:51.659,116.1300,100
52491659325653,14:34:51.659,116.1300,100
52491659326938,14:34:51.659,116.1400,100
52496876584488,14:34:56.876,116.1400,100
52496876584488,14:34:56.876,116.1400,2
52496879400518,14:34:56.879,116.1400,100
52496879981841,14:34:56.879,116.1400,16
52496880166550,14:34:56.880,116.1400,84
52496881566581,14:34:56.881,116.1400,100
52496881665513,14:34:56.881,116.1400,100
52496892072571,14:34:56.892,116.1400,100
52560581971837,14:36:00.581,116.2500,100
52560582379921,14:36:00.582,116.2400,15
52560582396126,14:36:00.582,116.2400,16
52560582439212,14:36:00.582,116.2400,69
52560582774393,14:36:00.582,116.2500,100
52572375541140,14:36:12.375,116.1900,68
52572375588622,14:36:12.375,116.1700,5
52572394279369,14:36:12.394,116.1700,100
52573468523284,14:36:13.468,116.1700,100
52573468551997,14:36:13.468,116.1700,100
52579119279807,14:36:19.119,116.2400,8
52579119279807,14:36:19.119,116.2400,1
52583219888542,14:36:23.219,116.1600,1
52675274587443,14:37:55.274,116.2600,100
52675274587443,14:37:55.274,116.2200,100
52675274587443,14:37:55.274,116.2200,100
52675274587443,14:37:55.274,116.2200,100
52675274677753,14:37:55.274,116.2400,100
52691019629865,14:38:11.019,116.3400,9
52902486422275,14:41:42.486,116.2500,100
52902486422275,14:41:42.486,116.2500,3
52902486546394,14:41:42.486,116.2400,37
52902491618220,14:41:42.491,116.2400,63
53028353879610,14:43:48.353,116.2800,7
53028353879610,14:43:48.353,116.2800,14
53028353962486,14:43:48.353,116.2900,56
53028354365411,14:43:48.354,116.2900,44
53131747040546,14:45:31.747,116.3300,1
53131747942045,14:45:31.747,116.3400,100
53131747972882,14:45:31.747,116.3500,10
53194088652328,14:46:34.088,116.4200,1
53194088652834,14:46:34.088,116.4200,1
53194088655302,14:46:34.088,116.4200,1
53194088680982,14:46:34.088,116.4100,100
53194088680982,14:46:34.088,116.4200,97
53194088680982,14:46:34.088,116.4200,1
53194088680982,14:46:34.088,116.4200,11
53194088680982,14:46:34.088,116.4200,2
53194088680982,14:46:34.088,116.4200,1
53194088727994,14:46:34.088,116.4200,99
53215265769665,14:46:55.265,116.4500,1
53215266655513,14:46:55.266,116.4400,100
53215266797198,14:46:55.266,116.4200,10
53215266953511,14:46:55.266,116.4200,100
53216225543541,14:46:56.225,116.4500,8
53216234601379,14:46:56.234,116.4500,2
53216234601379,14:46:56.234,116.4500,9
53216234601379,14:46:56.234,116.4500,1
53275150908390,14:47:55.150,116.5600,11
53304781454453,14:48:24.781,116.4500,1
53304781966039,14:48:24.781,116.3900,32
53465115424412,14:51:05.115,116.3400,11
53535117629563,14:52:15.117,116.4000,9
53538921670954,14:52:18.921,116.4300,100
53538921902076,14:52:18.921,116.4300,6
53538921902076,14:52:18.921,116.4300,23
53538922105721,14:52:18.922,116.4300,8
53538922129402,14:52:18.922,116.4300,29
53538922531405,14:52:18.922,116.4300,40
53538922531405,14:52:18.922,116.4300,8
53538922531405,14:52:18.922,116.4300,100
53548031866515,14:52:28.031,116.6000,1
53548031867873,14:52:28.031,116.6000,1
53548031870366,14:52:28.031,116.6000,2
53586242967686,14:53:06.242,116.6000,96
53586242967686,14:53:06.242,116.6100,4
53586243029826,14:53:06.243,116.6100,16
53586243029826,14:53:06.243,116.6200,84
53596375461648,14:53:16.375,116.6200,1
53596849359203,14:53:16.849,116.6200,1
53663357410129,14:54:23.357,116.5600,10
53663357471963,14:54:23.357,116.5500,3
53663357501372,14:54:23.357,116.5300,12
53663358004337,14:54:23.358,116.5200,100
53663358144226,14:54:23.358,116.5000,100
53714870156186,14:55:14.870,116.5100,100
53797575511708,14:56:37.575,116.5500,2
53797575579127,14:56:37.575,116.5600,100
53797575579127,14:56:37.575,116.5600,8
53797575579127,14:56:37.575,116.5600,100
53797575620055,14:56:37.575,116.5800,38
53797575958237,14:56:37.575,116.5800,8
53797576066160,14:56:37.576,116.5800,8
53797576080375,14:56:37.576,116.5800,46
53797576668076,14:56:37.576,116.6900,20
53845564890133,14:57:25.564,116.7300,2
53845564892858,14:57:25.564,116.7300,2
53845564893437,14:57:25.564,116.7300,1
53845564895368,14:57:25.564,116.7300,1
53867242435487,14:57:47.242,116.7400,1
53867242436049,14:57:47.242,116.7400,1
53938571105245,14:58:58.571,116.7400,19
53939902118696,14:58:59.902,116.7400,3
53939902118696,14:58:59.902,116.7400,8
54002325784525,15:00:02.325,116.8900,11
54025444610736,15:00:25.444,116.7300,50
54025444610736,15:00:25.444,116.6900,50
54025445424158,15:00:25.445,116.6900,116
54025447178844,15:00:25.447,116.6600,20
54025713643080,15:00:25.713,116.6400,20
54025713731929,15:00:25.713,116.6300,20
54095029445889,15:01:35.029,116.6100,20
54095029445889,15:01:35.029,116.6000,1
54095029445889,15:01:35.029,116.5900,20
54095029445889,15:01:35.029,116.5800,38
54095029445889,15:01:35.029,116.5800,3
54095029445889,15:01:35.029,116.5500,18
54101554483103,15:01:41.554,116.6200,11
54101554969665,15:01:41.554,116.6400,5
54101554969665,15:01:41.554,116.6400,4
54120806045859,15:02:00.806,116.6500,5
54120806047567,15:02:00.806,116.6500,5
54120806050398,15:02:00.806,116.6500,1
54121560260815,15:02:01.560,116.6400,5
54125492846345,15:02:05.492,116.6400,3
54125492896862,15:02:05.492,116.6400,3
54125492897479,15:02:05.492,116.6500,4
54125492898114,15:02:05.492,116.6500,2
54125492903750,15:02:05.492,116.6500,2
54125492940670,15:02:05.492,116.6500,1
54125676150525,15:02:05.676,116.6400,11
54125676150525,15:02:05.676,116.6500,30
54125676150525,15:02:05.676,116.6600,100
54125676150525,15:02:05.676,116.6600,59
54125676560970,15:02:05.676,116.6600,41
54125676560970,15:02:05.676,116.6600,1
54125676560970,15:02:05.676,116.6600,100
54125676655507,15:02:05.676,116.6600,100
54125676952646,15:02:05.676,116.7000,2
54154443667098,15:02:34.443,116.7300,4
54154443667738,15:02:34.443,116.7300,1
54154443669648,15:02:34.443,116.7300,2
54154443671284,15:02:34.443,116.7300,2
54154443671921,15:02:34.443,116.7300,1
54154443674345,15:02:34.443,116.7300,4
54308779694066,15:05:08.779,116.6800,3
54308779694586,15:05:08.779,116.6800,1
54308779697207,15:05:08.779,116.6800,1
54308779700048,15:05:08.779,116.6800,3
54308779700735,15:05:08.779,116.6800,3
54308779701248,15:05:08.779,116.6800,1
54308779705222,15:05:08.779,116.6800,2
54308779706602,15:05:08.779,116.6800,1
54308779709804,15:05:08.779,116.6800,1
54308779711108,15:05:08.779,116.6800,5
54308779712507,15:05:08.779,116.6800,2
54308779713047,15:05:08.779,116.6800,1
54308779719786,15:05:08.779,116.6800,4
54308779721221,15:05:08.779,116.6800,1
54308779723828,15:05:08.779,116.6800,1
54308779725049,15:05:08.779,116.6800,2
54359185074108,15:05:59.185,116.6150,1
54359185074108,15:05:59.185,116.6150,3
54359185074108,15:05:59.185,116.6150,1
54359185074108,15:05:59.185,116.5500,3
54359185074108,15:05:59.185,116.5500,92
54379048690645,15:06:19.048,116.5400,10
54379048690645,15:06:19.048,116.5300,90
54379918240108,15:06:19.918,116.6100,100
54379918240108,15:06:19.918,116.6200,50
54379918240108,15:06:19.918,116.6400,50
54379918956812,15:06:19.918,116.6400,7
54393027784947,15:06:33.027,116.5200,32
54393027784947,15:06:33.027,116.5200,4
54393027784947,15:06:33.027,116.5200,1
54393027784947,15:06:33.027,116.5200,5
54393027784947,15:06:33.027,116.5200,58
54393028372362,15:06:33.028,116.5200,42
54393028372362,15:06:33.028,116.5100,100
54393028372362,15:06:33.028,116.5100,36
54393028399626,15:06:33.028,116.5100,33
54393028399626,15:06:33.028,116.5100,9
54393028401230,15:06:33.028,116.5100,100
54448713186166,15:07:28.713,116.5600,50
54448713186166,15:07:28.713,116.5700,36
54448713242168,15:07:28.713,116.5700,55
54448713290915,15:07:28.713,116.5700,7
54448731937263,15:07:28.731,116.5700,2
54448731937263,15:07:28.731,116.5700,6
54448731937263,15:07:28.731,116.5700,100
54448731937263,15:07:28.731,116.5700,8
54448731937263,15:07:28.731,116.5700,2
54448731937263,15:07:28.731,116.5700,82
54448732032569,15:07:28.732,116.5700,7
54448732062251,15:07:28.732,116.5700,93
54448732062251,15:07:28.732,116.5700,7
54489352101800,15:08:09.352,116.5700,100
54489352101800,15:08:09.352,116.5700,1
54489352101800,15:08:09.352,116.5700,99
54489352133846,15:08:09.352,116.5700,1
54489352146996,15:08:09.352,116.5700,1
54489353592083,15:08:09.353,116.5700,77
54529923318852,15:08:49.923,116.5700,23
54529923318852,15:08:49.923,116.5700,77
54532855394706,15:08:52.855,116.5700,1
54532855394706,15:08:52.855,116.5700,8
54550459249156,15:09:10.459,116.5300,9
54550459249156,15:09:10.459,116.5300,91
54550460043342,15:09:10.460,116.5300,9
54550460043342,15:09:10.460,116.5300,91
54552955343769,15:09:12.955,116.5300,100
54567152783335,15:09:27.152,116.5200,8
54635858800461,15:10:35.858,116.4700,5
54652432049922,15:10:52.432,116.4600,10
54652432078713,15:10:52.432,116.4500,1
54656963493146,15:10:56.963,116.4400,1
54656963493146,15:10:56.963,116.4300,32
54656963537019,15:10:56.963,116.4300,10
54656963745880,15:10:56.963,116.4100,1
54656963758764,15:10:56.963,116.4000,4
54731868160808,15:12:11.868,116.3000,50
54731868160808,15:12:11.868,116.3000,50
54738282791668,15:12:18.282,116.3000,100
54738282870531,15:12:18.282,116.2900,10
54738282870531,15:12:18.282,116.2900,100
54738282870531,15:12:18.282,116.2900,3
54738282870531,15:12:18.282,116.2900,2
54738283250942,15:12:18.283,116.2800,32
54738284036415,15:12:18.284,116.2800,20
54749957765126,15:12:29.957,116.2000,28
54756275216715,15:12:36.275,116.2700,5
54757531519481,15:12:37.531,116.2700,7
54765664192790,15:12:45.664,116.2700,88
54789008509595,15:13:09.008,116.2700,2
54789008509595,15:13:09.008,116.2700,1
54811561854783,15:13:31.561,116.3500,1
54811561855461,15:13:31.561,116.3500,1
54812128374799,15:13:32.128,116.3600,1
54812128379104,15:13:32.128,116.3600,1
54812128379693,15:13:32.128,116.3600,1
54812128381119,15:13:32.128,116.3600,2
54812128387893,15:13:32.128,116.3600,1
54812128387893,15:13:32.128,116.3600,1
54812128389495,15:13:32.128,116.3600,1
54812128389923,15:13:32.128,116.3600,1
54812128391619,15:13:32.128,116.3600,1
54812128392311,15:13:32.128,116.3600,1
54812129242408,15:13:32.129,116.3600,3
54812129242408,15:13:32.129,116.3600,8
54812327544572,15:13:32.327,116.3600,92
54812327544572,15:13:32.327,116.3600,8
54812327571255,15:13:32.327,116.3600,92
54812327571255,15:13:32.327,116.3600,4
54812327574908,15:13:32.327,116.3600,96
54812327574908,15:13:32.327,116.3600,50
54812327618515,15:13:32.327,116.3600,50
54812379937304,15:13:32.379,116.3600,1
54812432858025,15:13:32.432,116.3800,3
54859609552904,15:14:19.609,116.5300,12
54931563852263,15:15:31.563,116.5300,1
54931563852823,15:15:31.563,116.5300,2
54931563854843,15:15:31.563,116.5300,2
54931563857738,15:15:31.563,116.5300,1
54931563858251,15:15:31.563,116.5300,1
54931563859726,15:15:31.563,116.5300,1
54931563864325,15:15:31.563,116.5300,1
54949351964995,15:15:49.351,116.5300,1
54949351970277,15:15:49.351,116.5300,1
54949351974498,15:15:49.351,116.5300,1
54949351975015,15:15:49.351,116.5300,1
54949351977985,15:15:49.351,116.5300,1
54949351980619,15:15:49.351,116.5300,1
54969000665574,15:16:09.000,116.5300,12
55046658560918,15:17:26.658,116.3600,100
55046663022681,15:17:26.663,116.3500,3
55046663022681,15:17:26.663,116.3500,100
55200807454459,15:20:00.807,116.2700,100
55200807873716,15:20:00.807,116.2600,1
55200808207894,15:20:00.808,116.2600,99
55200808207894,15:20:00.808,116.2500,1
55200808481430,15:20:00.808,116.2300,5
55200808533120,15:20:00.808,116.2200,32
55200808793545,15:20:00.808,116.2100,10
55200809104541,15:20:00.809,116.2000,1
55200809517640,15:20:00.809,116.1900,7
55200809517640,15:20:00.809,116.1900,3
55237583226153,15:20:37.583,116.3100,50
55237583226153,15:20:37.583,116.3200,72
55237829401132,15:20:37.829,116.3200,10
55237829401132,15:20:37.829,116.3300,100
55237829401132,15:20:37.829,116.3300,8
55237829401132,15:20:37.829,116.3300,14
55255604879964,15:20:55.604,116.2900,100
55255604879964,15:20:55.604,116.2600,50
55255604879964,15:20:55.604,116.2400,100
55255604879964,15:20:55.604,116.2400,61
55288745507842,15:21:28.745,116.4100,11
55324946730367,15:22:04.946,116.2400,100
55324946842165,15:22:04.946,116.2300,100
55324946842165,15:22:04.946,116.2300,7
55331773944205,15:22:11.773,116.1700,10
55331775055310,15:22:11.775,116.1600,2
55331775055310,15:22:11.775,116.1600,18
55331775614405,15:22:11.775,116.1500,20
55331775614405,15:22:11.775,116.1500,32
55331775650221,15:22:11.775,116.1400,18
55331780457712,15:22:11.780,116.1100,100
55500695785416,15:25:00.695,116.0700,12
55514102431444,15:25:14.102,116.0700,88
55514102431444,15:25:14.102,116.0700,200
55514102431444,15:25:14.102,116.0700,100
55514102431444,15:25:14.102,116.0700,4
55514102431444,15:25:14.102,116.0700,8
55514102431444,15:25:14.102,116.0700,100
55514102467829,15:25:14.102,116.0700,100
55551494113012,15:25:51.494,116.0600,20
55551494139741,15:25:51.494,116.0800,200
55551494139741,15:25:51.494,116.0800,100
55551494139741,15:25:51.494,116.0800,3
55551494790122,15:25:51.494,116.0900,100
55551495134243,15:25:51.495,116.0900,1
55552497171676,15:25:52.497,116.0500,20
55552497171676,15:25:52.497,116.0500,16
55552497561775,15:25:52.497,116.0400,10
55552497561775,15:25:52.497,116.0400,30
55552497565440,15:25:52.497,116.0400,47
55552497621672,15:25:52.497,116.0400,23
55552497653827,15:25:52.497,116.0400,20
55552497706008,15:25:52.497,116.0400,20
55552497882448,15:25:52.497,116.0400,16
55552498422606,15:25:52.498,116.0200,20
55552498486276,15:25:52.498,116.0000,20
55552498518686,15:25:52.498,115.9900,20
55552498551473,15:25:52.498,115.9800,32
55552498583849,15:25:52.498,115.9700,22
55570856299444,15:26:10.856,116.0100,1
55609524016015,15:26:49.524,116.0200,1
55677358540452,15:27:57.358,116.0600,97
55677358571882,15:27:57.358,116.0600,3
55677358571882,15:27:57.358,116.0600,1
55677358571882,15:27:57.358,116.0600,100
55677358571882,15:27:57.358,116.0600,37
55677358581934,15:27:57.358,116.0600,63
55677358581934,15:27:57.358,116.0600,1
55677358581934,15:27:57.358,116.0600,8
55677358581934,15:27:57.358,116.0600,1
55677358581934,15:27:57.358,116.0600,1
55677358581934,15:27:57.358,116.0600,1
55677358581934,15:27:57.358,116.0600,1
55677358581934,15:27:57.358,116.0600,1
55677359010120,15:27:57.359,116.0900,99
55677359010120,15:27:57.359,116.0900,1
55677359014766,15:27:57.359,116.0900,1
55677359016076,15:27:57.359,116.0900,1
55677359019931,15:27:57.359,116.0900,1
55677359022511,15:27:57.359,116.0900,1
55677359023730,15:27:57.359,116.0900,2
55677359025088,15:27:57.359,116.0900,1
55677359029395,15:27:57.359,116.0900,1
55677359031110,15:27:57.359,116.0900,1
55677359035506,15:27:57.359,116.0900,1
55677359037549,15:27:57.359,116.0900,1
55677359040168,15:27:57.359,116.0900,1
55677359043010,15:27:57.359,116.0900,1
55677359044662,15:27:57.359,116.0900,1
55677359047665,15:27:57.359,116.0900,1
55677359048851,15:27:57.359,116.0900,1
55678005570868,15:27:58.005,116.0900,1
55707444812307,15:28:27.444,116.1700,2
55707445257186,15:28:27.445,116.1300,100
55732557574852,15:28:52.557,116.1100,6
55756871740541,15:29:16.871,116.1200,100
55756871740541,15:29:16.871,116.1200,10
55756871771269,15:29:16.871,116.1200,10
55756871821278,15:29:16.871,116.1200,10
55756871831853,15:29:16.871,116.1200,10
55756871838516,15:29:16.871,116.1200,10
55756871849806,15:29:16.871,116.1200,10
55756871852839,15:29:16.871,116.1200,10
55756871926715,15:29:16.871,116.1200,10
55756871929167,15:29:16.871,116.1200,10
55756872134644,15:29:16.872,116.1200,10
55756872188516,15:29:16.872,116.1200,10
55756872221866,15:29:16.872,116.1200,10
55756872256334,15:29:16.872,116.1200,10
55756872361877,15:29:16.872,116.1100,10
55790921667920,15:29:50.921,116.1500,1
55803916834012,15:30:03.916,115.9600,50
55803916834012,15:30:03.916,115.9500,6
55803916860406,15:30:03.916,115.9500,26
55803916860406,15:30:03.916,115.9500,24
55842912880616,15:30:42.912,116.0000,21
55868446987292,15:31:08.446,116.0200,97
55870921564383,15:31:10.921,116.0200,4
55870921564383,15:31:10.921,116.0200,8
55872627683251,15:31:12.627,116.1000,6
55921317461221,15:32:01.317,116.1000,1
55935204736483,15:32:15.204,116.0400,100
55935204761836,15:32:15.204,116.0400,23
55935204767802,15:32:15.204,116.0400,23
55935204779666,15:32:15.204,116.0400,23
55935204802903,15:32:15.204,116.0400,23
55935204814313,15:32:15.204,116.0400,23
55935205203736,15:32:15.205,116.0400,8
55935205203736,15:32:15.205,116.0200,92
55935205239675,15:32:15.205,116.0200,8
55963802800580,15:32:43.802,116.1000,2
55963807647717,15:32:43.807,116.1000,48
55963807647717,15:32:43.807,116.1100,2
55964636434618,15:32:44.636,116.1200,5
55976637603775,15:32:56.637,116.1200,6
56000547020517,15:33:20.547,116.0200,4
56000547046320,15:33:20.547,116.0200,16
56051989555658,15:34:11.989,116.0200,5
56085182330615,15:34:45.182,115.9400,1
56085182330615,15:34:45.182,115.9400,25
56085182402462,15:34:45.182,115.9200,20
56085182457685,15:34:45.182,115.9200,20
56085182609519,15:34:45.182,115.9200,20
56085182792172,15:34:45.182,115.9200,20
56085183235184,15:34:45.183,115.9200,20
56085183624242,15:34:45.183,115.9200,20
56085184795948,15:34:45.184,115.9100,20
56085184885348,15:34:45.184,115.9000,20
56085184885348,15:34:45.184,115.9000,20
56085184912492,15:34:45.184,115.9000,12
56085185015598,15:34:45.185,115.8900,14
56085185015598,15:34:45.185,115.8900,16
56085185084519,15:34:45.185,115.8900,30
56085185279827,15:34:45.185,115.8900,54
56085536908287,15:34:45.536,115.9150,100
56085929138919,15:34:45.929,115.8700,100
56088491435471,15:34:48.491,115.8600,50
56088491435471,15:34:48.491,115.8700,161
56088491435471,15:34:48.491,115.8700,100
56088491435471,15:34:48.491,115.8700,100
56088491435471,15:34:48.491,115.8700,100
56088491435471,15:34:48.491,115.8700,3
56088491470976,15:34:48.491,115.8700,97
56088491470976,15:34:48.491,115.8700,8
56088491910945,15:34:48.491,115.8700,100
56088492062728,15:34:48.492,115.8700,6
56088492296667,15:34:48.492,115.8700,34
56088492332467,15:34:48.492,115.8700,60
56088492332467,15:34:48.492,115.8700,40
56088493303387,15:34:48.493,115.8700,60
56092276293853,15:34:52.276,115.8200,12
56095870988304,15:34:55.870,115.8400,100
56125506982843,15:35:25.506,115.8800,100
56125506982843,15:35:25.506,115.8800,100
56125507027286,15:35:25.507,115.8800,100
56125507046917,15:35:25.507,115.8800,100
56125507077973,15:35:25.507,115.8800,4
56125507587428,15:35:25.507,115.8800,100
56157245856459,15:35:57.245,115.9500,70
56168638097694,15:36:08.638,115.9000,100
56168638575479,15:36:08.638,115.8900,100
56168638614914,15:36:08.638,115.8900,26
56168638614914,15:36:08.638,115.8800,74
56168638787865,15:36:08.638,115.8800,26
56168649788836,15:36:08.649,115.8100,5
56191418469293,15:36:31.418,115.9100,5
56219683312026,15:36:59.683,115.9100,5
56258439528096,15:37:38.439,115.9100,50
56258439528096,15:37:38.439,115.9200,2
56258439528096,15:37:38.439,115.9200,48
56304588455434,15:38:24.588,115.9100,10
56338140794336,15:38:58.140,115.9200,10
56352262954989,15:39:12.262,115.8700,100
56352262954989,15:39:12.262,115.8500,50
56352262954989,15:39:12.262,115.8300,100
56352262954989,15:39:12.262,115.8200,3
56352262954989,15:39:12.262,115.8200,29
56352262954989,15:39:12.262,115.8200,100
56352264068968,15:39:12.264,115.8000,1
56352264068968,15:39:12.264,115.8000,4
56352264068968,15:39:12.264,115.8000,50
56352265135683,15:39:12.265,115.7800,5
56352265135683,15:39:12.265,115.7800,32
56359257387613,15:39:19.257,115.7600,1
56359257422569,15:39:19.257,115.7500,1
56360292304234,15:39:20.292,115.7200,7
56360292304234,15:39:20.292,115.7200,3
56360292304234,15:39:20.292,115.7200,10
56360302807061,15:39:20.302,115.7100,100
56373452017612,15:39:33.452,115.6900,2
56376040908261,15:39:36.040,115.6500,5
56376040908261,15:39:36.040,115.6500,95
56376041012737,15:39:36.041,115.6500,5
56383188418847,15:39:43.188,115.6600,9
56392712528979,15:39:52.712,115.6600,91
56392712528979,15:39:52.712,115.6600,100
56392712528979,15:39:52.712,115.6600,8
56392712528979,15:39:52.712,115.6600,1
56398352767480,15:39:58.352,115.6300,36
56427347642522,15:40:27.347,115.7000,22
56427347642522,15:40:27.347,115.7000,78
56427347667249,15:40:27.347,115.7000,22
56427347673173,15:40:27.347,115.7000,22
56427347683294,15:40:27.347,115.7000,22
56427347716172,15:40:27.347,115.7000,22
56427354238709,15:40:27.354,115.6400,5
56427383934164,15:40:27.383,115.6400,11
56470164461924,15:41:10.164,115.7800,6
56483503010862,15:41:23.503,115.6800,100
56484512088674,15:41:24.512,115.6500,100
56484512442898,15:41:24.512,115.6400,32
56569500292828,15:42:49.500,115.7400,100
56569500330028,15:42:49.500,115.7400,100
56569500336200,15:42:49.500,115.7400,8
56569500336200,15:42:49.500,115.7400,41
56569500345388,15:42:49.500,115.7400,50
56569500346631,15:42:49.500,115.7400,9
56573165738364,15:42:53.165,115.7900,10
56577197141645,15:42:57.197,115.7900,69
56611385376525,15:43:31.385,115.7900,5
56637609833390,15:43:57.609,115.7900,16
56637610315569,15:43:57.610,115.8200,8
56702311294236,15:45:02.311,115.9100,9
56702311505188,15:45:02.311,115.9100,9
56702312054574,15:45:02.312,115.9100,18
56757560128055,15:45:57.560,115.9200,9
56757560214345,15:45:57.560,115.9200,16
56757560295758,15:45:57.560,115.9200,32
56757560391530,15:45:57.560,115.9200,15
56757561245260,15:45:57.561,115.9200,18
56786118646880,15:46:26.118,115.9300,6
56796276310281,15:46:36.276,115.9400,23
56796818488703,15:46:36.818,115.9400,10
56837071711887,15:47:17.071,115.9400,6
56852635472117,15:47:32.635,115.8900,10
56853681638320,15:47:33.681,115.8600,100
56853681703243,15:47:33.681,115.8600,20
56853681703243,15:47:33.681,115.8500,80
56853681730697,15:47:33.681,115.8500,20
56918851255777,15:48:38.851,115.8400,1
56918851284545,15:48:38.851,115.8400,61
56920386489848,15:48:40.386,115.8600,5
56929308773551,15:48:49.308,115.8200,1
56929308799714,15:48:49.308,115.8200,4
56929308857218,15:48:49.308,115.8100,100
56959468771918,15:49:19.468,115.8600,10
57018296313915,15:50:18.296,115.7500,44
57088742977269,15:51:28.742,115.7700,100
57089241390201,15:51:29.241,115.8500,12
57095562192119,15:51:35.562,115.7900,100
57095562254059,15:51:35.562,115.7900,10
57096323029610,15:51:36.323,115.7900,15
57096323865072,15:51:36.323,115.7900,75
57096404013928,15:51:36.404,115.8100,15
57096416900754,15:51:36.416,115.8100,50
57096416900754,15:51:36.416,115.8100,50
57099444236867,15:51:39.444,115.8600,3
57099444236867,15:51:39.444,115.8600,3
57124259500855,15:52:04.259,115.8600,5
57125005875218,15:52:05.005,115.8200,8
57125005901169,15:52:05.005,115.8200,51
57125005901169,15:52:05.005,115.8200,128
57125006464071,15:52:05.006,115.8200,100
57125006500250,15:52:05.006,115.8200,50
57145727034492,15:52:25.727,115.7800,50
57154741393587,15:52:34.741,115.8200,5
57163426745491,15:52:43.426,115.7500,100
57163427088336,15:52:43.427,115.7700,50
57163427797832,15:52:43.427,115.7700,50
57163460365558,15:52:43.460,115.8000,15
57168926573929,15:52:48.926,115.8500,5
57190392679218,15:53:10.392,115.8600,5
57190394278163,15:53:10.394,115.8500,100
57199643435254,15:53:19.643,115.8500,5
57226833617029,15:53:46.833,115.8200,5
57230016443413,15:53:50.016,115.7800,5
57230016443413,15:53:50.016,115.7700,100
57230016443413,15:53:50.016,115.7700,195
57230016496398,15:53:50.016,115.7700,5
57230016922975,15:53:50.016,115.7600,100
57231060265099,15:53:51.060,115.7300,100
57232061593177,15:53:52.061,115.7300,14
57246144329787,15:54:06.144,115.7800,5
57255368954258,15:54:15.368,115.7800,2
57264551677758,15:54:24.551,115.8200,5
57270717662050,15:54:30.717,115.8200,9
57283445485176,15:54:43.445,115.7400,9
57284681541039,15:54:44.681,115.8000,5
57295193504130,15:54:55.193,115.8000,5
57297177621141,15:54:57.177,115.8200,12
57297178093939,15:54:57.178,115.7800,53
57297178495396,15:54:57.178,115.7800,8
57298178871383,15:54:58.178,115.7700,39
57299204717692,15:54:59.204,115.7800,15
57300253643819,15:55:00.253,115.8400,100
57360102501262,15:56:00.102,115.9600,100
57365184313654,15:56:05.184,115.9400,100
57365189067425,15:56:05.189,115.9400,100
57369771887864,15:56:09.771,115.9600,14
57383069592931,15:56:23.069,115.9800,3
57383076583642,15:56:23.076,115.9500,6
57383076583642,15:56:23.076,115.9400,5
57383076583642,15:56:23.076,115.9400,98
57383101407838,15:56:23.101,115.9300,52
57396946104567,15:56:36.946,115.9700,29
57402505299562,15:56:42.505,115.9400,5
57410738741261,15:56:50.738,115.9300,100
57410738786325,15:56:50.738,115.9300,10
57410738790781,15:56:50.738,115.9300,86
57410738801454,15:56:50.738,115.9300,4
57410739970379,15:56:50.739,115.9200,48
57410739970379,15:56:50.739,115.8800,7
57418515252331,15:56:58.515,115.9400,5
57431097929006,15:57:11.097,115.9200,18
57431099411018,15:57:11.099,115.9200,82
57431105011885,15:57:11.105,115.9300,15
57433576045730,15:57:13.576,115.9600,2
57436034527138,15:57:16.034,115.9100,50
57436034527138,15:57:16.034,115.9000,1
57436034527138,15:57:16.034,115.9000,2
57442880518922,15:57:22.880,115.8900,100
57442880518922,15:57:22.880,115.8900,100
57442880518922,15:57:22.880,115.8900,42
57442880558667,15:57:22.880,115.8800,56
57445003453019,15:57:25.003,115.8800,44
57445003453019,15:57:25.003,115.8800,180
57445003453019,15:57:25.003,115.8800,100
57446098076657,15:57:26.098,115.9000,100
57447471624120,15:57:27.471,115.8700,3
57448530937147,15:57:28.530,115.8600,8
57449471530112,15:57:29.471,115.8600,6
57451251199638,15:57:31.251,115.9100,2
57452780897388,15:57:32.780,115.8700,1
57452930718928,15:57:32.930,115.8700,2
57455514050997,15:57:35.514,115.8900,100
57456471598438,15:57:36.471,115.8700,6
57458128782704,15:57:38.128,115.9100,2
57462471709656,15:57:42.471,115.8700,6
57466005053725,15:57:46.005,115.9100,86
57466005094068,15:57:46.005,115.9100,14
57466471872150,15:57:46.471,115.8700,2
57466472266417,15:57:46.472,115.8600,1
57466472266417,15:57:46.472,115.8600,2
57466472318927,15:57:46.472,115.8600,98
57466472373212,15:57:46.472,115.8700,3
57466472437169,15:57:46.472,115.8700,49
57472133334460,15:57:52.133,115.8800,2
57473233199872,15:57:53.233,115.8300,30
57473233199872,15:57:53.233,115.8300,60
57473233199872,15:57:53.233,115.8200,6
57473233199872,15:57:53.233,115.8200,7
57473233199872,15:57:53.233,115.8200,97
57473233236327,15:57:53.233,115.8200,3
57478471922508,15:57:58.471,115.8000,12
57488475693226,15:58:08.475,115.8000,9
57491212642725,15:58:11.212,115.8400,3
57497072672523,15:58:17.072,115.8000,91
57497072672523,15:58:17.072,115.7900,5
57497072672523,15:58:17.072,115.7900,104
57497475535656,15:58:17.475,115.7900,6
57497475560335,15:58:17.475,115.7900,39
57497475560335,15:58:17.475,115.7900,4
57497920127872,15:58:17.920,115.8100,50
57497920362910,15:58:17.920,115.8200,40
57497920389676,15:58:17.920,115.8200,10
57497921448421,15:58:17.921,115.8200,100
57498103208496,15:58:18.103,115.7900,100
57498106451866,15:58:18.106,115.8000,14
57500204256752,15:58:20.204,115.8200,5
57505475660624,15:58:25.475,115.7800,9
57506182119876,15:58:26.182,115.8200,2
57511417272610,15:58:31.417,115.8300,2
57513475704679,15:58:33.475,115.7800,6
57516006800967,15:58:36.006,115.7700,50
57516006800967,15:58:36.006,115.7600,10
57516006800967,15:58:36.006,115.7600,1
57516006800967,15:58:36.006,115.7600,10
57516006800967,15:58:36.006,115.7500,20
57516006800967,15:58:36.006,115.7500,1
57516006800967,15:58:36.006,115.7500,100
57516006800967,15:58:36.006,115.7400,8
57516013349731,15:58:36.013,115.7500,2
57516013349731,15:58:36.013,115.7400,92
57516013349731,15:58:36.013,115.7400,100
57517475619855,15:58:37.475,115.7300,1
57517475619855,15:58:37.475,115.7200,5
57517494960018,15:58:37.494,115.7500,30
57517494960018,15:58:37.494,115.7600,100
57517494960018,15:58:37.494,115.7700,27
57517495215626,15:58:37.495,115.7700,39
57517495218489,15:58:37.495,115.7700,91
57525525302793,15:58:45.525,115.8100,4
57531575204368,15:58:51.575,115.8200,3
57537475329120,15:58:57.475,115.7800,9
57540160575466,15:59:00.160,115.8300,100
57540188664389,15:59:00.188,115.8300,100
57540239531367,15:59:00.239,115.8300,100
57540239531367,15:59:00.239,115.8300,103
57540239537237,15:59:00.239,115.8300,106
57541006280438,15:59:01.006,115.8800,3
57543311353876,15:59:03.311,115.8800,38
57544360664222,15:59:04.360,115.9000,47
57549928088370,15:59:09.928,115.9200,3
57550392063154,15:59:10.392,115.9200,47
57550392094757,15:59:10.392,115.9200,53
57550392110613,15:59:10.392,115.9200,14
57550392142332,15:59:10.392,115.9200,6
57551673948430,15:59:11.673,115.9300,7
57551673948430,15:59:11.673,115.9300,6
57555078804533,15:59:15.078,115.9500,2
57558552819653,15:59:18.552,115.9200,100
57558552819653,15:59:18.552,115.9150,100
57558552860616,15:59:18.552,115.8900,100
57558552860616,15:59:18.552,115.8700,100
57558552860616,15:59:18.552,115.8700,2
57558552860616,15:59:18.552,115.8700,100
57558552860616,15:59:18.552,115.8700,98
57558552896149,15:59:18.552,115.8700,2
57558552936279,15:59:18.552,115.9100,42
57558552952502,15:59:18.552,115.8700,100
57558553713268,15:59:18.553,115.8850,100
57560035801492,15:59:20.035,115.8850,6
57560585515866,15:59:20.585,115.8500,5
57560585515866,15:59:20.585,115.8400,16
57560585542158,15:59:20.585,115.8400,84
57560585542158,15:59:20.585,115.8400,100
57561983020200,15:59:21.983,115.8800,2
57564013094875,15:59:24.013,115.8300,61
57564013094875,15:59:24.013,115.8300,46
57564013094875,15:59:24.013,115.8300,100
57564013094875,15:59:24.013,115.8300,1
57564013094875,15:59:24.013,115.8300,92
57565196815712,15:59:25.196,115.8000,40
57565196841626,15:59:25.196,115.8000,60
57570033420697,15:59:30.033,115.8600,3
57571871562292,15:59:31.871,115.7900,8
57571959944564,15:59:31.959,115.7900,16
57576475639919,15:59:36.475,115.8000,5
57580475695374,15:59:40.475,115.7800,5
57582017705772,15:59:42.017,115.7800,76
57582017705772,15:59:42.017,115.7600,100
57582017705772,15:59:42.017,115.7600,100
57582017705772,15:59:42.017,115.7600,24
57582018059378,15:59:42.018,115.7600,100
57585475631260,15:59:45.475,115.7800,6
57585708161302,15:59:45.708,115.8700,3
57587107977126,15:59:47.107,115.8900,100
57587109185975,15:59:47.109,115.9000,5
57587159544921,15:59:47.159,115.9100,5
57587160940440,15:59:47.160,115.9300,5
57588032168850,15:59:48.032,115.9600,100
57588035383170,15:59:48.035,115.9600,71
57588035764004,15:59:48.035,116.0000,10
57590043381942,15:59:50.043,116.0000,90
57591200768036,15:59:51.200,116.0400,4
57592089092774,15:59:52.089,116.0300,1
57592203466819,15:59:52.203,116.0400,400
57594005076285,15:59:54.005,116.0400,64
57594048830622,15:59:54.048,116.0400,132
57594048830622,15:59:54.048,116.0400,69
57594050904559,15:59:54.050,116.0400,31
57594050904559,15:59:54.050,116.0400,100
57594050904559,15:59:54.050,116.0400,5
57594050904559,15:59:54.050,116.0400,64
57594078993922,15:59:54.078,116.0900,100
57594137657167,15:59:54.137,116.1000,100
57594715261588,15:59:54.715,116.1000,1
57595865001787,15:59:55.865,116.1000,400
57597056566058,15:59:57.056,116.1000,299
57597056566058,15:59:57.056,116.1000,100
57597056566058,15:59:57.056,116.1000,100
57597056566058,15:59:57.056,116.1000,1
57597056600516,15:59:57.056,116.1000,58
57597740250371,15:59:57.740,116.0200,56
57597825833711,15:59:57.825,116.1400,25
57597843625811,15:59:57.843,116.0400,18
57597853896372,15:59:57.853,116.1300,18
57597853896372,15:59:57.853,116.1400,33
57598002067187,15:59:58.002,116.1400,12
57598016232300,15:59:58.016,116.1400,100
57598042518344,15:59:58.042,116.1400,100
57598112556853,15:59:58.112,116.1400,98
57598702372285,15:59:58.702,116.0200,5
57599307194438,15:59:59.307,116.1300,39
57599603289147,15:59:59.603,116.1200,80
57599603389451,15:59:59.603,116.1200,100
57599603399995,15:59:59.603,116.1200,20
57599976642106,15:59:59.976,116.0700,100
57600777356278,16:00:00.777,116.1200,19768
57600781658309,16:00:00.781,116.0700,100
