timestamp,time,price,volume
34200435972500,09:30:00.435,0.0000,0
34203429572486,09:30:03.429,134.0000,34
34203429572486,09:30:03.429,134.0000,37
34203429572486,09:30:03.429,134.0000,100
34203429679848,09:30:03.429,134.0000,100
34203430051105,09:30:03.430,134.0000,100
34223928425555,09:30:23.928,133.7000,100
34325257580958,09:32:05.257,133.9500,100
34366003146076,09:32:46.003,134.1300,100
34366003183453,09:32:46.003,134.1500,34
34405381647488,09:33:25.381,134.4050,100
34405381647488,09:33:25.381,134.3100,93
34405382157248,09:33:25.382,134.3100,100
34405382157248,09:33:25.382,134.3100,100
34405382199976,09:33:25.382,134.2900,62
34405382207375,09:33:25.382,134.2900,38
34405382216186,09:33:25.382,134.2900,100
34405382492991,09:33:25.382,134.2900,100
34405382496874,09:33:25.382,134.2900,100
34467012220520,09:34:27.012,134.1000,1
34476664643294,09:34:36.664,134.3000,100
34527447565449,09:35:27.447,134.6750,100
34527797068866,09:35:27.797,134.7600,100
34537671861581,09:35:37.671,134.6600,100
34537671861581,09:35:37.671,134.4900,20
34537671861581,09:35:37.671,134.4600,80
34537671908931,09:35:37.671,134.4600,84
34537671938800,09:35:37.671,134.4600,36
34537672029663,09:35:37.672,134.4700,100
34537672031478,09:35:37.672,134.4600,200
34537672288657,09:35:37.672,134.4600,100
34627269236765,09:37:07.269,134.6900,100
34627269310640,09:37:07.269,134.6900,88
34630494962524,09:37:10.494,134.8500,100
34630495029380,09:37:10.495,134.9000,5
34643708039314,09:37:23.708,134.9900,100
34643709073491,09:37:23.709,135.0000,18
34644090592946,09:37:24.090,135.2700,100
34653090970632,09:37:33.090,135.2800,100
34653091051312,09:37:33.091,135.2800,74
34653091080940,09:37:33.091,135.2800,26
34653093540554,09:37:33.093,135.2800,70
34653093545691,09:37:33.093,135.2800,30
34653093618463,09:37:33.093,135.3000,100
34664608821272,09:37:44.608,135.0000,52
34664608853338,09:37:44.608,135.0000,148
34664608853338,09:37:44.608,135.0000,52
34664608893282,09:37:44.608,135.0000,200
34664608909912,09:37:44.608,135.0000,48
34664608909912,09:37:44.608,134.9500,52
34664608972116,09:37:44.608,134.9500,48
34709198561649,09:38:29.198,135.1100,100
34709198638075,09:38:29.198,135.1000,100
34709198810424,09:38:29.198,135.1000,100
34710705120698,09:38:30.705,135.1000,100
34710705265127,09:38:30.705,135.1000,100
34710705537143,09:38:30.705,135.0800,9
34718544566510,09:38:38.544,134.8800,100
34726144011889,09:38:46.144,134.8700,100
34726144011889,09:38:46.144,134.8400,100
34726144011889,09:38:46.144,134.8100,100
34733144241154,09:38:53.144,134.8200,100
34733144241154,09:38:53.144,134.8100,113
34733147258161,09:38:53.147,134.8700,100
34733147258161,09:38:53.147,134.8700,100
34744727706409,09:39:04.727,135.0700,100
34744728350760,09:39:04.728,135.1700,100
34761045957119,09:39:21.045,135.0000,1
34761045957119,09:39:21.045,135.0000,13
34793990773747,09:39:53.990,135.1900,100
34793990830021,09:39:53.990,135.2000,100
34793991082985,09:39:53.991,135.1900,100
34800348101309,09:40:00.348,135.1000,6
34806548292226,09:40:06.548,135.1000,200
34806548431694,09:40:06.548,135.1000,200
34820823131064,09:40:20.823,135.2000,4
34833749652825,09:40:33.749,135.0700,25
35034512277164,09:43:54.512,134.7100,10
35034512277164,09:43:54.512,134.7700,100
35034512384192,09:43:54.512,134.7700,100
35034512722738,09:43:54.512,134.7800,100
35034513116487,09:43:54.513,134.7800,30
35034514147360,09:43:54.514,134.7800,100
35034516442509,09:43:54.516,134.7800,20
35034586400346,09:43:54.586,134.6500,20
35100372054901,09:45:00.372,134.6400,100
35100372054901,09:45:00.372,134.6400,100
35107071576261,09:45:07.071,134.7700,100
35107071576261,09:45:07.071,134.7300,50
35113972707400,09:45:13.972,134.7600,100
35113972844119,09:45:13.972,134.7600,100
35131972656604,09:45:31.972,134.6400,50
35131972656604,09:45:31.972,134.6300,50
35131972705761,09:45:31.972,134.6300,38
35131972928011,09:45:31.972,134.6300,12
35131972980259,09:45:31.972,134.6300,12
35131972980259,09:45:31.972,134.6400,88
35131973051194,09:45:31.973,134.6400,12
35202216968031,09:46:42.216,134.6300,39
35202217023185,09:46:42.217,134.6750,100
35202217051716,09:46:42.217,134.6300,49
35202217092739,09:46:42.217,134.6200,12
35286876072053,09:48:06.876,134.6700,200
35362958205099,09:49:22.958,134.3000,100
35423602268196,09:50:23.602,134.4700,92
35438886624796,09:50:38.886,134.4700,8
35484098923500,09:51:24.098,134.3800,80
35484428741127,09:51:24.428,134.5100,100
35488316030319,09:51:28.316,134.4350,100
35488316358606,09:51:28.316,134.3600,64
35488316376442,09:51:28.316,134.3600,36
35488316376442,09:51:28.316,134.3600,164
35488316380620,09:51:28.316,134.3600,36
35488316411222,09:51:28.316,134.3600,100
35488316413781,09:51:28.316,134.3500,100
35488316651194,09:51:28.316,134.3600,15
35488317225437,09:51:28.317,134.3500,100
35497429133143,09:51:37.429,134.4600,100
35498644849821,09:51:38.644,134.4500,100
35498662611049,09:51:38.662,134.4900,17
35518121701618,09:51:58.121,134.6300,100
35641059173275,09:54:01.059,134.5700,100
35641059173275,09:54:01.059,134.5700,100
35662337670183,09:54:22.337,134.6800,100
35681031267094,09:54:41.031,134.6200,100
35697740811995,09:54:57.740,134.6700,100
35697741106083,09:54:57.741,134.7500,100
35697741142250,09:54:57.741,134.7900,100
35697839032115,09:54:57.839,134.7200,100
35732544894610,09:55:32.544,134.8200,10
35734511020888,09:55:34.511,134.8700,100
35734511079352,09:55:34.511,134.8700,10
35734511191309,09:55:34.511,134.8700,53
35747929870009,09:55:47.929,134.6300,100
35747930405673,09:55:47.930,134.6300,100
35747933762010,09:55:47.933,134.6200,100
35751390331297,09:55:51.390,134.6000,1
35753445141523,09:55:53.445,134.6000,13
35774725054876,09:56:14.725,134.5000,100
35774728651356,09:56:14.728,134.5000,100
35775832425596,09:56:15.832,134.2450,106
35790061601092,09:56:30.061,134.3800,100
35790061611821,09:56:30.061,134.4600,100
35793410669738,09:56:33.410,134.3900,100
35794840995159,09:56:34.840,134.4300,100
35794840998310,09:56:34.840,134.4400,100
35801616719979,09:56:41.616,134.4700,400
35801616816979,09:56:41.616,134.4700,100
35801616945108,09:56:41.616,134.4500,100
35801616996567,09:56:41.616,134.4100,100
35801617062659,09:56:41.617,134.4000,400
35801617138979,09:56:41.617,134.4000,100
35801621222609,09:56:41.621,134.5350,400
35802943878237,09:56:42.943,134.5200,100
35813439941195,09:56:53.439,134.4000,272
35813439969535,09:56:53.439,134.4000,28
35813439969535,09:56:53.439,134.4000,272
35813440047790,09:56:53.440,134.4000,28
35813440357016,09:56:53.440,134.4000,372
35813440357016,09:56:53.440,134.4000,100
35813445170569,09:56:53.445,134.4000,400
35846568166470,09:57:26.568,134.6900,5
35846568213249,09:57:26.568,134.6900,95
35911945434241,09:58:31.945,134.6100,100
35947399446185,09:59:07.399,134.7400,100
35986910916703,09:59:46.910,134.7400,100
36012437365191,10:00:12.437,134.5950,200
36012437365191,10:00:12.437,134.4500,150
36012437365191,10:00:12.437,134.4300,129
36052193206830,10:00:52.193,134.2200,100
36054796999724,10:00:54.796,134.2200,100
36054798156618,10:00:54.798,134.2200,100
36054799319195,10:00:54.799,134.2200,100
36067774096982,10:01:07.774,134.3600,90
36067774106208,10:01:07.774,134.3600,10
36067774118599,10:01:07.774,134.3900,200
36067774224952,10:01:07.774,134.3500,71
36068032066997,10:01:08.032,134.5000,100
36070347330809,10:01:10.347,134.4100,76
36096276609942,10:01:36.276,134.5000,1
36149414823408,10:02:29.414,134.6500,15
36149414823408,10:02:29.414,134.6700,85
36149414897322,10:02:29.414,134.6700,15
36149414897322,10:02:29.414,134.6700,11
36149415035976,10:02:29.415,134.6700,29
36149416595532,10:02:29.416,134.7300,100
36149417214707,10:02:29.417,134.7400,3
36149417224156,10:02:29.417,134.7400,3
36149417235344,10:02:29.417,134.7400,4
36149417235344,10:02:29.417,134.7400,3
36149417240403,10:02:29.417,134.7300,23
36149417241851,10:02:29.417,134.7400,4
36149417242376,10:02:29.417,134.7400,7
36149417263825,10:02:29.417,134.7400,48
36149417269745,10:02:29.417,134.7400,38
36149417502119,10:02:29.417,134.7400,62
36149417502119,10:02:29.417,134.7400,100
36149417510342,10:02:29.417,134.7400,1
36149417510342,10:02:29.417,134.7400,29
36149417835735,10:02:29.417,134.7500,10
36149418445034,10:02:29.418,134.7600,10
36149419032185,10:02:29.419,134.7700,10
36149419620358,10:02:29.419,134.7800,10
36149419646794,10:02:29.419,134.7800,23
36149419649661,10:02:29.419,134.7800,48
36149419653169,10:02:29.419,134.7800,29
36149420107664,10:02:29.420,134.7800,9
36149420107664,10:02:29.420,134.7800,11
36149420215957,10:02:29.420,134.7900,10
36149420291803,10:02:29.420,134.7900,79
36189673590955,10:03:09.673,134.5100,49
36189673619915,10:03:09.673,134.5100,51
36189673632529,10:03:09.673,134.6400,100
36189673674625,10:03:09.673,134.6400,33
36189673840987,10:03:09.673,134.4900,100
36203633667490,10:03:23.633,134.5400,100
36203639576641,10:03:23.639,134.5000,15
36203639614010,10:03:23.639,134.5000,85
36203639614010,10:03:23.639,134.4900,70
36203639630349,10:03:23.639,134.4900,30
36203639630349,10:03:23.639,134.4900,15
36203639856642,10:03:23.639,134.4900,45
36203639892025,10:03:23.639,134.4900,55
36203639892025,10:03:23.639,134.4900,41
36265981147702,10:04:25.981,134.5500,100
36297484997707,10:04:57.484,134.3800,23
36297485036864,10:04:57.485,134.3800,61
36297485075764,10:04:57.485,134.3800,16
36297485103776,10:04:57.485,134.4700,100
36297528700988,10:04:57.528,134.3800,200
36297642064547,10:04:57.642,134.4500,31
36297648184000,10:04:57.648,134.4700,3
36306603192388,10:05:06.603,134.3700,100
36306603223794,10:05:06.603,134.3700,86
36306603252008,10:05:06.603,134.3700,14
36348267565868,10:05:48.267,134.3600,69
36348267565868,10:05:48.267,134.3800,31
36348267701179,10:05:48.267,134.3800,128
36348267712494,10:05:48.267,134.3800,100
36348267733864,10:05:48.267,134.3800,41
36348267733864,10:05:48.267,134.3900,28
36348267733864,10:05:48.267,134.3900,59
36348267734749,10:05:48.267,134.3900,41
36348267898532,10:05:48.267,134.4600,11
36381621629999,10:06:21.621,134.4600,150
36381621629999,10:06:21.621,134.4600,61
36381890344347,10:06:21.890,134.4300,100
36381893812031,10:06:21.893,134.4600,100
36381894539961,10:06:21.894,134.4700,100
36381894593691,10:06:21.894,134.4700,100
36381894606101,10:06:21.894,134.4700,11
36381894784633,10:06:21.894,134.5200,100
36391565900998,10:06:31.565,134.5500,100
36396013003237,10:06:36.013,134.4950,100
36397592016679,10:06:37.592,134.4950,100
36403719873131,10:06:43.719,134.4900,100
36403719873131,10:06:43.719,134.5000,100
36403719873131,10:06:43.719,134.5500,100
36418410713785,10:06:58.410,134.5500,100
36432925003832,10:07:12.925,134.5200,100
36440533724771,10:07:20.533,134.5200,100
36440533724771,10:07:20.533,134.4900,100
36440533776671,10:07:20.533,134.4900,100
36440712103318,10:07:20.712,134.5400,100
36440712157944,10:07:20.712,134.5500,100
36440712239562,10:07:20.712,134.5400,100
36446359006272,10:07:26.359,134.5500,100
36452755955226,10:07:32.755,134.5500,136
36452755971823,10:07:32.755,134.5500,164
36452791052793,10:07:32.791,134.5900,5
36452791722978,10:07:32.791,134.6000,100
36452791749394,10:07:32.791,134.6000,100
36452791838716,10:07:32.791,134.6000,100
36452792025384,10:07:32.792,134.6100,35
36452792181548,10:07:32.792,134.6100,50
36452792221700,10:07:32.792,134.6100,15
36452792221700,10:07:32.792,134.6200,35
36452792246694,10:07:32.792,134.6200,65
36458702003313,10:07:38.702,134.5450,100
36463877655306,10:07:43.877,134.5550,100
36463877660766,10:07:43.877,134.5550,100
36472502279407,10:07:52.502,134.5500,100
36472502279407,10:07:52.502,134.5500,100
36472502336647,10:07:52.502,134.5500,200
36472502536393,10:07:52.502,134.5200,100
36472502536393,10:07:52.502,134.5200,100
36472502616241,10:07:52.502,134.5200,100
36472502834039,10:07:52.502,134.5200,100
36472502925026,10:07:52.502,134.5200,100
36472503895270,10:07:52.503,134.5200,100
36472504306284,10:07:52.504,134.5200,1
36472504686182,10:07:52.504,134.5200,1
36472507132854,10:07:52.507,134.5200,11
36472557266292,10:07:52.557,134.5200,87
36472557266292,10:07:52.557,134.5200,13
36472561050583,10:07:52.561,134.5200,87
36472561050583,10:07:52.561,134.5200,13
36472561428256,10:07:52.561,134.5200,87
36472580559113,10:07:52.580,134.5200,24
36472580584743,10:07:52.580,134.5200,76
36472613205611,10:07:52.613,134.5200,100
36472614673047,10:07:52.614,134.5200,100
36472614673047,10:07:52.614,134.5200,100
36472617328857,10:07:52.617,134.5200,100
36522825193769,10:08:42.825,134.3100,100
36524027211294,10:08:44.027,134.3500,1
36524027241183,10:08:44.027,134.3700,100
36524027241183,10:08:44.027,134.3700,11
36524027241183,10:08:44.027,134.3700,100
36529683016905,10:08:49.683,134.3850,100
36530183005810,10:08:50.183,134.3850,100
36531570407391,10:08:51.570,134.4400,100
36565571599412,10:09:25.571,134.3900,100
36584711031317,10:09:44.711,134.5600,100
36591711839969,10:09:51.711,134.5600,200
36591711839969,10:09:51.711,134.5600,100
36592565545221,10:09:52.565,134.5400,2
36598412219886,10:09:58.412,134.5400,148
36598412219886,10:09:58.412,134.5200,150
36598412219886,10:09:58.412,134.5200,2
36601262230060,10:10:01.262,134.5000,100
36601262230060,10:10:01.262,134.5000,10
36601262244326,10:10:01.262,134.5000,100
36601262273750,10:10:01.262,134.5000,90
36601262290340,10:10:01.262,134.5000,190
36601262298516,10:10:01.262,134.5000,90
36601262341089,10:10:01.262,134.5000,43
36601262381985,10:10:01.262,134.5000,67
36601262381985,10:10:01.262,134.5000,33
36601262397365,10:10:01.262,134.5000,51
36601262433511,10:10:01.262,134.5000,100
36601262472496,10:10:01.262,134.5000,49
36601262472496,10:10:01.262,134.5000,51
36601262484334,10:10:01.262,134.5000,141
36601263341327,10:10:01.263,134.5400,109
36602972893106,10:10:02.972,134.5100,91
36602972893106,10:10:02.972,134.5100,9
36691367004287,10:11:31.367,134.3400,10
36691367155156,10:11:31.367,134.3800,100
36708640156218,10:11:48.640,134.4100,100
36708640239637,10:11:48.640,134.4400,100
36721378069281,10:12:01.378,134.5400,100
36725359728654,10:12:05.359,134.5500,100
36725359728654,10:12:05.359,134.5500,10
36725359766233,10:12:05.359,134.5600,100
36725359817516,10:12:05.359,134.5500,22
36725359820339,10:12:05.359,134.5600,100
36763827079859,10:12:43.827,134.5800,1
36792478101953,10:13:12.478,134.6200,100
36792580517372,10:13:12.580,134.6500,100
36807379844465,10:13:27.379,134.7000,50
36807381972457,10:13:27.381,134.7200,50
36886835982899,10:14:46.835,134.7100,100
36886835982899,10:14:46.835,134.7100,10
36886835982899,10:14:46.835,134.7100,90
36886836031519,10:14:46.836,134.7100,10
36886836493933,10:14:46.836,134.7300,100
36960675056964,10:16:00.675,134.6400,100
36972910516102,10:16:12.910,134.7500,100
36973082152572,10:16:13.082,134.7800,10
36994702091930,10:16:34.702,134.8150,100
36999873127098,10:16:39.873,134.7000,100
36999873397722,10:16:39.873,134.6900,5
36999873695788,10:16:39.873,134.6900,95
36999873695788,10:16:39.873,134.6800,5
37005387009867,10:16:45.387,134.7500,100
37010112770555,10:16:50.112,134.7300,100
37014822083382,10:16:54.822,134.7000,100
37030558793131,10:17:10.558,134.7500,12
37030559143476,10:17:10.559,134.7500,10
37030559152518,10:17:10.559,134.7550,200
37030559180467,10:17:10.559,134.7600,100
37030559484948,10:17:10.559,134.7500,178
37030559484948,10:17:10.559,134.7500,22
37030559536350,10:17:10.559,134.7500,73
37030559536350,10:17:10.559,134.7500,10
37030559546794,10:17:10.559,134.7500,105
37030559611912,10:17:10.559,134.7600,10
37044598615948,10:17:24.598,134.8300,100
37044646060436,10:17:24.646,134.7900,100
37044646060436,10:17:24.646,134.7500,95
37044646060436,10:17:24.646,134.7500,100
37045398863227,10:17:25.398,134.7500,100
37045399346401,10:17:25.399,134.7300,100
37052611667005,10:17:32.611,134.7000,1
37061146922703,10:17:41.146,134.7400,100
37062721329183,10:17:42.721,134.7300,100
37079448411166,10:17:59.448,134.7300,100
37106813313073,10:18:26.813,134.7000,21
37106813343653,10:18:26.813,134.7000,79
37106813515096,10:18:26.813,134.7350,160
37106813529893,10:18:26.813,134.6900,19
37106813585697,10:18:26.813,134.7350,40
37106843441602,10:18:26.843,134.7300,100
37106843441602,10:18:26.843,134.6900,81
37106843441602,10:18:26.843,134.6900,100
37127051687802,10:18:47.051,134.7900,100
37132392878053,10:18:52.392,134.8300,100
37133152126892,10:18:53.152,134.8000,100
37133152126892,10:18:53.152,134.7800,100
37133152215921,10:18:53.152,134.7800,100
37136205890621,10:18:56.205,134.8100,100
37136205914105,10:18:56.205,134.8400,100
37139052953573,10:18:59.052,134.8200,100
37158153912880,10:19:18.153,134.7900,100
37170954690503,10:19:30.954,134.7400,100
37191456289439,10:19:51.456,134.7900,100
37202220066977,10:20:02.220,134.9000,49
37202220088356,10:20:02.220,134.9000,281
37202220220362,10:20:02.220,134.9000,70
37202220220362,10:20:02.220,134.9000,30
37202220246806,10:20:02.220,134.9000,100
37202220248764,10:20:02.220,134.9000,70
37202220257905,10:20:02.220,134.9000,49
37202220259134,10:20:02.220,134.9000,51
37202220271054,10:20:02.220,134.9000,100
37202220310148,10:20:02.220,134.9000,100
37202220333304,10:20:02.220,134.9000,100
37202220342531,10:20:02.220,134.9000,100
37202220365631,10:20:02.220,134.9000,16
37202225962320,10:20:02.225,134.9000,184
37202225962320,10:20:02.225,134.9000,16
37202226180838,10:20:02.226,134.9000,100
37202226209432,10:20:02.226,134.9000,262
37202226242741,10:20:02.226,134.9000,38
37202226628410,10:20:02.226,134.9000,200
37202226655715,10:20:02.226,134.9000,132
37202226686854,10:20:02.226,134.9000,68
37202226703003,10:20:02.226,134.9000,68
37202226728609,10:20:02.226,134.9000,13
37202226755103,10:20:02.226,134.9000,208
37202226756368,10:20:02.226,134.9000,14
37202227741409,10:20:02.227,134.8200,10
37202227762857,10:20:02.227,134.7800,100
37202227805709,10:20:02.227,134.8600,10
37202227993193,10:20:02.227,134.7800,10
37202227993193,10:20:02.227,134.7800,77
37214763405021,10:20:14.763,134.7800,100
37214763405021,10:20:14.763,134.8300,2518
37229807456581,10:20:29.807,134.8500,100
37229807595806,10:20:29.807,134.8600,10
37229807595806,10:20:29.807,134.8600,11
37229807595806,10:20:29.807,134.8600,100
37245965650335,10:20:45.965,134.9500,100
37246753982196,10:20:46.753,135.0000,1
37246753982196,10:20:46.753,135.0000,5
37246753982196,10:20:46.753,135.0000,21
37300461127222,10:21:40.461,135.1000,2
37306715006737,10:21:46.715,135.1300,2
37332313584323,10:22:12.313,135.2000,10
37388683732521,10:23:08.683,135.3000,100
37432639537569,10:23:52.639,135.4400,100
37432639613257,10:23:52.639,135.3000,100
37432640972260,10:23:52.640,135.3500,100
37432640972260,10:23:52.640,135.3600,100
37452803521207,10:24:12.803,135.3200,60
37469336967593,10:24:29.336,135.3600,50
37469336967593,10:24:29.336,135.3800,50
37469336970338,10:24:29.336,135.3800,50
37469336970338,10:24:29.336,135.3800,100
37469336970338,10:24:29.336,135.3900,10
37476717715513,10:24:36.717,135.6300,2
37476717715513,10:24:36.717,135.6700,29
37476718191462,10:24:36.718,135.6900,20
37476718303766,10:24:36.718,135.6900,30
37527020495715,10:25:27.020,135.7400,100
37561205812220,10:26:01.205,135.7400,100
37561205985791,10:26:01.205,135.8000,64
37561205992983,10:26:01.205,135.8000,36
37561221077426,10:26:01.221,135.8400,100
37561221077426,10:26:01.221,135.7400,100
37568921405481,10:26:08.921,135.7200,100
37568921405481,10:26:08.921,135.7100,50
37568921405481,10:26:08.921,135.6900,50
37576621772497,10:26:16.621,135.6900,100
37576621795863,10:26:16.621,135.6500,100
37576622555797,10:26:16.622,135.6100,100
37576622990049,10:26:16.622,135.6100,100
37580928030244,10:26:20.928,135.6100,11
37580928030244,10:26:20.928,135.6100,32
37612923901933,10:26:52.923,135.8100,100
37612923901933,10:26:52.923,135.8200,15
37612923901933,10:26:52.923,135.8300,100
37612923901933,10:26:52.923,135.8300,100
37612923901933,10:26:52.923,135.8300,20
37612924683010,10:26:52.924,135.8400,100
37613175027166,10:26:53.175,135.8400,100
37666426339454,10:27:46.426,135.5000,100
37666426392792,10:27:46.426,135.5000,178
37666426634752,10:27:46.426,135.5000,100
37675004233295,10:27:55.004,135.6400,100
37675004533137,10:27:55.004,135.6400,100
37742501582353,10:29:02.501,135.6600,100
37742501582353,10:29:02.501,135.6600,300
37742501582353,10:29:02.501,135.6700,100
37742501582353,10:29:02.501,135.6700,100
37742501582353,10:29:02.501,135.6700,100
37742501582353,10:29:02.501,135.6700,1000
37751321446966,10:29:11.321,135.6900,11
37773691047762,10:29:33.691,135.7600,100
37778979141189,10:29:38.979,135.7600,100
37785303291565,10:29:45.303,135.7600,100
37790562867227,10:29:50.562,135.7500,100
37793818487896,10:29:53.818,135.7500,100
37799880779023,10:29:59.880,135.7600,100
37805487617414,10:30:05.487,135.7600,11
37809905418354,10:30:09.905,135.7400,300
37812565197079,10:30:12.565,135.7500,100
37819563011009,10:30:19.563,135.7400,100
37826590160585,10:30:26.590,135.7400,50
37832186640589,10:30:32.186,135.6600,100
37832186689123,10:30:32.186,135.6600,50
37832618334569,10:30:32.618,135.6600,100
37832923700728,10:30:32.923,135.6700,100
37832923700728,10:30:32.923,135.6900,100
37832923700728,10:30:32.923,135.6900,100
37832923700728,10:30:32.923,135.6900,100
37832923700728,10:30:32.923,135.6900,100
37867773248680,10:31:07.773,135.7500,100
37867773248680,10:31:07.773,135.7500,100
37878964286878,10:31:18.964,135.7700,100
37882424583003,10:31:22.424,135.6600,100
37885001432891,10:31:25.001,135.7700,100
37886698009331,10:31:26.698,135.7900,100
37886698009331,10:31:26.698,135.7900,100
37886698133316,10:31:26.698,135.7900,100
37901553589387,10:31:41.553,135.8200,100
37908586273469,10:31:48.586,135.8200,100
37908586273469,10:31:48.586,135.8300,100
37934823233086,10:32:14.823,135.8000,100
37983205848817,10:33:03.205,135.7000,100
37983350463078,10:33:03.350,135.7000,100
37983350522276,10:33:03.350,135.7000,100
38008959092931,10:33:28.959,135.6900,11
38042898101403,10:34:02.898,135.5100,150
38042898101403,10:34:02.898,135.5000,50
38042985399984,10:34:02.985,135.5000,100
38042986131687,10:34:02.986,135.5000,100
38042986146089,10:34:02.986,135.5000,84
38042986146089,10:34:02.986,135.4900,16
38042986291365,10:34:02.986,135.4900,30
38042996114252,10:34:02.996,135.4900,54
38043011071555,10:34:03.011,135.3100,100
38043151436539,10:34:03.151,135.3000,100
38138406771499,10:35:38.406,135.3900,100
38138406771499,10:35:38.406,135.3900,100
38138407000706,10:35:38.407,135.4000,50
38138407004222,10:35:38.407,135.4000,50
38138407004222,10:35:38.407,135.4000,86
38138407139708,10:35:38.407,135.4000,14
38138407139708,10:35:38.407,135.4000,86
38138407297664,10:35:38.407,135.4000,7
38138407374783,10:35:38.407,135.4000,7
38138455653015,10:35:38.455,135.3900,100
38138455653015,10:35:38.455,135.3500,100
38139211970231,10:35:39.211,135.4700,100
38145256062365,10:35:45.256,135.3500,100
38145256062365,10:35:45.256,135.3400,66
38152256443659,10:35:52.256,135.3400,100
38152256461807,10:35:52.256,135.3300,28
38152256489789,10:35:52.256,135.3300,72
38152256489789,10:35:52.256,135.3300,25
38153259968416,10:35:53.259,135.3300,100
38157583674160,10:35:57.583,135.4200,10
38169222529564,10:36:09.222,135.4700,11
38191509939943,10:36:31.509,135.6300,100
38193170815315,10:36:33.170,135.7100,100
38201546981975,10:36:41.546,135.7700,100
38201547048849,10:36:41.547,135.7700,100
38215166970381,10:36:55.166,135.6600,10
38215166988526,10:36:55.166,135.6600,133
38215166991201,10:36:55.166,135.6600,57
38215166991201,10:36:55.166,135.6600,100
38253328853322,10:37:33.328,135.5300,100
38253333770020,10:37:33.333,135.5200,100
38314078503790,10:38:34.078,135.5700,10
38314079545304,10:38:34.079,135.5800,11
38314079599218,10:38:34.079,135.5900,100
38322370812926,10:38:42.370,135.6500,100
38347955453370,10:39:07.955,135.7000,100
38361703303747,10:39:21.703,135.7000,100
38361703857041,10:39:21.703,135.6400,100
38361703857041,10:39:21.703,135.6400,100
38361703925589,10:39:21.703,135.6300,100
38362244893489,10:39:22.244,135.5800,100
38369439660595,10:39:29.439,135.6100,100
38379240094250,10:39:39.240,135.6700,100
38410424934859,10:40:10.424,135.6800,11
38410424934859,10:40:10.424,135.6800,100
38410530649513,10:40:10.530,135.8400,100
38413464178639,10:40:13.464,135.8200,100
38413464178639,10:40:13.464,135.8200,100
38417272672969,10:40:17.272,135.7400,149
38417272672969,10:40:17.272,135.7400,50
38417272672969,10:40:17.272,135.7400,1
38433134025616,10:40:33.134,135.8800,1
38433134025616,10:40:33.134,135.8900,100
38433134025616,10:40:33.134,135.8900,99
38433134059524,10:40:33.134,135.8900,1
38438742080290,10:40:38.742,136.0000,1
38438742080290,10:40:38.742,136.0000,2
38438742080290,10:40:38.742,136.0000,5
38438742080290,10:40:38.742,136.0000,195
38438742080290,10:40:38.742,136.0000,100
38438742080290,10:40:38.742,136.0000,200
38438742080290,10:40:38.742,136.0000,135
38438743766419,10:40:38.743,136.0600,100
38438784232189,10:40:38.784,136.1700,600
38438988156539,10:40:38.988,136.2200,100
38438988645437,10:40:38.988,136.2000,100
38439163391261,10:40:39.163,136.2200,100
38439163409674,10:40:39.163,136.2300,100
38440742595647,10:40:40.742,136.2200,100
38440742595647,10:40:40.742,136.2400,100
38452846361249,10:40:52.846,136.2400,100
38452846873803,10:40:52.846,136.2400,100
38453288666839,10:40:53.288,136.2500,8
38453886692922,10:40:53.886,136.2800,100
38455917049452,10:40:55.917,136.4000,100
38487652656710,10:41:27.652,136.4200,100
38487652658001,10:41:27.652,136.4200,100
38487652781286,10:41:27.652,136.3100,10
38487652920477,10:41:27.652,136.4200,10
38487652920477,10:41:27.652,136.4200,21
38487653480950,10:41:27.653,136.4200,100
38487653660941,10:41:27.653,136.4200,21
38487653660941,10:41:27.653,136.4400,21
38487704767499,10:41:27.704,136.5600,21
38489480336539,10:41:29.480,136.5600,42
38489480336539,10:41:29.480,136.6100,100
38495064621860,10:41:35.064,136.6400,89
38495064621860,10:41:35.064,136.6400,11
38524502462784,10:42:04.502,136.6900,100
38526240753452,10:42:06.240,136.7100,100
38526503565302,10:42:06.503,136.7200,21
38526503565302,10:42:06.503,136.7200,12
38526503565302,10:42:06.503,136.7200,67
38534602987772,10:42:14.602,136.6100,15
38534603011575,10:42:14.603,136.6100,100
38534603724264,10:42:14.603,136.5200,100
38534679901686,10:42:14.679,136.5100,100
38535502089443,10:42:15.502,136.4800,100
38535604968285,10:42:15.604,136.3800,100
38559503565417,10:42:39.503,136.2700,21
38560503316798,10:42:40.503,136.3900,100
38570504001422,10:42:50.504,136.6300,21
38570504930580,10:42:50.504,136.6400,100
38570504930580,10:42:50.504,136.6400,21
38570504930580,10:42:50.504,136.6400,158
38599583461299,10:43:19.583,136.3800,150
38599583461299,10:43:19.583,136.3700,80
38617936521800,10:43:37.936,136.3800,100
38617936521800,10:43:37.936,136.3600,100
38617936521800,10:43:37.936,136.3600,30
38617936521800,10:43:37.936,136.3600,100
38617936584679,10:43:37.936,136.3600,42
38617936585148,10:43:37.936,136.3600,58
38618324048701,10:43:38.324,136.4900,20
38625503650824,10:43:45.503,136.6300,20
38625505103267,10:43:45.505,136.7000,100
38639284942204,10:43:59.284,136.5400,100
38646485430662,10:44:06.485,136.5200,50
38650504038278,10:44:10.504,136.6600,100
38650504038278,10:44:10.504,136.6900,100
38650504038278,10:44:10.504,136.7100,100
38650504813722,10:44:10.504,136.7800,100
38703278262232,10:45:03.278,136.7400,100
38703278262232,10:45:03.278,136.7400,100
38703278262232,10:45:03.278,136.7400,100
38708321331659,10:45:08.321,136.7900,100
38710103995724,10:45:10.103,136.7900,12
38710103995724,10:45:10.103,136.7900,100
38741360860792,10:45:41.360,136.9300,100
38746388054511,10:45:46.388,136.9300,100
38750416674421,10:45:50.416,136.9400,100
38756443597375,10:45:56.443,136.9500,100
38759508540523,10:45:59.508,136.8600,100
38759508540523,10:45:59.508,136.8200,100
38760276837753,10:46:00.276,136.8100,100
38760276837753,10:46:00.276,136.8100,100
38760276838549,10:46:00.276,136.8100,200
38760276895241,10:46:00.276,136.8100,100
38760276895241,10:46:00.276,136.8100,100
38760276897949,10:46:00.276,136.8100,200
38760276955773,10:46:00.276,136.8100,100
38760277031257,10:46:00.277,136.7400,2
38763830805224,10:46:03.830,136.8100,200
38763830805224,10:46:03.830,136.7900,100
38763830834663,10:46:03.830,136.7900,100
38763830834663,10:46:03.830,136.7900,100
38763830880112,10:46:03.830,136.7900,100
38777015231346,10:46:17.015,136.8700,100
38787258036622,10:46:27.258,136.8900,11
38787258036622,10:46:27.258,136.8900,100
38787258036622,10:46:27.258,136.8900,22
38787258040627,10:46:27.258,136.8900,100
38789355438524,10:46:29.355,137.0000,3
38789355450113,10:46:29.355,137.0000,497
38789355450113,10:46:29.355,137.0000,37
38789355456493,10:46:29.355,137.0000,169
38789355467033,10:46:29.355,137.0000,65
38789355481393,10:46:29.355,137.0000,229
38789355481393,10:46:29.355,137.0000,200
38789356302251,10:46:29.356,137.0200,100
38789532454928,10:46:29.532,136.9700,10
38789532610557,10:46:29.532,137.0500,10
38830338492891,10:47:10.338,136.8800,200
38830338492891,10:47:10.338,136.8500,100
38830338492891,10:47:10.338,136.8400,100
38830338492891,10:47:10.338,136.7600,100
38830338492891,10:47:10.338,136.7600,100
38830338492891,10:47:10.338,136.7600,100
38830338492891,10:47:10.338,136.7600,100
38830338766595,10:47:10.338,136.7600,88
38830338767227,10:47:10.338,136.7600,66
38830339430567,10:47:10.339,136.7800,100
38830339430567,10:47:10.339,136.8100,100
38830348344387,10:47:10.348,136.7600,100
38830348344387,10:47:10.348,136.7600,100
38830348344387,10:47:10.348,136.7600,100
38830348344387,10:47:10.348,136.7600,36
38830348344387,10:47:10.348,136.7600,1
38831634410176,10:47:11.634,136.7600,99
38831634410176,10:47:11.634,136.7500,100
38831634410176,10:47:11.634,136.7500,100
38833179950850,10:47:13.179,136.6800,200
38833179950850,10:47:13.179,136.6700,100
38833179950850,10:47:13.179,136.6300,100
38833179950850,10:47:13.179,136.6200,68
38894249500274,10:48:14.249,136.6400,100
38894255948528,10:48:14.255,136.6300,100
38894781993690,10:48:14.781,136.6600,100
38894781993690,10:48:14.781,136.6900,12
38929924354297,10:48:49.924,136.6900,100
38945735453549,10:49:05.735,136.7400,100
38945735458469,10:49:05.735,136.7400,50
38945735458469,10:49:05.735,136.7400,50
38945735708083,10:49:05.735,136.7600,15
38945735726118,10:49:05.735,136.7600,85
38945743397393,10:49:05.743,136.7300,100
38946533991520,10:49:06.533,136.7900,100
38946533991520,10:49:06.533,136.8000,100
38946533991520,10:49:06.533,136.8000,12
38948534098067,10:49:08.534,136.8600,51
38949534007485,10:49:09.534,136.8600,49
38949534007485,10:49:09.534,136.8600,32
38974531716768,10:49:34.531,136.6900,100
38974532074242,10:49:34.532,136.6900,100
38974532203396,10:49:34.532,136.6900,100
38974532206843,10:49:34.532,136.6900,49
38974532403852,10:49:34.532,136.6900,100
38974532470481,10:49:34.532,136.6900,100
38974532526444,10:49:34.532,136.6900,100
38974532528482,10:49:34.532,136.6900,100
38974534026108,10:49:34.534,136.6900,100
38974534401142,10:49:34.534,136.6900,30
38974537000840,10:49:34.537,136.7100,30
38974537000840,10:49:34.537,136.6900,70
38974537000840,10:49:34.537,136.6900,21
38991950194460,10:49:51.950,136.5300,100
39000244490827,10:50:00.244,136.5300,11
39000244558390,10:50:00.244,136.5300,87
39005604829511,10:50:05.604,136.4000,100
39005606921804,10:50:05.606,136.3300,100
39005606921804,10:50:05.606,136.3600,100
39015977645361,10:50:15.977,136.3100,100
39032097372590,10:50:32.097,136.2300,100
39041048199127,10:50:41.048,136.1700,200
39041048199127,10:50:41.048,136.1600,200
39041336400883,10:50:41.336,136.1600,100
39041336400883,10:50:41.336,136.1600,200
39041336400883,10:50:41.336,136.1500,100
39041765440032,10:50:41.765,136.1500,100
39041870661058,10:50:41.870,136.1500,137
39041870721304,10:50:41.870,136.1500,63
39041870916110,10:50:41.870,136.1500,100
39041870929963,10:50:41.870,136.1500,200
39041871520653,10:50:41.871,136.1500,100
39041871520653,10:50:41.871,136.1500,100
39041871545228,10:50:41.871,136.1500,100
39041871607128,10:50:41.871,136.1500,100
39041871834688,10:50:41.871,136.2900,53
39041871838621,10:50:41.871,136.1800,100
39041871838621,10:50:41.871,136.2900,33
39041871840774,10:50:41.871,136.2900,99
39041871861819,10:50:41.871,136.2900,15
39045693949425,10:50:45.693,136.2900,11
39045694007774,10:50:45.694,136.3300,45
39045694031622,10:50:45.694,136.2400,100
39046133689110,10:50:46.133,136.3300,28
39046133729479,10:50:46.133,136.3300,25
39046133772638,10:50:46.133,136.3300,2
39074952522185,10:51:14.952,136.5700,98
39074952579221,10:51:14.952,136.5900,100
39074953522998,10:51:14.953,136.6000,200
39074953601836,10:51:14.953,136.6000,100
39074953610924,10:51:14.953,136.6000,100
39074953642334,10:51:14.953,136.6000,100
39074953648942,10:51:14.953,136.6000,100
39086390109786,10:51:26.390,136.5900,100
39086390133191,10:51:26.390,136.6100,100
39088257642191,10:51:28.257,136.6700,100
39106945594458,10:51:46.945,136.5800,100
39106945831764,10:51:46.945,136.5700,100
39106945857352,10:51:46.945,136.5000,265
39106945859384,10:51:46.945,136.5000,133
39106945938474,10:51:46.945,136.5000,2
39106945938474,10:51:46.945,136.5000,3
39106945940005,10:51:46.945,136.5000,2
39106946289591,10:51:46.946,136.5000,100
39106946344467,10:51:46.946,136.5000,100
39106952609563,10:51:46.952,136.5000,195
39106952633143,10:51:46.952,136.5000,100
39111064269356,10:51:51.064,136.5000,400
39111064293518,10:51:51.064,136.5000,100
39111064296012,10:51:51.064,136.5000,400
39111064453925,10:51:51.064,136.5000,38
39112777991924,10:51:52.777,136.5000,100
39124344115039,10:52:04.344,136.5800,100
39124344698792,10:52:04.344,136.5800,100
39124344774073,10:52:04.344,136.5800,100
39124345119267,10:52:04.345,136.5800,100
39125283273331,10:52:05.283,136.5800,11
39160328375797,10:52:40.328,136.5500,100
39160328406464,10:52:40.328,136.5500,100
39160328533624,10:52:40.328,136.5500,87
39160340586288,10:52:40.340,136.6500,2
39161089959183,10:52:41.089,136.6200,1
39199399988176,10:53:19.399,136.5000,100
39199400413855,10:53:19.400,136.4500,19
39199400805001,10:53:19.400,136.4500,81
39199400805001,10:53:19.400,136.4500,19
39199400871454,10:53:19.400,136.4800,100
39199403599998,10:53:19.403,136.4500,81
39199404278825,10:53:19.404,136.3900,100
39263184627645,10:54:23.184,136.5200,100
39263184627645,10:54:23.184,136.5200,11
39263184723451,10:54:23.184,136.5200,100
39281524363712,10:54:41.524,136.5800,100
39292045908007,10:54:52.045,136.6600,100
39298298807118,10:54:58.298,136.6600,100
39298298807118,10:54:58.298,136.6400,100
39298484086727,10:54:58.484,136.6300,200
39320846970311,10:55:20.846,136.8000,100
39320847026909,10:55:20.847,136.8000,100
39328236234644,10:55:28.236,136.5800,28
39328236234644,10:55:28.236,136.5700,72
39340798677579,10:55:40.798,136.5700,100
39340839039810,10:55:40.839,136.5500,100
39343833594756,10:55:43.833,136.5300,100
39355546688978,10:55:55.546,136.6100,100
39398768746247,10:56:38.768,136.5800,100
39424137464273,10:57:04.137,136.6100,39
39424137477894,10:57:04.137,136.6100,61
39424137477894,10:57:04.137,136.6100,11
39429166221601,10:57:09.166,136.7700,100
39444464177415,10:57:24.464,136.8500,100
39463970187162,10:57:43.970,137.0000,5
39463970187162,10:57:43.970,137.0000,139
39472022728448,10:57:52.022,137.0000,11
39472022728448,10:57:52.022,137.0000,33
39472023469201,10:57:52.023,137.0000,67
39478074399662,10:57:58.074,137.0400,100
39478074838010,10:57:58.074,137.0100,100
39478339804439,10:57:58.339,136.9200,100
39492122224982,10:58:12.122,137.0100,11
39528303461006,10:58:48.303,137.0000,3
39528303461006,10:58:48.303,137.0000,6
39545380750269,10:59:05.380,136.9800,100
39551422367061,10:59:11.422,136.9800,100
39551422367061,10:59:11.422,136.9800,11
39598638238145,10:59:58.638,136.8700,100
39612724173665,11:00:12.724,136.9600,100
39615569991920,11:00:15.569,136.9600,11
39615570040060,11:00:15.570,136.9700,7
39615570228196,11:00:15.570,136.9700,93
39663474722660,11:01:03.474,137.1600,15
39663498722602,11:01:03.498,137.1500,85
39664514530987,11:01:04.514,137.1600,85
39665238312547,11:01:05.238,137.2600,100
39667581977771,11:01:07.581,137.2800,100
39667581977771,11:01:07.581,137.2800,300
39712740379604,11:01:52.740,137.4800,100
39724844538409,11:02:04.844,137.4900,11
39724844677075,11:02:04.844,137.3700,10
39724845255562,11:02:04.845,137.4800,100
39724969304415,11:02:04.969,137.4800,10
39733628092362,11:02:13.628,137.3700,200
39755021750146,11:02:35.021,137.3700,400
39755021750146,11:02:35.021,137.3700,100
39755022575156,11:02:35.022,137.3600,100
39755022647373,11:02:35.022,137.3500,100
39773956086085,11:02:53.956,137.2600,1
39773956086085,11:02:53.956,137.2500,99
39773957038623,11:02:53.957,137.2200,100
39799719496041,11:03:19.719,137.1300,40
39799719512680,11:03:19.719,137.1300,60
39799719512680,11:03:19.719,137.1000,200
39799719512680,11:03:19.719,137.1000,100
39799719512680,11:03:19.719,137.0900,200
39799719512680,11:03:19.719,137.0900,10
39799719855588,11:03:19.719,137.0900,90
39799719855588,11:03:19.719,137.0900,100
39799719870983,11:03:19.719,137.0900,100
39799720246255,11:03:19.720,137.1000,100
39799720259584,11:03:19.720,137.1000,100
39799720264475,11:03:19.720,137.1000,100
39799720434212,11:03:19.720,137.0900,300
39799755851824,11:03:19.755,137.0800,3
39799755880123,11:03:19.755,137.0800,2
39799755907022,11:03:19.755,137.0800,2
39800720611252,11:03:20.720,137.0800,93
39800726148856,11:03:20.726,137.0200,100
39800799603436,11:03:20.799,137.1200,100
39800799603436,11:03:20.799,137.1200,21
39807623045777,11:03:27.623,137.0500,100
39818164026175,11:03:38.164,137.0400,100
39818843028950,11:03:38.843,137.0350,100
39819523033238,11:03:39.523,137.0300,100
39821714026352,11:03:41.714,137.0200,100
39822413021486,11:03:42.413,137.0200,100
39823604026745,11:03:43.604,137.0200,100
39827110126906,11:03:47.110,137.1100,100
39827110126906,11:03:47.110,137.1500,100
39923669846362,11:05:23.669,137.0000,100
39923669846362,11:05:23.669,137.0000,100
39923669948042,11:05:23.669,137.0000,100
39923670040136,11:05:23.670,137.0000,100
39923670277637,11:05:23.670,137.0000,100
39923670645626,11:05:23.670,137.0000,100
39923676678916,11:05:23.676,137.0000,100
39923737619437,11:05:23.737,137.0000,100
39923739129171,11:05:23.739,137.0000,100
39924065981658,11:05:24.065,137.0000,100
39931537996360,11:05:31.537,137.0250,100
39932041992261,11:05:32.041,137.0250,100
39932541989497,11:05:32.541,137.0250,100
39933041993591,11:05:33.041,137.0250,100
39943028993213,11:05:43.028,137.0250,100
39943530991030,11:05:43.530,137.0250,100
39944040742324,11:05:44.040,136.9800,20
39995488773457,11:06:35.488,137.0500,100
39995488773457,11:06:35.488,137.0500,11
39995488773457,11:06:35.488,137.0500,100
39995488773457,11:06:35.488,137.0500,86
39995495038797,11:06:35.495,137.1200,100
40001842791402,11:06:41.842,137.0900,100
40047975778113,11:07:27.975,137.1200,100
40111787149354,11:08:31.787,137.1600,100
40134729340529,11:08:54.729,136.9200,100
40134739334630,11:08:54.739,136.9100,100
40134766765356,11:08:54.766,136.8900,100
40184672355946,11:09:44.672,137.1400,18
40184672355946,11:09:44.672,137.1500,7
40184672416680,11:09:44.672,137.1500,18
40184672513830,11:09:44.672,137.1500,50
40184672701893,11:09:44.672,137.1500,40
40184672701893,11:09:44.672,137.1500,10
40260021347512,11:11:00.021,137.0800,1
40299098268899,11:11:39.098,136.9900,100
40299098299513,11:11:39.098,136.9900,100
40299098320299,11:11:39.098,136.9900,100
40299098335610,11:11:39.098,136.9900,100
40299098397256,11:11:39.098,136.9900,100
40299098432691,11:11:39.098,136.9800,11
40299098440685,11:11:39.098,136.9800,62
40299098442110,11:11:39.098,136.9800,27
40299099778930,11:11:39.099,136.9800,100
40299099870096,11:11:39.099,136.9800,48
40299102630222,11:11:39.102,136.9800,52
40299102630222,11:11:39.102,136.9700,46
40299102673890,11:11:39.102,136.9700,54
40341581604046,11:12:21.581,136.8800,100
40442543273972,11:14:02.543,136.8000,1
40462103760615,11:14:22.103,136.7400,39
40462103807265,11:14:22.103,136.7400,3
40462107457039,11:14:22.107,136.7400,3
40462109465723,11:14:22.109,136.7400,3
40462111476846,11:14:22.111,136.7400,3
40462113486332,11:14:22.113,136.7400,3
40462117082164,11:14:22.117,136.7400,2
40462119093967,11:14:22.119,136.7400,2
40462121099888,11:14:22.121,136.7400,2
40462123106166,11:14:22.123,136.7400,2
40462125111350,11:14:22.125,136.7400,2
40462175364604,11:14:22.175,136.7400,2
40462225339928,11:14:22.225,136.7400,2
40462275403831,11:14:22.275,136.7400,2
40472736814408,11:14:32.736,136.7400,1
40482625455093,11:14:42.625,136.7700,100
40493073560543,11:14:53.073,136.7400,2
40497333474396,11:14:57.333,136.6800,32
40504736544223,11:15:04.736,136.8000,100
40504736611910,11:15:04.736,136.8000,100
40504736830594,11:15:04.736,136.8200,11
40504736843822,11:15:04.736,136.8200,100
40504736845038,11:15:04.736,136.8200,100
40504736851060,11:15:04.736,136.8200,11
40504737198846,11:15:04.737,136.8200,100
40504737396188,11:15:04.737,136.8200,100
40504737741175,11:15:04.737,136.8200,500
40504739085399,11:15:04.739,136.8200,100
40504739123672,11:15:04.739,136.8200,500
40504739703619,11:15:04.739,136.8200,478
40504739703619,11:15:04.739,136.8300,22
40504740257846,11:15:04.740,136.8300,478
40505015909400,11:15:05.015,136.7900,20
40505015956432,11:15:05.015,136.8100,100
40516117351815,11:15:16.117,136.7200,150
40516117351815,11:15:16.117,136.7000,100
40516117351815,11:15:16.117,136.7000,99
40516117351815,11:15:16.117,136.7000,150
40516117406873,11:15:16.117,136.7000,1
40516117433861,11:15:16.117,136.7000,149
40516117589440,11:15:16.117,136.7000,100
40523638439938,11:15:23.638,136.6700,100
40528226037170,11:15:28.226,136.7100,1
40532908443079,11:15:32.908,136.6200,100
40563898962627,11:16:03.898,136.6500,100
40563898991677,11:16:03.898,136.6500,12
40563899015135,11:16:03.899,136.6600,100
40563899210353,11:16:03.899,136.6600,100
40563899480050,11:16:03.899,136.6300,100
40563899538680,11:16:03.899,136.6300,100
40583830432471,11:16:23.830,136.4200,100
40583830752680,11:16:23.830,136.4200,100
40583830801255,11:16:23.830,136.4200,100
40583831001613,11:16:23.831,136.4200,11
40583832228075,11:16:23.832,136.4200,389
40583832228075,11:16:23.832,136.4200,11
40583832267969,11:16:23.832,136.4200,46
40583832441708,11:16:23.832,136.4300,100
40583832441708,11:16:23.832,136.4400,100
40583832441708,11:16:23.832,136.4400,100
40583832464651,11:16:23.832,136.4400,50
40583832464651,11:16:23.832,136.4500,50
40583832488214,11:16:23.832,136.4500,50
40583832488214,11:16:23.832,136.4500,200
40583832488214,11:16:23.832,136.4500,50
40583832523858,11:16:23.832,136.4500,50
40583832679625,11:16:23.832,136.4500,10
40583832924290,11:16:23.832,136.4200,10
40583832979226,11:16:23.832,136.4500,9
40583833189936,11:16:23.833,136.5200,9
40583936575651,11:16:23.936,136.4200,33
40583936575651,11:16:23.936,136.4200,679
40583936672764,11:16:23.936,136.4200,21
40583936672764,11:16:23.936,136.4200,79
40591253055107,11:16:31.253,136.4200,100
40591253107184,11:16:31.253,136.4200,100
40591253154501,11:16:31.253,136.4200,100
40591253383670,11:16:31.253,136.4200,121
40602829678069,11:16:42.829,136.4000,400
40644949525894,11:17:24.949,136.4600,51
40644949525894,11:17:24.949,136.4600,51
40644949525894,11:17:24.949,136.4700,100
40644949525894,11:17:24.949,136.4700,98
40644949528019,11:17:24.949,136.4700,102
40644949622101,11:17:24.949,136.4800,100
40644949908479,11:17:24.949,136.4900,100
40644949965148,11:17:24.949,136.5100,34
40644949966600,11:17:24.949,136.5100,108
40644950065438,11:17:24.950,136.5100,58
40644950104383,11:17:24.950,136.6400,100
40644950104383,11:17:24.950,136.6400,129
40651804663461,11:17:31.804,136.5500,70
40651804665403,11:17:31.804,136.5500,16
40651804672311,11:17:31.804,136.5500,100
40651804680837,11:17:31.804,136.5500,14
40651804702312,11:17:31.804,136.5600,100
40658118010322,11:17:38.118,136.6100,100
40661369524771,11:17:41.369,136.6200,100
40662938001355,11:17:42.938,136.6200,100
40664246878409,11:17:44.246,136.6100,100
40674417698624,11:17:54.417,136.6000,100
40687044018258,11:18:07.044,136.5200,100
40687044018258,11:18:07.044,136.5200,100
40687046094959,11:18:07.046,136.5000,100
40687367893459,11:18:07.367,136.4400,100
40703853504894,11:18:23.853,136.5500,100
40705467633393,11:18:25.467,136.5600,9
40716387398725,11:18:36.387,136.4700,100
40720477185323,11:18:40.477,136.4700,100
40733437294743,11:18:53.437,136.5300,98
40733437303869,11:18:53.437,136.5300,100
40733437366041,11:18:53.437,136.5300,2
40733437366041,11:18:53.437,136.5500,98
40733437428785,11:18:53.437,136.5500,2
40733941237582,11:18:53.941,136.6400,400
40733941237582,11:18:53.941,136.6400,100
40763415977015,11:19:23.415,136.5200,84
40763415977015,11:19:23.415,136.5200,800
40763415977015,11:19:23.415,136.5200,100
40763415977015,11:19:23.415,136.5200,16
40763416080490,11:19:23.416,136.5200,100
40763416095029,11:19:23.416,136.5200,100
40763416337629,11:19:23.416,136.5200,100
40763416875607,11:19:23.416,136.5200,3
40764054553650,11:19:24.054,136.5200,81
40764055035425,11:19:24.055,136.4600,10
40764055450128,11:19:24.055,136.4500,100
40764055450128,11:19:24.055,136.4500,100
40780040839009,11:19:40.040,136.3100,100
40780040839009,11:19:40.040,136.3000,400
40785417283364,11:19:45.417,136.3000,100
40786243131645,11:19:46.243,136.3000,100
40791657316509,11:19:51.657,136.3000,1036
40793797574663,11:19:53.797,136.3550,100
40827806424312,11:20:27.806,136.3400,100
40856246501615,11:20:56.246,136.2400,20
40856246501615,11:20:56.246,136.2100,243
40856246502568,11:20:56.246,136.2100,328
40856246508071,11:20:56.246,136.2100,62
40856246511706,11:20:56.246,136.2100,126
40856246744984,11:20:56.246,136.2100,109
40856247969020,11:20:56.247,136.2100,1
40856248459856,11:20:56.248,136.2100,700
40856262170966,11:20:56.262,136.2100,731
40856262170966,11:20:56.262,136.2000,169
40856264210025,11:20:56.264,136.2000,531
40885453713183,11:21:25.453,136.1600,200
40885453957598,11:21:25.453,136.1600,100
40885455928949,11:21:25.455,136.1600,100
40885456098828,11:21:25.456,136.1600,100
40885461867525,11:21:25.461,136.1600,500
40893810069112,11:21:33.810,136.0500,100
40897779272161,11:21:37.779,136.0700,1664
40897851305173,11:21:37.851,136.0300,100
40897851334997,11:21:37.851,136.0300,36
40903896592779,11:21:43.896,136.1300,25
40903896598892,11:21:43.896,136.1300,75
40903896598892,11:21:43.896,136.1500,16
40903896598892,11:21:43.896,136.1500,10
40903896610983,11:21:43.896,136.1600,8
40944949137836,11:22:24.949,136.2300,11
40944949183990,11:22:24.949,136.2400,100
40944949200935,11:22:24.949,136.2700,100
40950831159843,11:22:30.831,136.3300,100
40950831183384,11:22:30.831,136.3400,100
40950831228285,11:22:30.831,136.3600,62
40950831233091,11:22:30.831,136.3600,38
40950831233091,11:22:30.831,136.3700,365
40950831299172,11:22:30.831,136.3700,100
40950831309064,11:22:30.831,136.3700,100
40950831359519,11:22:30.831,136.3700,100
40950831392128,11:22:30.831,136.3700,35
40950831392128,11:22:30.831,136.3700,65
40950831408144,11:22:30.831,136.3700,104
40950831411167,11:22:30.831,136.3700,100
40950831414923,11:22:30.831,136.3700,100
40950831449041,11:22:30.831,136.3700,100
40951176975253,11:22:31.176,136.3700,100
40967150385943,11:22:47.150,136.3300,100
40967150385943,11:22:47.150,136.3700,100
40970197819823,11:22:50.197,136.3500,100
40973421270241,11:22:53.421,136.1900,5
40973421270241,11:22:53.421,136.1700,100
40973421270241,11:22:53.421,136.1500,95
40973821307787,11:22:53.821,136.1500,5
40973821307787,11:22:53.821,136.1500,100
40977856679889,11:22:57.856,136.2200,100
40981296183321,11:23:01.296,136.2300,100
40981296183321,11:23:01.296,136.2300,100
40983713771201,11:23:03.713,136.3200,100
40993017403341,11:23:13.017,136.3600,85
40993017403341,11:23:13.017,136.3600,15
40998366120677,11:23:18.366,136.2900,100
40998366318866,11:23:18.366,136.2800,100
41000145792104,11:23:20.145,136.2300,100
41037636117676,11:23:57.636,136.2800,100
41037636381287,11:23:57.636,136.2900,100
41037636403580,11:23:57.636,136.3000,23
41037637254602,11:23:57.637,136.3000,77
41039599548096,11:23:59.599,136.3800,100
41039599548096,11:23:59.599,136.4100,100
41069519176021,11:24:29.519,136.3100,100
41069519176021,11:24:29.519,136.3100,100
41072875165585,11:24:32.875,136.2900,100
41076919204049,11:24:36.919,136.2700,100
41099242412750,11:24:59.242,136.2900,100
41112886486011,11:25:12.886,136.2500,100
41112887047982,11:25:12.887,136.2100,100
41112887047982,11:25:12.887,136.2300,100
41112888531497,11:25:12.888,136.2000,200
41137182800356,11:25:37.182,136.2000,18
41137182815216,11:25:37.182,136.2000,82
41142596300898,11:25:42.596,136.0700,100
41142596366295,11:25:42.596,136.0700,50
41142596366295,11:25:42.596,136.0600,50
41142596384240,11:25:42.596,136.0600,50
41142596384240,11:25:42.596,136.0600,50
41142596395287,11:25:42.596,136.0600,50
41142597171683,11:25:42.597,136.0500,100
41142597171683,11:25:42.597,136.0500,100
41154331416964,11:25:54.331,135.9300,100
41160378975469,11:26:00.378,135.9500,1000
41165294403260,11:26:05.294,135.9400,100
41165447141387,11:26:05.447,135.9000,1000
41170741390670,11:26:10.741,135.9700,100
41170741390670,11:26:10.741,135.9800,100
41170741390670,11:26:10.741,135.9800,11
41170741390670,11:26:10.741,135.9800,100
41170741417764,11:26:10.741,136.0000,100
41175218887789,11:26:15.218,136.0400,100
41177148045858,11:26:17.148,135.9800,100
41177148045858,11:26:17.148,135.9100,300
41178475200960,11:26:18.475,136.0500,100
41189326743482,11:26:29.326,136.0000,143
41189327012098,11:26:29.327,136.0000,157
41189327012098,11:26:29.327,135.9500,43
41190065946298,11:26:30.065,136.0000,100
41192277445714,11:26:32.277,136.0000,100
41196194296020,11:26:36.194,135.9500,57
41196194349750,11:26:36.194,135.9500,100
41196194362800,11:26:36.194,135.9500,100
41196194526209,11:26:36.194,135.9500,100
41196194732814,11:26:36.194,135.9500,100
41202852184854,11:26:42.852,136.0100,100
41202853887847,11:26:42.853,136.0500,100
41202854389635,11:26:42.854,136.0600,100
41204787281937,11:26:44.787,136.0000,100
41209128505911,11:26:49.128,136.0000,100
41212853572538,11:26:52.853,135.9500,20
41219216564725,11:26:59.216,135.9800,9
41219216581624,11:26:59.216,135.9800,91
41219328501169,11:26:59.328,135.9600,100
41224453909932,11:27:04.453,135.9700,100
41231437268189,11:27:11.437,135.9250,100
41233763984428,11:27:13.763,135.9250,100
41233763992655,11:27:13.763,135.9250,100
41233763999578,11:27:13.763,135.8700,6
41233764002627,11:27:13.764,135.8700,6
41233764015886,11:27:13.764,135.8700,6
41233764226656,11:27:13.764,135.8700,6
41233764298874,11:27:13.764,135.9000,82
41233764304027,11:27:13.764,135.9000,18
41233764304027,11:27:13.764,135.8700,44
41233764304799,11:27:13.764,135.8700,6
41233764321169,11:27:13.764,135.8700,6
41233764328535,11:27:13.764,135.8700,6
41233764508739,11:27:13.764,135.8700,14
41233764903504,11:27:13.764,135.8700,1
41234729620463,11:27:14.729,135.9300,100
41234729620463,11:27:14.729,135.9200,100
41234729620463,11:27:14.729,135.8700,100
41240599797039,11:27:20.599,135.9800,100
41241030014605,11:27:21.030,136.0200,100
41241030014605,11:27:21.030,136.0000,100
41243282006236,11:27:23.282,136.0000,100
41248767631583,11:27:28.767,136.0000,100
41248768509929,11:27:28.768,135.9800,100
41248768743398,11:27:28.768,135.9800,100
41248768947727,11:27:28.768,135.9800,100
41256706876623,11:27:36.706,135.9500,100
41259411441391,11:27:39.411,135.9500,200
41261703004246,11:27:41.703,135.9500,1150
41264403081488,11:27:44.403,135.9850,100
41269274221072,11:27:49.274,135.9500,100
41279864710944,11:27:59.864,135.9500,100
41279864710944,11:27:59.864,135.9500,100
41279865203284,11:27:59.865,136.0000,5
41279865221184,11:27:59.865,136.0000,95
41279865724766,11:27:59.865,136.0500,50
41279867169870,11:27:59.867,136.0500,50
41290777223267,11:28:10.777,135.9200,100
41299087735425,11:28:19.087,135.8600,6
41299087788063,11:28:19.087,135.8850,100
41313859125144,11:28:33.859,135.9300,3
41313859144803,11:28:33.859,135.9300,97
41313859144803,11:28:33.859,135.9300,9
41313859149575,11:28:33.859,135.9300,2
41323960392087,11:28:43.960,136.0200,100
41327557407722,11:28:47.557,136.0200,100
41338300920956,11:28:58.300,135.9700,100
41340652402735,11:29:00.652,135.9700,100
41343361166981,11:29:03.361,135.9300,7
41343361179718,11:29:03.361,135.9300,43
41343361182749,11:29:03.361,135.9300,50
41343361182749,11:29:03.361,135.9300,10
41343361182749,11:29:03.361,135.9300,50
41343361195492,11:29:03.361,135.9300,50
41343362085556,11:29:03.362,135.9500,10
41343887550754,11:29:03.887,135.9300,100
41351809895484,11:29:11.809,135.9300,1
41375860422689,11:29:35.860,135.9500,100
41375860485531,11:29:35.860,136.0100,43
41375860495712,11:29:35.860,136.0100,57
41375860526136,11:29:35.860,136.0700,38
41375860528486,11:29:35.860,136.0700,43
41375860534057,11:29:35.860,136.0700,19
41375943649137,11:29:35.943,136.0800,29
41375943894899,11:29:35.943,136.0800,71
41375954821011,11:29:35.954,136.1000,100
41391818190642,11:29:51.818,135.9500,100
41408224013180,11:30:08.224,135.9650,100
41408977013069,11:30:08.977,135.9650,100
41409477021047,11:30:09.477,135.9650,100
41409977017259,11:30:09.977,135.9650,100
41413748971327,11:30:13.748,136.0100,100
41413749267133,11:30:13.749,136.0200,100
41413749267133,11:30:13.749,136.0200,11
41418033035989,11:30:18.033,135.9800,100
41418715013103,11:30:18.715,135.9800,100
41419215017771,11:30:19.215,135.9800,100
41419715014678,11:30:19.715,135.9800,100
41420216045961,11:30:20.216,135.9800,100
41436258495044,11:30:36.258,135.9500,100
41436258601156,11:30:36.258,135.9500,100
41454409360744,11:30:54.409,135.9200,7
41454409375436,11:30:54.409,135.9200,93
41454409375436,11:30:54.409,135.9200,100
41454409375436,11:30:54.409,135.9200,88
41454410760704,11:30:54.410,136.3100,60
41454411950096,11:30:54.411,136.2900,73
41454411950096,11:30:54.411,136.3000,20
41454563711488,11:30:54.563,136.1400,100
41455448532577,11:30:55.448,136.0600,100
41457467232759,11:30:57.467,136.1300,100
41466730418885,11:31:06.730,136.1800,100
41473654476392,11:31:13.654,136.1700,100
41476179915192,11:31:16.179,136.1600,100
41488724542772,11:31:28.724,136.2600,2
41488724542772,11:31:28.724,136.3000,98
41520856262858,11:32:00.856,136.1600,100
41520856610240,11:32:00.856,136.1500,10
41520857414951,11:32:00.857,136.1100,100
41528618126463,11:32:08.618,136.0100,73
41528618147055,11:32:08.618,136.0100,17
41528618147055,11:32:08.618,136.0000,54
41528618391139,11:32:08.618,136.0000,129
41528618882820,11:32:08.618,136.0000,17
41528618882820,11:32:08.618,136.0000,83
41528618933430,11:32:08.618,136.0000,117
41528618949575,11:32:08.618,136.0000,100
41528619013796,11:32:08.619,136.0000,100
41535623968613,11:32:15.623,135.9800,70
41535623981409,11:32:15.623,135.9800,30
41535624295983,11:32:15.624,135.9900,200
41540970786347,11:32:20.970,136.0600,100
41544810094490,11:32:24.810,136.0700,2
41544810094490,11:32:24.810,136.0800,100
41544810094490,11:32:24.810,136.0800,12
41544810094490,11:32:24.810,136.0800,92
41544810095920,11:32:24.810,136.0800,2
41559208121877,11:32:39.208,136.1100,100
41559208121877,11:32:39.208,136.1100,50
41599494170972,11:33:19.494,136.1000,100
41602489072227,11:33:22.489,136.0700,100
41603960806282,11:33:23.960,136.1000,100
41623467546232,11:33:43.467,136.0200,100
41623467546232,11:33:43.467,136.0100,100
41623469128320,11:33:43.469,136.0100,100
41643772009229,11:34:03.772,136.0000,100
41644760988354,11:34:04.760,136.0000,100
41652030919799,11:34:12.030,136.0400,100
41652030919799,11:34:12.030,136.0500,5
41652030930005,11:34:12.030,136.0500,59
41652031159624,11:34:12.031,136.0500,36
41656441448274,11:34:16.441,136.1200,11
41672174331787,11:34:32.174,136.0000,100
41674243665345,11:34:34.243,136.0000,100
41674243763387,11:34:34.243,136.0000,6
41674243949235,11:34:34.243,136.0000,19
41674243998861,11:34:34.243,136.0000,100
41674244007607,11:34:34.244,136.0000,75
41674244007607,11:34:34.244,136.0000,100
41674244011272,11:34:34.244,136.0000,100
41674244011822,11:34:34.244,136.0000,100
41674244042966,11:34:34.244,136.0000,75
41674244049807,11:34:34.244,136.0000,100
41674244059422,11:34:34.244,136.0000,25
41674244059422,11:34:34.244,136.0000,75
41674244108949,11:34:34.244,136.0000,25
41674244186979,11:34:34.244,136.0000,100
41697887880860,11:34:57.887,135.8700,100
41714517166954,11:35:14.517,135.8400,7
41724702095081,11:35:24.702,135.8400,100
41743355017803,11:35:43.355,135.8400,1
41772769127949,11:36:12.769,135.8300,100
41772769251646,11:36:12.769,135.8300,65
41849844535356,11:37:29.844,135.7700,300
41850153451659,11:37:30.153,135.7100,7
41850153474438,11:37:30.153,135.7000,100
41858162920779,11:37:38.162,135.6300,100
41859648916185,11:37:39.648,135.6300,1000
41859653413496,11:37:39.653,135.5800,7
41869246042475,11:37:49.246,135.6300,100
41875288269949,11:37:55.288,135.6600,100
41875288269949,11:37:55.288,135.6600,100
41875288285094,11:37:55.288,135.6500,6
41875288657488,11:37:55.288,135.6600,100
41878097734694,11:37:58.097,135.6700,1
41881255079901,11:38:01.255,135.7500,100
41885309875768,11:38:05.309,135.7500,100
41887933067207,11:38:07.933,135.7500,1
41887933067207,11:38:07.933,135.7500,11
41889783560946,11:38:09.783,135.8600,50
41889783560946,11:38:09.783,135.8700,5
41892864251580,11:38:12.864,135.8700,100
41894989341328,11:38:14.989,135.8800,100
41910047882763,11:38:30.047,135.8400,100
41918618504958,11:38:38.618,135.9000,100
41928353483621,11:38:48.353,135.9100,100
41931157450712,11:38:51.157,135.8100,100
41942063095003,11:39:02.063,135.7800,100
41942063463617,11:39:02.063,135.7800,26
41942063477070,11:39:02.063,135.7800,19
41942063495516,11:39:02.063,135.7800,55
41942063495516,11:39:02.063,135.8000,26
41942063553741,11:39:02.063,135.8000,74
41942063925539,11:39:02.063,135.8000,100
41960638178715,11:39:20.638,135.8500,100
41993959133943,11:39:53.959,135.8700,100
41996918920002,11:39:56.918,135.8300,100
42001125366628,11:40:01.125,135.8200,100
42001128550691,11:40:01.128,135.8100,100
42028653263655,11:40:28.653,135.7900,100
42039012418761,11:40:39.012,135.7000,200
42057172938952,11:40:57.172,135.5900,100
42057172938952,11:40:57.172,135.5900,835
42082752022968,11:41:22.752,135.5700,100
42109209552342,11:41:49.209,135.5000,20
42132778521257,11:42:12.778,135.4500,7
42153555673416,11:42:33.555,135.4100,13
42153555868029,11:42:33.555,135.5100,100
42153555875829,11:42:33.555,135.5200,18
42153556178170,11:42:33.556,135.5200,12
42153556192181,11:42:33.556,135.5200,12
42153556200686,11:42:33.556,135.5200,58
42163727962829,11:42:43.727,135.3500,100
42171039652766,11:42:51.039,135.3500,100
42175430165759,11:42:55.430,135.3400,7
42175430165759,11:42:55.430,135.3400,93
42177480396466,11:42:57.480,135.3400,7
42177480396466,11:42:57.480,135.3400,93
42177894228471,11:42:57.894,135.3200,5
42192111411105,11:43:12.111,135.3400,100
42195947733040,11:43:15.947,135.3900,9
42195947733040,11:43:15.947,135.3900,91
42195947801099,11:43:15.947,135.3900,9
42216079504455,11:43:36.079,135.3300,100
42224427837619,11:43:44.427,135.3200,100
42224428245123,11:43:44.428,135.2600,10
42224428782412,11:43:44.428,135.3200,41
42224429043254,11:43:44.429,135.3200,10
42232191046936,11:43:52.191,135.3100,100
42239325680636,11:43:59.325,135.2900,100
42245290933377,11:44:05.290,135.3500,100
42245291403756,11:44:05.291,135.3500,100
42253812146764,11:44:13.812,135.2700,100
42265843747588,11:44:25.843,135.3300,100
42265843823928,11:44:25.843,135.3500,100
42265845754183,11:44:25.845,135.4000,65
42265845757323,11:44:25.845,135.4000,35
42265847678428,11:44:25.847,135.4300,100
42265897697251,11:44:25.897,135.4100,10
42265897697251,11:44:25.897,135.4100,147
42271613765388,11:44:31.613,135.4900,9
42274807788483,11:44:34.807,135.4300,3305
42276995491110,11:44:36.995,135.4300,600
42285019112677,11:44:45.019,135.3800,7
42285019112677,11:44:45.019,135.3800,93
42285019142772,11:44:45.019,135.3800,7
42287548668055,11:44:47.548,135.3700,100
42289611500680,11:44:49.611,135.3300,100
42300660528965,11:45:00.660,135.3700,100
42302184325712,11:45:02.184,135.3800,100
42309582043528,11:45:09.582,135.3700,100
42317365426573,11:45:17.365,135.3600,100
42317397104334,11:45:17.397,135.3400,70
42317397133024,11:45:17.397,135.3400,28
42322830079696,11:45:22.830,135.4600,1
42322831695163,11:45:22.831,135.4600,99
42322831695163,11:45:22.831,135.4600,100
42322832071720,11:45:22.832,135.5100,100
42322832126685,11:45:22.832,135.5300,100
42322832641930,11:45:22.832,135.5800,100
42325075545976,11:45:25.075,135.5900,100
42333714772085,11:45:33.714,135.6000,1587
42344498407739,11:45:44.498,135.5000,49
42344498407739,11:45:44.498,135.4600,22
42362599591843,11:46:02.599,135.3900,100
42390425642603,11:46:30.425,135.3000,7
42408532706470,11:46:48.532,135.3200,16
42437199870660,11:47:17.199,135.3500,100
42454748084340,11:47:34.748,135.3700,100
42454763554920,11:47:34.763,135.5400,100
42454768112917,11:47:34.768,135.4800,33
42471511972048,11:47:51.511,135.4100,1322
42481978979102,11:48:01.978,135.3100,2
42485049669582,11:48:05.049,135.2500,100
42496929580373,11:48:16.929,135.2400,8
42509594717982,11:48:29.594,135.2100,70
42509595208262,11:48:29.595,135.2100,30
42509595208262,11:48:29.595,135.2000,140
42509595252953,11:48:29.595,135.2000,18
42509595609277,11:48:29.595,135.2000,90
42509595838536,11:48:29.595,135.2000,2
42509595838536,11:48:29.595,135.2000,20
42509596094381,11:48:29.596,135.2000,22
42509596275018,11:48:29.596,135.2000,78
42509596275018,11:48:29.596,135.1700,22
42572969429234,11:49:32.969,135.2200,50
42572969429234,11:49:32.969,135.2200,50
42573096707073,11:49:33.096,135.2300,100
42573096914993,11:49:33.096,135.2300,12
42573097968538,11:49:33.097,135.2500,22
42573098015328,11:49:33.098,135.2500,78
42578818169104,11:49:38.818,135.3500,100
42580314090487,11:49:40.314,135.2900,69
42584640712985,11:49:44.640,135.3600,100
42584640775296,11:49:44.640,135.3600,9
42595813853999,11:49:55.813,135.3600,8
42617786009079,11:50:17.786,135.5100,10
42617786009079,11:50:17.786,135.5500,90
42619879907340,11:50:19.879,135.5500,99
42626850620696,11:50:26.850,135.5400,100
42634897107531,11:50:34.897,135.5500,100
42635791768498,11:50:35.791,135.4700,100
42635791850150,11:50:35.791,135.4600,100
42635791873043,11:50:35.791,135.4600,100
42635791893008,11:50:35.791,135.4300,100
42635828787217,11:50:35.828,135.3500,100
42635833017909,11:50:35.833,135.3200,100
42636017731237,11:50:36.017,135.2900,200
42637406763894,11:50:37.406,135.2300,10
42637406763894,11:50:37.406,135.2300,90
42637406848894,11:50:37.406,135.2300,10
42645935387269,11:50:45.935,135.2700,100
42647391279936,11:50:47.391,135.2700,100
42648711716491,11:50:48.711,135.2900,100
42648711716491,11:50:48.711,135.2900,63
42648711730844,11:50:48.711,135.2900,37
42656819253544,11:50:56.819,135.2700,50
42656819415843,11:50:56.819,135.2700,50
42663001857987,11:51:03.001,135.3400,100
42663519756715,11:51:03.519,135.2600,100
42663520023478,11:51:03.520,135.2500,100
42663520083573,11:51:03.520,135.2500,100
42675102791655,11:51:15.102,135.1700,100
42700222853773,11:51:40.222,135.3000,100
42726019668618,11:52:06.019,135.3100,10
42726019722323,11:52:06.019,135.3100,1
42757973144925,11:52:37.973,135.1400,100
42763907304161,11:52:43.907,135.1400,1920
42766334629705,11:52:46.334,135.1400,1580
42766334659562,11:52:46.334,135.1200,20
42798208915630,11:53:18.208,135.1200,100
42798208915630,11:53:18.208,135.0900,50
42798208915630,11:53:18.208,135.0700,100
42798208915630,11:53:18.208,135.0700,250
42813949068542,11:53:33.949,135.0800,100
42813949644387,11:53:33.949,135.0800,19
42813949644387,11:53:33.949,135.0200,10
42813951696817,11:53:33.951,135.0000,50
42813952607038,11:53:33.952,134.9600,8
42813956982209,11:53:33.956,135.0300,100
42813956982209,11:53:33.956,135.0400,40
42813956982209,11:53:33.956,135.0500,60
42833566387259,11:53:53.566,134.9900,100
42854701372335,11:54:14.701,134.8900,100
42870402994895,11:54:30.402,134.8200,8
42872678332541,11:54:32.678,134.7700,52
43004902760330,11:56:44.902,134.7600,100
43004903013187,11:56:44.903,134.7400,2
43004903013187,11:56:44.903,134.7200,18
43007069063657,11:56:47.069,134.7100,100
43007069129977,11:56:47.069,134.7100,10
43032991764787,11:57:12.991,134.6200,100
43035318510507,11:57:15.318,134.6200,100
43039350083695,11:57:19.350,134.6500,31
43039350278130,11:57:19.350,134.6600,20
43039350282848,11:57:19.350,134.6600,49
43039350304103,11:57:19.350,134.6600,31
43039350304103,11:57:19.350,134.6900,38
43039350492696,11:57:19.350,134.6900,5
43039350511727,11:57:19.350,134.6900,57
43039350511727,11:57:19.350,134.7100,58
43039350543330,11:57:19.350,134.7100,42
43039353496563,11:57:19.353,134.7200,100
43039354248658,11:57:19.354,134.7600,4
43039354275996,11:57:19.354,134.7600,92
43039354288866,11:57:19.354,134.7600,4
43039354908517,11:57:19.354,134.7600,3
43041909076023,11:57:21.909,134.7200,100
43042219518180,11:57:22.219,134.7100,15
43042219518180,11:57:22.219,134.7100,85
43042322588273,11:57:22.322,134.7100,5
43042322588273,11:57:22.322,134.6900,17
43042323742398,11:57:22.323,134.6700,100
43042323803162,11:57:22.323,134.6700,100
43045948461975,11:57:25.948,134.7200,100
43047309671816,11:57:27.309,134.7100,100
43051512644730,11:57:31.512,134.7300,25
43051512712934,11:57:31.512,134.7300,75
43051512712934,11:57:31.512,134.7300,100
43051517234536,11:57:31.517,134.7900,24
43051517263795,11:57:31.517,134.7900,76
43059585742950,11:57:39.585,134.8400,7
43070150043867,11:57:50.150,134.8600,65
43074276871071,11:57:54.276,134.8500,100
43074276877380,11:57:54.276,134.8500,14
43074276887364,11:57:54.276,134.8500,86
43105212474334,11:58:25.212,134.8500,100
43111711422681,11:58:31.711,134.8600,100
43111711916170,11:58:31.711,134.8700,6
43111747922966,11:58:31.747,134.8600,65
43111747922966,11:58:31.747,134.8500,133
43111747922966,11:58:31.747,134.8300,2
43118348463310,11:58:38.348,134.8200,10
43118348463310,11:58:38.348,134.8200,100
43125348961933,11:58:45.348,134.8000,100
43129893171137,11:58:49.893,134.8600,100
43132749396909,11:58:52.749,134.7900,100
43133564021861,11:58:53.564,134.7800,100
43133564021861,11:58:53.564,134.7800,100
43133564021861,11:58:53.564,134.7800,100
43133574592197,11:58:53.574,134.7600,100
43140149918901,11:59:00.149,134.7600,100
43140149918901,11:59:00.149,134.7500,100
43146150365402,11:59:06.150,134.7500,100
43146672538929,11:59:06.672,134.6700,10
43157463551617,11:59:17.463,134.7500,100
43158051099284,11:59:18.051,134.7000,100
43169351711533,11:59:29.351,134.7500,100
43176752388226,11:59:36.752,134.7400,100
43180420877367,11:59:40.420,134.7300,100
43180468913037,11:59:40.468,134.6500,38
43180469194493,11:59:40.469,134.6500,62
43187152845171,11:59:47.152,134.6500,100
43194053498556,11:59:54.053,134.6500,100
43194055450966,11:59:54.055,134.6400,10
43198520613045,11:59:58.520,134.7000,4
43199489694430,11:59:59.489,134.6500,100
43199489694430,11:59:59.489,134.6100,100
43200653877557,12:00:00.653,134.6000,100
43208354439559,12:00:08.354,134.6000,100
43216054966609,12:00:16.054,134.6200,100
43228023594001,12:00:28.023,134.5500,1000
43243937798112,12:00:43.937,134.5500,1000
43252828100704,12:00:52.828,134.4500,1000
43258503048775,12:00:58.503,134.4500,1000
43264460170958,12:01:04.460,134.4000,5
43264960616190,12:01:04.960,134.3900,1
43267261221423,12:01:07.261,134.3900,530
43269498000368,12:01:09.498,134.3900,600
43276763644844,12:01:16.763,134.4500,100
43279532131697,12:01:19.532,134.4700,6
43279532477681,12:01:19.532,134.5000,100
43279532492400,12:01:19.532,134.5000,100
43292373809165,12:01:32.373,134.5200,100
43294026275403,12:01:34.026,134.5200,100
43300598090572,12:01:40.598,134.5350,100
43305770623559,12:01:45.770,134.4800,100
43311074634700,12:01:51.074,134.4000,100
43311074648228,12:01:51.074,134.3900,61
43311074880419,12:01:51.074,134.3900,39
43311074885387,12:01:51.074,134.3600,56
43403425658522,12:03:23.425,134.4800,100
43403426102348,12:03:23.426,134.5000,100
43407476950268,12:03:27.476,134.5000,100
43407476950268,12:03:27.476,134.5400,100
43412147384251,12:03:32.147,134.5000,100
43416864137424,12:03:36.864,134.5000,100
43421274712272,12:03:41.274,134.5000,100
43426058187942,12:03:46.058,134.5000,100
43430029321839,12:03:50.029,134.5000,50
43433212558414,12:03:53.212,134.4500,9
43433212759448,12:03:53.212,134.4500,118
43433212760995,12:03:53.212,134.4500,110
43433212765088,12:03:53.212,134.4500,63
43433217289673,12:03:53.217,134.4200,100
43446478038835,12:04:06.478,134.4900,100
43449668126955,12:04:09.668,134.4100,100
43449669947587,12:04:09.669,134.3800,14
43449843165566,12:04:09.843,134.3800,86
43449843165566,12:04:09.843,134.3400,14
43452255519251,12:04:12.255,134.3100,100
43452255577267,12:04:12.255,134.3100,200
43475014923275,12:04:35.014,134.3800,200
43475014923275,12:04:35.014,134.4000,100
43475014953490,12:04:35.014,134.4000,200
43475014954742,12:04:35.014,134.4000,100
43475014959884,12:04:35.014,134.4000,300
43475015007828,12:04:35.015,134.4000,200
43475015042541,12:04:35.015,134.4000,100
43475015049101,12:04:35.015,134.4000,100
43475015307348,12:04:35.015,134.4000,200
43475015496067,12:04:35.015,134.4000,100
43475015505695,12:04:35.015,134.4000,100
43475015539632,12:04:35.015,134.4000,100
43475015548348,12:04:35.015,134.4000,100
43475016313588,12:04:35.016,134.4000,200
43475016313588,12:04:35.016,134.4000,100
43475122183486,12:04:35.122,134.3700,100
43475122183486,12:04:35.122,134.3700,100
43475122215746,12:04:35.122,134.3700,100
43475122539050,12:04:35.122,134.3600,100
43475123172700,12:04:35.123,134.3900,10
43475123399989,12:04:35.123,134.3700,10
43475241356854,12:04:35.241,134.4000,26
43475241384970,12:04:35.241,134.4000,17
43475688848237,12:04:35.688,134.4000,57
43475688848237,12:04:35.688,134.4000,5
43475688848237,12:04:35.688,134.4000,38
43475688904612,12:04:35.688,134.4000,62
43504547898554,12:05:04.547,134.3600,17
43504547898554,12:05:04.547,134.3500,1
43504547906352,12:05:04.547,134.3500,16
43544398148033,12:05:44.398,134.2100,100
43544405139363,12:05:44.405,134.2200,100
43544405139363,12:05:44.405,134.2200,100
43544405481190,12:05:44.405,134.2300,10
43544405497342,12:05:44.405,134.2300,2
43550275244807,12:05:50.275,134.2400,18
43550275299543,12:05:50.275,134.2400,82
43559415317045,12:05:59.415,134.2600,100
43559415334945,12:05:59.415,134.2800,100
43559416218054,12:05:59.416,134.3400,29
43559416504097,12:05:59.416,134.3400,71
43607434748553,12:06:47.434,134.3500,100
43607435662188,12:06:47.435,134.3500,100
43609487076821,12:06:49.487,134.3900,100
43612912813489,12:06:52.912,134.3400,100
43612912861813,12:06:52.912,134.3200,5
43612913045931,12:06:52.913,134.3200,295
43612913045931,12:06:52.913,134.3200,5
43612913250313,12:06:52.913,134.3200,300
43612913533589,12:06:52.913,134.3200,300
43612913781746,12:06:52.913,134.3200,95
43617441663539,12:06:57.441,134.3900,52
43617441663539,12:06:57.441,134.3900,11
43617441663539,12:06:57.441,134.4000,37
43617442027559,12:06:57.442,134.4000,63
43617442027559,12:06:57.442,134.4000,100
43617442056969,12:06:57.442,134.4000,1
43617442056969,12:06:57.442,134.4000,1
43617442172872,12:06:57.442,134.4000,100
43630424177027,12:07:10.424,134.3900,52
43630424177027,12:07:10.424,134.4000,5
43630424177027,12:07:10.424,134.4000,48
43630424412888,12:07:10.424,134.4000,52
43631238860110,12:07:11.238,134.4000,48
43631238860110,12:07:11.238,134.4000,52
43631286411291,12:07:11.286,134.3900,52
43631786407588,12:07:11.786,134.3900,48
43779169749862,12:09:39.169,134.3800,52
43779169749862,12:09:39.169,134.4100,48
43779170090864,12:09:39.170,134.4100,52
43779178045092,12:09:39.178,134.4200,100
43783145846511,12:09:43.145,134.4600,2
43783145846511,12:09:43.145,134.4600,18
43783145846511,12:09:43.145,134.4600,100
43783148066752,12:09:43.148,134.4700,10
43783151880027,12:09:43.151,134.4900,5
43783154085385,12:09:43.154,134.5000,2
43783154085385,12:09:43.154,134.5000,3
43783154085385,12:09:43.154,134.5000,51
43813430848941,12:10:13.430,134.4800,3
43813430848941,12:10:13.430,134.5000,197
43813438299326,12:10:13.438,134.5000,100
43813438859312,12:10:13.438,134.5000,2
43847070045196,12:10:47.070,134.5000,100
43847070346697,12:10:47.070,134.5000,2
43847070346697,12:10:47.070,134.5100,100
43847070346697,12:10:47.070,134.5100,5
43847070346697,12:10:47.070,134.5100,98
43847070363258,12:10:47.070,134.5100,2
43847070582966,12:10:47.070,134.5200,100
43847070597865,12:10:47.070,134.5300,2
43847070597865,12:10:47.070,134.5300,3
43847071764167,12:10:47.071,134.5000,100
43847997524057,12:10:47.997,134.5400,100
43847997557107,12:10:47.997,134.5050,100
43847997634732,12:10:47.997,134.5200,150
43847997985983,12:10:47.997,134.5100,20
43859297891853,12:10:59.297,134.5200,16
43861453914286,12:11:01.453,134.5200,14
43861454160559,12:11:01.454,134.5500,100
43861463915519,12:11:01.463,134.5400,150
43861463915519,12:11:01.463,134.5300,50
43861463915519,12:11:01.463,134.5200,10
43861463915519,12:11:01.463,134.5200,100
43861463915519,12:11:01.463,134.5200,90
43861465868876,12:11:01.465,134.5100,100
43863603349680,12:11:03.603,134.4900,100
43863619583250,12:11:03.619,134.4300,25
43886519056174,12:11:26.519,134.4700,1
43906149943969,12:11:46.149,134.4900,99
43944402571634,12:12:24.402,134.4300,56
43995455995475,12:13:15.455,134.5000,100
44011026058994,12:13:31.026,134.5000,100
44011049949441,12:13:31.049,134.5000,100
44102774032632,12:15:02.774,134.4500,100
44109523349780,12:15:09.523,134.5000,50
44109523349780,12:15:09.523,134.5000,100
44109523352637,12:15:09.523,134.5000,100
44109523471053,12:15:09.523,134.5000,100
44109523596406,12:15:09.523,134.5000,100
44149479551212,12:15:49.479,134.5500,20
44149479551212,12:15:49.479,134.5500,70
44149479714802,12:15:49.479,134.5500,30
44149479714802,12:15:49.479,134.5500,4
44149479714802,12:15:49.479,134.5500,66
44149480367449,12:15:49.480,134.5500,34
44227900730554,12:17:07.900,134.6000,100
44227900730554,12:17:07.900,134.6000,100
44227900730554,12:17:07.900,134.6000,5
44227911203142,12:17:07.911,134.6300,10
44249522919578,12:17:29.522,134.4600,100
44274208977971,12:17:54.208,134.5000,100
44274301185814,12:17:54.301,134.5200,81
44274301487250,12:17:54.301,134.5200,19
44286071845343,12:18:06.071,134.5200,1
44286071845343,12:18:06.071,134.5200,4
44286392911596,12:18:06.392,134.5200,100
44290718647056,12:18:10.718,134.5500,100
44295043075342,12:18:15.043,134.5700,100
44306089297161,12:18:26.089,134.5500,100
44315719116326,12:18:35.719,134.6400,100
44327653206134,12:18:47.653,134.5300,100
44352579197307,12:19:12.579,134.5300,65
44352579197307,12:19:12.579,134.5500,100
44352579197307,12:19:12.579,134.5500,100
44352579197307,12:19:12.579,134.5500,7
44353204025427,12:19:13.204,134.6300,100
44353204568928,12:19:13.204,134.6600,100
44362900555282,12:19:22.900,134.6200,100
44372523377769,12:19:32.523,134.6500,78
44407654043973,12:20:07.654,134.6500,100
44407654085314,12:20:07.654,134.6500,4
44411816026624,12:20:11.816,134.8600,100
44421053249773,12:20:21.053,134.9300,100
44434548262129,12:20:34.548,134.9400,100
44434548262129,12:20:34.548,134.9400,178
44438782144401,12:20:38.782,134.9400,800
44450140538986,12:20:50.140,134.9400,22
44450140538986,12:20:50.140,134.9500,1200
44450140538986,12:20:50.140,134.9700,78
44463713983646,12:21:03.713,134.9700,22
44478527829857,12:21:18.527,135.0900,100
44490946392298,12:21:30.946,135.0900,100
44516889720788,12:21:56.889,135.1200,100
44532484345635,12:22:12.484,135.1900,400
44542006009123,12:22:22.006,135.1600,100
44542006319399,12:22:22.006,135.1600,100
44542006341203,12:22:22.006,135.1500,100
44542012839411,12:22:22.012,135.1000,100
44550249991191,12:22:30.249,135.1900,6
44563635401722,12:22:43.635,135.2000,100
44563636067166,12:22:43.636,135.2000,100
44594119580653,12:23:14.119,135.1700,100
44604902335076,12:23:24.902,134.9500,25
44604902399295,12:23:24.902,134.9500,75
44604902399295,12:23:24.902,134.9500,100
44613031695719,12:23:33.031,134.9800,100
44625785457308,12:23:45.785,134.9700,100
44627609255574,12:23:47.609,134.9700,2500
44629211269245,12:23:49.211,134.9700,400
44637229880273,12:23:57.229,135.0600,100
44646338129045,12:24:06.338,135.0500,100
44648429977585,12:24:08.429,135.0500,3000
44648433992819,12:24:08.433,135.0500,372
44648433992819,12:24:08.433,135.1100,28
44648434961870,12:24:08.434,135.1100,72
44648434961870,12:24:08.434,135.1100,5
44654980477079,12:24:14.980,135.2600,100
44658460566604,12:24:18.460,135.2100,100
44659465500219,12:24:19.465,135.2900,23
44660761115282,12:24:20.761,135.2900,50
44660761517624,12:24:20.761,135.2700,197
44660764216791,12:24:20.764,135.2600,100
44672461069994,12:24:32.461,135.1200,100
44709564100171,12:25:09.564,135.1600,100
44755565803026,12:25:55.565,135.1500,100
44783111355158,12:26:23.111,134.9300,38
44788074912320,12:26:28.074,134.9900,100
44798675870566,12:26:38.675,134.9300,100
44798675888744,12:26:38.675,134.9300,336
44798675963567,12:26:38.675,134.9300,26
44798675963567,12:26:38.675,134.9200,100
44798675963567,12:26:38.675,134.9200,24
44798676118430,12:26:38.676,134.9200,76
44798676118430,12:26:38.676,134.9200,100
44798676118430,12:26:38.676,134.9200,179
44798676130208,12:26:38.676,134.9200,9
44798676169748,12:26:38.676,134.9200,12
44798676169748,12:26:38.676,134.9100,88
44798676410689,12:26:38.676,134.9100,12
44798676410689,12:26:38.676,134.9100,88
44798676477000,12:26:38.676,134.9100,5
44798676545805,12:26:38.676,134.9100,700
44798676686225,12:26:38.676,134.9100,700
44798676736889,12:26:38.676,134.9300,25
44798676824276,12:26:38.676,134.9100,700
44798677011314,12:26:38.677,134.9100,700
44798677184632,12:26:38.677,134.9100,107
44798677184632,12:26:38.677,134.9000,593
44798677325521,12:26:38.677,134.9100,10
44798677325521,12:26:38.677,134.9000,97
44798677380202,12:26:38.677,134.9000,10
44798678585708,12:26:38.678,134.9400,100
44798678643969,12:26:38.678,134.9500,10
44798678717237,12:26:38.678,134.9000,10
44806628536347,12:26:46.628,134.9800,100
44806628702278,12:26:46.628,134.9900,5
44806630281055,12:26:46.630,135.0300,100
44806630343724,12:26:46.630,135.0300,100
44836005059042,12:27:16.005,135.0600,800
44855569706235,12:27:35.569,135.1600,100
44873757618340,12:27:53.757,135.0300,100
44886454875497,12:28:06.454,135.0900,100
44888057890864,12:28:08.057,135.1200,5
44888058533118,12:28:08.058,135.1800,100
44913750083852,12:28:33.750,135.1600,100
44930997655076,12:28:50.997,135.3200,100
44930998117109,12:28:50.998,135.3500,100
44933444685223,12:28:53.444,135.3500,100
44948466622995,12:29:08.466,135.3400,100
44952730181555,12:29:12.730,135.3500,100
44952760734798,12:29:12.760,135.3600,30
44952760746427,12:29:12.760,135.3600,43
44952760759073,12:29:12.760,135.3600,27
44952760759073,12:29:12.760,135.3800,83
44958863204782,12:29:18.863,135.3800,100
44958863588390,12:29:18.863,135.3800,3
44961124725532,12:29:21.124,135.3700,100
44963752135331,12:29:23.752,135.3000,100
44970525949518,12:29:30.525,135.3500,100
44972220538250,12:29:32.220,135.3500,100
44974441579045,12:29:34.441,135.3200,86
44980568690239,12:29:40.568,135.3300,100
44980794493041,12:29:40.794,135.3300,100
44987475078933,12:29:47.475,135.3400,100
44989518291481,12:29:49.518,135.3400,100
44991127599498,12:29:51.127,135.3300,100
45002139733528,12:30:02.139,135.2900,100
45002139798599,12:30:02.139,135.2900,100
45002140389029,12:30:02.140,135.2800,100
45006202534916,12:30:06.202,135.2400,100
45007174500722,12:30:07.174,135.2400,100
45013510835498,12:30:13.510,135.2800,100
45013510888272,12:30:13.510,135.2900,5
45022828488316,12:30:22.828,135.3600,100
45022828747494,12:30:22.828,135.4000,100
45032291682338,12:30:32.291,135.4200,100
45048623189675,12:30:48.623,135.2900,1
45048623541524,12:30:48.623,135.2900,99
45054521974579,12:30:54.521,135.3500,100
45054670020988,12:30:54.670,135.3600,100
45060782661826,12:31:00.782,135.3100,100
45064708558129,12:31:04.708,135.3700,100
45071766862743,12:31:11.766,135.3900,50
45071766862743,12:31:11.766,135.3900,50
45071956795740,12:31:11.956,135.4000,50
45092287049710,12:31:32.287,135.3100,11
45092287566799,12:31:32.287,135.3100,89
45092288002625,12:31:32.288,135.2900,100
45116473869492,12:31:56.473,135.3500,100
45123565142727,12:32:03.565,135.3000,100
45123565565502,12:32:03.565,135.2200,84
45123565598231,12:32:03.565,135.2200,16
45123570391454,12:32:03.570,135.1800,100
45134472398112,12:32:14.472,135.2100,800
45150353594983,12:32:30.353,135.2200,100
45150358213994,12:32:30.358,135.2400,52
45150358213994,12:32:30.358,135.2400,48
45160577584266,12:32:40.577,135.2400,200
45160577620692,12:32:40.577,135.2500,100
45160577665417,12:32:40.577,135.2600,100
45160577728966,12:32:40.577,135.2600,100
45160577728966,12:32:40.577,135.2600,6
45172951381998,12:32:52.951,135.1600,100
45173344530193,12:32:53.344,134.9900,20
45184708141918,12:33:04.708,135.1000,100
45184708158392,12:33:04.708,135.1100,100
45184708200429,12:33:04.708,135.1400,100
45184710316616,12:33:04.710,135.2100,1
45191813633051,12:33:11.813,135.1500,16
45191813662543,12:33:11.813,135.1500,84
45206631730636,12:33:26.631,135.1000,100
45224700231532,12:33:44.700,135.0600,52
45224700231532,12:33:44.700,135.0800,248
45224700583410,12:33:44.700,135.0800,100
45224700637333,12:33:44.700,135.0800,52
45224700637333,12:33:44.700,135.0800,48
45224700691112,12:33:44.700,135.0800,100
45224700741401,12:33:44.700,135.0800,100
45224700974201,12:33:44.700,135.0800,200
45224701242318,12:33:44.701,135.0800,2
45234183044801,12:33:54.183,135.0700,52
45234183044801,12:33:54.183,135.0800,48
45235507952103,12:33:55.507,135.0700,52
45235507952103,12:33:55.507,135.0800,48
45236691798339,12:33:56.691,135.0700,52
45236691798339,12:33:56.691,135.0800,48
45245996394706,12:34:05.996,135.0700,52
45245996394706,12:34:05.996,135.0700,48
45249494069136,12:34:09.494,135.0100,150
45249494069136,12:34:09.494,135.0100,50
45249494230472,12:34:09.494,135.0100,50
45249496510278,12:34:09.496,135.0100,100
45249497086741,12:34:09.497,135.0000,100
45249497163017,12:34:09.497,135.0000,100
45261241240533,12:34:21.241,135.0000,300
45264434780949,12:34:24.434,135.0000,914
45267798748242,12:34:27.798,134.8500,52
45267798748242,12:34:27.798,134.8800,48
45267798781191,12:34:27.798,134.8800,138
45321753990292,12:35:21.753,134.8800,100
45321753996092,12:35:21.753,134.8800,100
45321754222655,12:35:21.754,134.8800,6
45321754226322,12:35:21.754,134.8800,94
45321754541681,12:35:21.754,134.8800,10
45350368033790,12:35:50.368,135.0000,52
45350368033790,12:35:50.368,135.0100,48
45372232429664,12:36:12.232,134.8800,100
45395370499541,12:36:35.370,134.9200,1
45395370525595,12:36:35.370,134.9200,99
45395370525595,12:36:35.370,134.9200,100
45436281137825,12:37:16.281,134.9400,52
45436281137825,12:37:16.281,134.9500,48
45436281187603,12:37:16.281,134.9500,52
45436281187603,12:37:16.281,134.9500,48
45436281207884,12:37:16.281,134.9500,52
45436281276017,12:37:16.281,134.9500,48
45436281338573,12:37:16.281,134.9500,52
45436282204160,12:37:16.282,135.0000,86
45436282231743,12:37:16.282,135.0000,14
45506067675283,12:38:26.067,135.0000,52
45506730457976,12:38:26.730,135.0000,52
45507115294191,12:38:27.115,135.0000,52
45514653576661,12:38:34.653,135.0200,100
45514653576661,12:38:34.653,135.0200,100
45514653576661,12:38:34.653,135.0200,100
45518225482658,12:38:38.225,134.9900,6
45526576998326,12:38:46.576,135.0000,6
45526576998326,12:38:46.576,135.0000,5
45526577354338,12:38:46.577,134.9900,100
45526579138176,12:38:46.579,134.9800,10
45526579138176,12:38:46.579,134.9900,90
45526579205113,12:38:46.579,134.9900,10
45526579564042,12:38:46.579,135.0000,95
45623138663702,12:40:23.138,135.0700,100
45706288040440,12:41:46.288,135.0700,100
45706288083609,12:41:46.288,135.0700,6
45706288266347,12:41:46.288,135.0700,100
45706288266347,12:41:46.288,135.0800,6
45706288281598,12:41:46.288,135.0800,5
45706288398196,12:41:46.288,135.0800,89
45706288888552,12:41:46.288,135.1000,2
45708447594500,12:41:48.447,135.0100,7
45708447598870,12:41:48.447,135.0100,93
45899952475258,12:44:59.952,134.9700,100
45899952475258,12:44:59.952,134.9700,80
45899952475258,12:44:59.952,134.9700,5
45899952475258,12:44:59.952,134.9700,15
45899952508522,12:44:59.952,134.9700,85
45899952845939,12:44:59.952,134.9700,100
45911995297138,12:45:11.995,135.0400,100
45923995962307,12:45:23.995,135.0400,100
45952405658256,12:45:52.405,134.9300,100
46016327807527,12:46:56.327,135.0000,7
46141634446824,12:49:01.634,135.0300,5
46167905894818,12:49:27.905,135.0000,4
46198210002734,12:49:58.210,135.0100,1
46198210415059,12:49:58.210,135.0000,100
46321623010167,12:52:01.623,134.9000,10
46321623166842,12:52:01.623,134.8700,100
46410350592124,12:53:30.350,134.9400,100
46412342819194,12:53:32.342,134.9400,100
46424050461886,12:53:44.050,134.9400,100
46424050640695,12:53:44.050,134.9400,100
46665966830531,12:57:45.966,134.9900,6
46665966830531,12:57:45.966,134.9900,81
46665966961731,12:57:45.966,135.0000,10
46676659745344,12:57:56.659,135.0000,100
46705046696007,12:58:25.046,135.0400,6
46705047070196,12:58:25.047,135.0900,100
46707176475305,12:58:27.176,135.1100,10
46707176542851,12:58:27.176,135.1200,2
46707176542851,12:58:27.176,135.1200,3
46731098468939,12:58:51.098,135.1400,2
46731098468939,12:58:51.098,135.1400,8
46731098468939,12:58:51.098,135.1400,90
46731098500586,12:58:51.098,135.1400,10
46731103152032,12:58:51.103,135.1800,1
46731224222894,12:58:51.224,135.1900,1
46731224222894,12:58:51.224,135.1900,2
46846906706435,13:00:46.906,134.9500,11
46957386691767,13:02:37.386,135.0400,100
46957386691767,13:02:37.386,135.0400,6
46957386691767,13:02:37.386,135.0400,70
46957386722814,13:02:37.386,135.0400,30
46957386813499,13:02:37.386,135.0400,100
46957387111741,13:02:37.387,135.0500,50
46975152863402,13:02:55.152,135.1300,100
46975153651162,13:02:55.153,135.1500,77
46975543552599,13:02:55.543,135.1900,42
46975543586915,13:02:55.543,135.1900,58
47233068645382,13:07:13.068,135.2000,2
47233068645382,13:07:13.068,135.2000,100
47233068645382,13:07:13.068,135.2000,6
47233068961947,13:07:13.068,135.2000,100
47233069499559,13:07:13.069,135.2100,2
47233069584531,13:07:13.069,135.2200,2
47234470585546,13:07:14.470,135.2300,100
47234472499707,13:07:14.472,135.2600,2
47260441138158,13:07:40.441,135.2100,16
47260441151324,13:07:40.441,135.2100,51
47260441178744,13:07:40.441,135.2100,33
47363920020862,13:09:23.920,135.2100,2
47363921232832,13:09:23.921,135.2700,2
47373833626164,13:09:33.833,135.2300,100
47399790512037,13:09:59.790,135.2300,100
47430750565992,13:10:30.750,135.2000,5
47698840043557,13:14:58.840,135.0900,22
48042297014119,13:20:42.297,135.0300,10
48091051768871,13:21:31.051,134.9400,100
48120699316145,13:22:00.699,134.8700,20
48206511482477,13:23:26.511,134.8900,100
48241261467600,13:24:01.261,134.8550,6
48242041524732,13:24:02.041,134.8800,38
48242041524732,13:24:02.041,134.8900,100
48242041524732,13:24:02.041,134.8900,62
48242041575843,13:24:02.041,134.8900,16
48242041581623,13:24:02.041,134.8900,22
48242041581623,13:24:02.041,134.8900,78
48242041611322,13:24:02.041,134.8900,122
48242733688549,13:24:02.733,134.9500,12
48271711633358,13:24:31.711,134.9300,8
48271711633358,13:24:31.711,134.9500,192
48271711662914,13:24:31.711,134.9500,8
48271712177276,13:24:31.712,134.9600,100
48401831127827,13:26:41.831,135.0200,100
48401831259731,13:26:41.831,135.0200,100
48401831259731,13:26:41.831,135.0200,6
48409743201815,13:26:49.743,135.0500,5
48409743262746,13:26:49.743,135.0600,1
48445012582712,13:27:25.012,135.0500,100
48445012669924,13:27:25.012,135.0500,27
48499224234369,13:28:19.224,135.0300,100
48499224269964,13:28:19.224,135.0300,114
48499224386297,13:28:19.224,135.0300,8
48499224418913,13:28:19.224,135.0300,78
48499226354099,13:28:19.226,135.0600,100
48499226770322,13:28:19.226,135.0800,2
48499226770322,13:28:19.226,135.0800,6
48499227858617,13:28:19.227,135.1100,2
48502229129353,13:28:22.229,135.1000,5
48551428623137,13:29:11.428,135.0800,100
49036594934109,13:37:16.594,135.0000,100
49036594946818,13:37:16.594,134.9900,5
49036633849058,13:37:16.633,134.9800,2
49105401053123,13:38:25.401,135.0000,100
49234380798367,13:40:34.380,134.9700,6
49234380798367,13:40:34.380,134.9700,100
49234380822510,13:40:34.380,134.9700,100
49234381537608,13:40:34.381,134.9800,100
49234381569617,13:40:34.381,134.9800,187
49234381604373,13:40:34.381,134.9800,13
49234381630950,13:40:34.381,134.9800,100
49271396809574,13:41:11.396,134.9400,100
49426799144723,13:43:46.799,134.8500,100
49445024615358,13:44:05.024,134.8400,100
49576221920673,13:46:16.221,134.7700,21
49669175738606,13:47:49.175,134.8300,39
49669175738606,13:47:49.175,134.8400,61
49669175756214,13:47:49.175,134.8400,39
49669175756214,13:47:49.175,134.8400,7
49669177116794,13:47:49.177,134.9000,10
49669179780936,13:47:49.179,134.9200,25
49703330840209,13:48:23.330,134.9300,5
49703330869338,13:48:23.330,134.9300,1
49703330869338,13:48:23.330,134.9300,99
49703330886922,13:48:23.330,134.9300,1
49703690123323,13:48:23.690,135.0100,2
49703690130663,13:48:23.690,135.0200,2
49703690134224,13:48:23.690,135.0300,2
49704524002544,13:48:24.524,134.9900,100
49738002085166,13:48:58.002,134.8900,100
49738002130728,13:48:58.002,134.8900,8
49738002321296,13:48:58.002,134.8900,92
49738002321296,13:48:58.002,134.8900,8
50008923022462,13:53:28.923,135.0200,8
50008923022462,13:53:28.923,135.0200,16
50008923302950,13:53:28.923,135.0500,2
50008924061924,13:53:28.924,135.0600,2
50008924061924,13:53:28.924,135.0600,3
50008924061924,13:53:28.924,135.0700,1
50008924061924,13:53:28.924,135.0800,1
50008927747496,13:53:28.927,135.0900,1
50008927747496,13:53:28.927,135.0900,9
50045588194575,13:54:05.588,135.0900,69
50045588219289,13:54:05.588,135.0900,31
50045588219289,13:54:05.588,135.0900,10
50045588219289,13:54:05.588,135.0900,10
50045588584411,13:54:05.588,135.0800,100
50045588636110,13:54:05.588,135.0800,100
50402927740103,14:00:02.927,135.0400,12
50405724475797,14:00:05.724,135.0500,100
50405724475797,14:00:05.724,135.0500,8
50407851036933,14:00:07.851,135.0500,100
50407851067636,14:00:07.851,135.0500,100
50409049623693,14:00:09.049,135.1500,2
50409049623693,14:00:09.049,135.1500,98
50409489811815,14:00:09.489,135.1500,2
50409489811815,14:00:09.489,135.1500,98
50409489886059,14:00:09.489,135.1700,1
50409489886059,14:00:09.489,135.1700,9
50409489924228,14:00:09.489,135.1800,1
50409489924228,14:00:09.489,135.1800,4
50409489963805,14:00:09.489,135.1900,2
50409489963805,14:00:09.489,135.1900,3
50409490474960,14:00:09.490,135.2100,1
50409490568779,14:00:09.490,135.2400,1
50409490753943,14:00:09.490,135.2600,1
50409490791497,14:00:09.490,135.2800,5
50409491074290,14:00:09.491,135.3000,1
50409491074290,14:00:09.491,135.3000,4
50409492562151,14:00:09.492,135.3000,5
50409493010673,14:00:09.493,135.3000,5
50409493598535,14:00:09.493,135.3000,5
50409493958267,14:00:09.493,135.3000,5
50409494013483,14:00:09.494,135.3000,5
50409494756537,14:00:09.494,135.3000,5
50409496375530,14:00:09.496,135.3000,5
50409499157810,14:00:09.499,135.3000,5
50409505678640,14:00:09.505,135.3000,5
50409512199152,14:00:09.512,135.3000,5
50410503245483,14:00:10.503,135.3100,2
50410503245483,14:00:10.503,135.3100,3
50410503245483,14:00:10.503,135.3100,95
50410503318337,14:00:10.503,135.3100,5
50410503720020,14:00:10.503,135.3500,1
50410503720020,14:00:10.503,135.3500,1
50410503720020,14:00:10.503,135.3500,3
50410505762472,14:00:10.505,135.3600,1
50410505762472,14:00:10.505,135.3600,4
50423950617642,14:00:23.950,135.1500,98
50423950680540,14:00:23.950,135.1500,2
50423950680540,14:00:23.950,135.1500,98
50423950994262,14:00:23.950,135.1400,5
50446709931171,14:00:46.709,135.0000,5
50446709982567,14:00:46.709,135.0000,95
50446709982567,14:00:46.709,135.0000,5
50447150069571,14:00:47.150,135.0000,95
50447150069571,14:00:47.150,135.0000,5
50447150098614,14:00:47.150,135.0000,95
50447424422242,14:00:47.424,135.0000,100
50450135248429,14:00:50.135,135.1100,100
50463369537361,14:01:03.369,135.2800,100
50463369705732,14:01:03.369,135.2800,100
50466033126174,14:01:06.033,135.3800,1
50466033126174,14:01:06.033,135.3800,1
50466033126174,14:01:06.033,135.3800,21
50466033126174,14:01:06.033,135.3800,77
50466033213540,14:01:06.033,135.3800,23
50466293868421,14:01:06.293,135.3800,100
50466314957475,14:01:06.314,135.4100,2
50620717304541,14:03:40.717,135.3400,100
50620717304541,14:03:40.717,135.3400,6
50620717958320,14:03:40.717,135.3400,100
50652657539605,14:04:12.657,135.4700,4
50652683009401,14:04:12.683,135.5200,1
50653149442593,14:04:13.149,135.5600,5
50708713742229,14:05:08.713,135.6000,5
50842559133178,14:07:22.559,135.6600,20
50878893185204,14:07:58.893,135.4500,20
50918498513977,14:08:38.498,135.5100,100
50918498513977,14:08:38.498,135.5400,100
50918498731195,14:08:38.498,135.5400,100
50947837344170,14:09:07.837,135.6200,30
51082057649607,14:11:22.057,135.6600,4
51082057730244,14:11:22.057,135.6800,4
51191652709665,14:13:11.652,135.9600,100
51206345878973,14:13:26.345,135.9700,1
51206348132030,14:13:26.348,136.0000,2
51206348132030,14:13:26.348,136.0000,45
51223859728873,14:13:43.859,136.1400,4
51224576630067,14:13:44.576,136.1800,9
51224576694693,14:13:44.576,136.1800,12
51227771829321,14:13:47.771,136.1400,100
51227771864026,14:13:47.771,136.1400,10
51227771864026,14:13:47.771,136.1400,60
51227771864026,14:13:47.771,136.1400,30
51251254440866,14:14:11.254,136.1000,100
51272252456125,14:14:32.252,136.2000,2
51300208653947,14:15:00.208,136.1100,16
51300208771696,14:15:00.208,136.1100,50
51300208777696,14:15:00.208,136.1100,7
51300209044709,14:15:00.209,136.1100,27
51300842128260,14:15:00.842,135.9800,100
51315666332655,14:15:15.666,136.1100,1
51352838378159,14:15:52.838,136.0900,100
51352838519329,14:15:52.838,136.0900,50
51352838519329,14:15:52.838,136.1400,50
51352838633040,14:15:52.838,136.1500,100
51352840327930,14:15:52.840,136.1900,1
51385486558995,14:16:25.486,136.1900,100
51385487056645,14:16:25.487,136.1900,1
51385491424908,14:16:25.491,136.2100,100
51385491590885,14:16:25.491,136.2200,15
51428451880484,14:17:08.451,136.2100,27
51524423107621,14:18:44.423,136.3700,1
51676849552598,14:21:16.849,136.4800,100
51676849634146,14:21:16.849,136.4800,100
51676849637026,14:21:16.849,136.4800,46
51676849641542,14:21:16.849,136.4800,54
51676849695462,14:21:16.849,136.4900,3
51676849734736,14:21:16.849,136.5000,17
51676849737358,14:21:16.849,136.5000,33
51676849737358,14:21:16.849,136.5000,10
51767233610734,14:22:47.233,136.5600,100
51767234005818,14:22:47.234,136.5500,100
51767234100955,14:22:47.234,136.5500,100
51767234251189,14:22:47.234,136.5100,60
51767234999907,14:22:47.234,136.5100,1
51767474188574,14:22:47.474,136.5100,39
51772038317641,14:22:52.038,136.5600,100
51772038317641,14:22:52.038,136.5800,100
51800932316507,14:23:20.932,136.5000,100
51800932316507,14:23:20.932,136.4900,100
51811856846531,14:23:31.856,136.6800,100
51811856846531,14:23:31.856,136.7000,100
51825907938426,14:23:45.907,136.6200,100
51826881965710,14:23:46.881,136.6200,100
51827846645764,14:23:47.846,136.6000,100
51827921758890,14:23:47.921,136.6600,100
51827921758890,14:23:47.921,136.6700,300
51829854043606,14:23:49.854,136.7500,2
51829854044992,14:23:49.854,136.7500,98
51838846981134,14:23:58.846,136.7000,3
51839696039377,14:23:59.696,136.6800,100
51910888162823,14:25:10.888,136.7700,3
51949738109999,14:25:49.738,136.9000,85
51958992443044,14:25:58.992,136.9000,15
51967050964490,14:26:07.050,136.9000,2
51989200499618,14:26:29.200,136.9000,2
51990389129326,14:26:30.389,136.9000,2
51990413849658,14:26:30.413,136.9000,2
51997483821899,14:26:37.483,136.7300,20
51997483821899,14:26:37.483,136.7200,80
51997483869222,14:26:37.483,136.7200,20
52039505267377,14:27:19.505,136.6900,100
52046357170208,14:27:26.357,136.5600,24
52046357183289,14:27:26.357,136.5600,26
52046357215650,14:27:26.357,136.5600,14
52046357407924,14:27:26.357,136.5600,36
52202922997605,14:30:02.922,136.3750,100
52225352004647,14:30:25.352,136.3700,100
52226293010109,14:30:26.293,136.3650,100
52226858003203,14:30:26.858,136.3600,100
52227444012222,14:30:27.444,136.3600,100
52228448009503,14:30:28.448,136.3550,100
52229444004504,14:30:29.444,136.3550,100
52252502012659,14:30:52.502,136.3500,100
52305831763291,14:31:45.831,136.4100,100
52305831891402,14:31:45.831,136.4100,73
52305831929049,14:31:45.831,136.4100,73
52305832270032,14:31:45.832,136.4100,27
52305832270032,14:31:45.832,136.4100,73
52305832519768,14:31:45.832,136.4100,27
52305832519768,14:31:45.832,136.4200,68
52305832662078,14:31:45.832,136.4200,32
52305832951546,14:31:45.832,136.4300,1
52445095341004,14:34:05.095,136.3800,100
52445095341004,14:34:05.095,136.3800,100
52445095970868,14:34:05.095,136.3900,100
52445098198360,14:34:05.098,136.4500,100
52496883419850,14:34:56.883,136.4900,100
52496883419850,14:34:56.883,136.4900,100
52496883419850,14:34:56.883,136.4900,30
52496884077662,14:34:56.884,136.5000,1
52496916618794,14:34:56.916,136.5000,100
52500006322815,14:35:00.006,136.4700,5
52500006351152,14:35:00.006,136.4700,95
52515899958097,14:35:15.899,136.5100,4
52542400885111,14:35:42.400,136.5400,100
52614816763769,14:36:54.816,136.5700,9
52614817373661,14:36:54.817,136.5700,100
52668728805484,14:37:48.728,136.5700,100
52668728916089,14:37:48.728,136.5700,36
52668729106272,14:37:48.729,136.5800,1
52668730529569,14:37:48.730,136.5900,5
52668733650384,14:37:48.733,136.6100,10
52668734739743,14:37:48.734,136.6200,8
52730379768647,14:38:50.379,136.6300,2
52730380035643,14:38:50.380,136.6400,41
52730380085554,14:38:50.380,136.6400,59
52730380085554,14:38:50.380,136.6400,5
52730380085554,14:38:50.380,136.6400,36
52730380138288,14:38:50.380,136.6400,64
52730380138288,14:38:50.380,136.6400,1
52730381218928,14:38:50.381,136.6600,5
52730381297778,14:38:50.381,136.6700,100
52730381340947,14:38:50.381,136.6800,5
52762927289644,14:39:22.927,136.4800,5
52970254010471,14:42:50.254,136.3800,100
52970254052414,14:42:50.254,136.3800,100
52970348207893,14:42:50.348,136.2800,100
53042467092771,14:44:02.467,136.3600,100
53042467092771,14:44:02.467,136.3600,100
53042467092771,14:44:02.467,136.3600,100
53042468266889,14:44:02.468,136.3800,15
53042469576198,14:44:02.469,136.3800,85
53043547898888,14:44:03.547,136.4000,100
53102399346285,14:45:02.399,136.3300,100
53117053601613,14:45:17.053,136.3200,1
53124332290220,14:45:24.332,136.2200,5
53158241932458,14:45:58.241,136.2900,100
53158241932458,14:45:58.241,136.3200,100
53158242570431,14:45:58.242,136.3300,100
53189273069660,14:46:29.273,136.4300,22
53189285605425,14:46:29.285,136.4800,20
53189300478683,14:46:29.300,136.4900,10
53189844887630,14:46:29.844,136.5100,1
53189844930454,14:46:29.844,136.5200,10
53189871408399,14:46:29.871,136.5400,10
53190053001946,14:46:30.053,136.5300,100
53191493695408,14:46:31.493,136.5100,100
53191494634944,14:46:31.494,136.5100,31
53191494634944,14:46:31.494,136.4900,10
53191496264890,14:46:31.496,136.4600,3
53195681858097,14:46:35.681,136.5000,100
53221143888936,14:47:01.143,136.5500,10
53221145983166,14:47:01.145,136.5800,10
53221145983166,14:47:01.145,136.5800,90
53221146046376,14:47:01.146,136.5800,10
53221147553648,14:47:01.147,136.6000,10
53240409109874,14:47:20.409,136.5550,10
53240409520414,14:47:20.409,136.5550,20
53240409531062,14:47:20.409,136.5550,10
53240409573826,14:47:20.409,136.5550,10
53297182666582,14:48:17.182,136.4900,100
53297182666582,14:48:17.182,136.4900,3
53511136452325,14:51:51.136,136.4500,100
53511138567904,14:51:51.138,136.4900,34
53511138981171,14:51:51.138,136.5100,100
53511572430066,14:51:51.572,136.5400,100
53526135272506,14:52:06.135,136.6200,5
53526678138277,14:52:06.678,136.6300,1
53526678138277,14:52:06.678,136.6300,100
53526686809079,14:52:06.686,136.6400,5
53526687882644,14:52:06.687,136.6500,2
53536317782328,14:52:16.317,136.6800,5
53536317849522,14:52:16.317,136.6900,5
53536318212754,14:52:16.318,136.7000,10
53538334187707,14:52:18.334,136.7200,10
53538334259432,14:52:18.334,136.7300,5
53542796596417,14:52:22.796,136.7600,5
53542796667052,14:52:22.796,136.7700,1
53542796667052,14:52:22.796,136.7700,4
53554800113907,14:52:34.800,136.8200,1
53556605599484,14:52:36.605,136.8400,5
53556605599484,14:52:36.605,136.8500,10
53556605623763,14:52:36.605,136.8600,1
53556605623763,14:52:36.605,136.8700,10
53556605623763,14:52:36.605,136.8800,5
53556605623763,14:52:36.605,136.8900,10
53557799951452,14:52:37.799,136.9100,100
53559798820382,14:52:39.798,136.9200,1
53614055344705,14:53:34.055,136.9400,100
53614055344705,14:53:34.055,136.9400,4
53614055348614,14:53:34.055,136.9400,100
53614055388394,14:53:34.055,136.9200,100
53614056514623,14:53:34.056,136.8700,100
53614056522305,14:53:34.056,136.8700,100
53618471859444,14:53:38.471,136.8600,100
53632991688497,14:53:52.991,136.9600,1
53632991725411,14:53:52.991,136.9700,7
53632996169395,14:53:52.996,137.0000,50
53632996169395,14:53:52.996,137.0000,50
53632996207667,14:53:52.996,137.0000,50
