timestamp,time,price,volume
21198292737057,05:53:18.292,52.8800,50
29204303463430,08:06:44.303,52.9700,900
32937474942624,09:08:57.474,53.0800,600
32938476363312,09:08:58.476,53.0800,400
33540053077135,09:19:00.053,53.0700,100
33605064104897,09:20:05.064,53.0700,100
33685026445752,09:21:25.026,53.0700,100
34195042169705,09:29:55.042,53.0200,400
34200038902067,09:30:00.038,53.0300,100
34200194328036,09:30:00.194,0.0000,0
34202739792029,09:30:02.739,53.0200,100
34234713527789,09:30:34.713,53.0300,400
34290156721886,09:31:30.156,53.0700,85
34290156779751,09:31:30.156,53.0700,15
34290156779751,09:31:30.156,53.0700,85
34290156881633,09:31:30.156,53.0700,15
34300418525618,09:31:40.418,53.0900,17
34300418574099,09:31:40.418,53.0900,183
34300418574099,09:31:40.418,53.0900,17
34311927941708,09:31:51.927,53.0600,169
34311928416876,09:31:51.928,53.0600,127
34311928448790,09:31:51.928,53.0600,104
34311928448790,09:31:51.928,53.0600,228
34348002089800,09:32:28.002,53.0700,200
34375281657382,09:32:55.281,53.0900,200
34375285128155,09:32:55.285,53.0900,100
34377326773783,09:32:57.326,53.0800,400
34377326773783,09:32:57.326,53.0800,200
34381540931895,09:33:01.540,53.0600,100
34411682346377,09:33:31.682,53.0500,100
34421166964213,09:33:41.166,53.0500,100
34421467552104,09:33:41.467,53.0500,368
34421467583279,09:33:41.467,53.0500,405
34421467583279,09:33:41.467,53.0500,100
34426173289261,09:33:46.173,53.0600,100
34428703907841,09:33:48.703,53.0800,100
34435172118016,09:33:55.172,53.0900,200
34437884251262,09:33:57.884,53.0900,75
34437884251262,09:33:57.884,53.0900,200
34437884251262,09:33:57.884,53.0900,100
34437886619095,09:33:57.886,53.0900,100
34437886619095,09:33:57.886,53.0900,100
34437886619095,09:33:57.886,53.0900,100
34437886619095,09:33:57.886,53.0900,100
34437886619095,09:33:57.886,53.0900,200
34437958707658,09:33:57.958,53.0800,200
34441295458987,09:34:01.295,53.0900,100
34446329890471,09:34:06.329,53.0800,183
34448821965890,09:34:08.821,53.0800,100
34448821965890,09:34:08.821,53.0800,100
34448842109015,09:34:08.842,53.0800,67
34451259504564,09:34:11.259,53.0800,100
34457212039220,09:34:17.212,53.0900,100
34457212270326,09:34:17.212,53.0900,100
34457212270326,09:34:17.212,53.0900,100
34457212270326,09:34:17.212,53.0900,100
34463106557659,09:34:23.106,53.0800,100
34470240254145,09:34:30.240,53.0700,400
34477320477479,09:34:37.320,53.0900,100
34477322343082,09:34:37.322,53.0900,100
34512079717499,09:35:12.079,53.0600,40
34513069538191,09:35:13.069,53.0600,60
34513073330360,09:35:13.073,53.0700,100
34555505010602,09:35:55.505,53.0700,200
34555505010602,09:35:55.505,53.0700,100
34595305783050,09:36:35.305,53.0500,40
34609306041525,09:36:49.306,53.0500,100
34613378680092,09:36:53.378,53.0500,39
34614458169488,09:36:54.458,53.0500,15
34614458211327,09:36:54.458,53.0500,46
34614508838950,09:36:54.508,53.0600,100
34614858641343,09:36:54.858,53.0600,100
34646514556260,09:37:26.514,53.0600,100
34646514556260,09:37:26.514,53.0600,100
34647194398662,09:37:27.194,53.0600,100
34647194398662,09:37:27.194,53.0600,100
34647195616657,09:37:27.195,53.0600,100
34647195616657,09:37:27.195,53.0600,100
34647195616657,09:37:27.195,53.0600,100
34647546700266,09:37:27.546,53.0600,100
34651291728168,09:37:31.291,53.0600,21
34656628927096,09:37:36.628,53.0600,79
34656629330152,09:37:36.629,53.0600,100
34676616939497,09:37:56.616,53.0500,78
34676617270348,09:37:56.617,53.0500,100
34683370261229,09:38:03.370,53.0700,100
34683370261229,09:38:03.370,53.0700,100
34683432109964,09:38:03.432,53.0700,100
34683432450835,09:38:03.432,53.0700,100
34689071583534,09:38:09.071,53.0700,100
34689071583534,09:38:09.071,53.0700,198
34693494005435,09:38:13.494,53.0800,100
34708339967162,09:38:28.339,53.0800,100
34708339967162,09:38:28.339,53.0800,100
34712133266338,09:38:32.133,53.0700,100
34712133266338,09:38:32.133,53.0700,400
34716857805872,09:38:36.857,53.0700,110
34716858792849,09:38:36.858,53.0700,100
34716858792849,09:38:36.858,53.0700,100
34716859478599,09:38:36.859,53.0700,100
34740119518178,09:39:00.119,53.0600,400
34740119518178,09:39:00.119,53.0600,100
34741469973899,09:39:01.469,53.0500,194
34741470012429,09:39:01.470,53.0500,206
34747381036729,09:39:07.381,53.0300,100
34747381036729,09:39:07.381,53.0300,100
34747381102456,09:39:07.381,53.0300,100
34754061437335,09:39:14.061,53.0100,100
34754061437335,09:39:14.061,53.0100,100
34818494754259,09:40:18.494,52.9900,100
34818494754259,09:40:18.494,52.9900,100
34826197865845,09:40:26.197,53.0100,90
34830154375137,09:40:30.154,53.0100,100
34874655366303,09:41:14.655,53.0200,100
34874953793931,09:41:14.953,53.0200,100
34886589104261,09:41:26.589,53.0100,100
34900667068244,09:41:40.667,53.0100,103
34900667104748,09:41:40.667,53.0100,97
34947955123525,09:42:27.955,53.0000,100
34949788536521,09:42:29.788,53.0000,100
34953887304379,09:42:33.887,53.0100,100
34970853872007,09:42:50.853,53.0100,100
34987951307876,09:43:07.951,53.0200,100
34987951307876,09:43:07.951,53.0200,100
34988907302400,09:43:08.907,53.0100,100
34988907302400,09:43:08.907,53.0100,100
34989101233276,09:43:09.101,53.0100,100
34989101233276,09:43:09.101,53.0100,50
34989101372670,09:43:09.101,53.0100,50
34989101372670,09:43:09.101,53.0100,100
34989101372670,09:43:09.101,53.0100,100
35007245432783,09:43:27.245,53.0100,100
35010655107976,09:43:30.655,53.0000,100
35010659179131,09:43:30.659,52.9900,100
35010659179131,09:43:30.659,52.9900,100
35010659179131,09:43:30.659,52.9900,100
35010659179131,09:43:30.659,52.9900,100
35010659179131,09:43:30.659,52.9900,200
35010659720818,09:43:30.659,52.9900,100
35027655452567,09:43:47.655,52.9900,100
35027655452567,09:43:47.655,52.9900,100
35027655718586,09:43:47.655,52.9900,54
35027656431875,09:43:47.656,52.9900,46
35045213513765,09:44:05.213,53.0000,100
35045213513765,09:44:05.213,53.0000,200
35047386179449,09:44:07.386,53.0100,80
35048871341881,09:44:08.871,53.0100,100
35050383431064,09:44:10.383,53.0200,100
35054181389669,09:44:14.181,53.0200,100
35054181389669,09:44:14.181,53.0200,100
35061749233509,09:44:21.749,53.0100,100
35061749233509,09:44:21.749,53.0100,100
35061749508963,09:44:21.749,53.0100,100
35061749508963,09:44:21.749,53.0100,100
35061753331189,09:44:21.753,53.0100,100
35061753331189,09:44:21.753,53.0100,100
35061753331189,09:44:21.753,53.0100,100
35068709308714,09:44:28.709,53.0200,100
35082995822197,09:44:42.995,53.0400,50
35082995848684,09:44:42.995,53.0400,50
35086465418433,09:44:46.465,53.0400,100
35086465418433,09:44:46.465,53.0400,100
35086465418433,09:44:46.465,53.0400,76
35086465462818,09:44:46.465,53.0400,24
35086469113294,09:44:46.469,53.0300,100
35089049296503,09:44:49.049,53.0400,100
35089049296503,09:44:49.049,53.0400,100
35106647613891,09:45:06.647,53.0300,100
35107563265953,09:45:07.563,53.0300,100
35107563265953,09:45:07.563,53.0300,100
35107563265953,09:45:07.563,53.0300,48
35107563958982,09:45:07.563,53.0300,92
35107581169924,09:45:07.581,53.0300,8
35108703508618,09:45:08.703,53.0300,92
35119015334888,09:45:19.015,53.0200,100
35119015334888,09:45:19.015,53.0200,50
35176095471038,09:46:16.095,52.9800,100
35176099928233,09:46:16.099,52.9700,100
35176099928233,09:46:16.099,52.9700,100
35176099949791,09:46:16.099,52.9700,100
35176112852784,09:46:16.112,52.9800,100
35176112852784,09:46:16.112,52.9800,100
35176112852784,09:46:16.112,52.9800,100
35176112852784,09:46:16.112,52.9800,100
35176112852784,09:46:16.112,52.9800,200
35176266333034,09:46:16.266,52.9800,100
35176266333034,09:46:16.266,52.9800,100
35184604003423,09:46:24.604,52.9900,100
35196300825966,09:46:36.300,52.9900,50
35199044772886,09:46:39.044,52.9900,100
35215318318208,09:46:55.318,53.0100,100
35215318706816,09:46:55.318,53.0100,100
35215670835397,09:46:55.670,53.0100,100
35227566476714,09:47:07.566,53.0200,100
35227566476714,09:47:07.566,53.0200,100
35229508440071,09:47:09.508,53.0200,100
35229508440071,09:47:09.508,53.0200,100
35269689709477,09:47:49.689,53.0000,100
35269689709477,09:47:49.689,53.0000,82
35289044369650,09:48:09.044,53.0200,400
35289044369650,09:48:09.044,53.0200,253
35289045054921,09:48:09.045,53.0200,100
35289045081371,09:48:09.045,53.0200,100
35292116250376,09:48:12.116,53.0200,100
35292116250376,09:48:12.116,53.0200,100
35292206928255,09:48:12.206,53.0300,100
35305332489862,09:48:25.332,53.0400,100
35330636546034,09:48:50.636,53.0300,100
35350520554492,09:49:10.520,53.0200,100
35350520554492,09:49:10.520,53.0200,100
35360166523140,09:49:20.166,53.0100,19
35374094076156,09:49:34.094,53.0100,100
35374094076156,09:49:34.094,53.0100,100
35375129414573,09:49:35.129,53.0100,100
35380356687061,09:49:40.356,53.0100,100
35383049204529,09:49:43.049,53.0100,100
35399792035231,09:49:59.792,53.0300,100
35408748300952,09:50:08.748,53.0300,100
35408748300952,09:50:08.748,53.0300,100
35426984277980,09:50:26.984,53.0300,100
35426984277980,09:50:26.984,53.0300,100
35434846669114,09:50:34.846,53.0300,31
35453965605598,09:50:53.965,53.0400,100
35453965605598,09:50:53.965,53.0400,100
35453965605598,09:50:53.965,53.0400,100
35460599793969,09:51:00.599,53.0500,100
35460599793969,09:51:00.599,53.0500,475
35460599793969,09:51:00.599,53.0500,100
35460599793969,09:51:00.599,53.0500,200
35460599793969,09:51:00.599,53.0500,382
35460601014866,09:51:00.601,53.0500,100
35460602208947,09:51:00.602,53.0500,100
35483595852539,09:51:23.595,53.0600,100
35483596395479,09:51:23.596,53.0600,34
35483596420591,09:51:23.596,53.0600,66
35483596420591,09:51:23.596,53.0600,100
35483596420591,09:51:23.596,53.0600,100
35527325886601,09:52:07.325,53.0600,100
35527326282231,09:52:07.326,53.0600,100
35533736256099,09:52:13.736,53.0500,100
35533736256099,09:52:13.736,53.0500,100
35536527367367,09:52:16.527,53.0500,100
35536537701818,09:52:16.537,53.0500,15
35544174142922,09:52:24.174,53.0400,100
35548071040703,09:52:28.071,53.0400,100
35573932991752,09:52:53.932,53.0300,100
35573932991752,09:52:53.932,53.0300,100
35574067208153,09:52:54.067,53.0300,100
35574228252198,09:52:54.228,53.0300,100
35581319664265,09:53:01.319,53.0300,5
35581319723330,09:53:01.319,53.0300,100
35581319723330,09:53:01.319,53.0300,100
35584717904366,09:53:04.717,53.0400,100
35584717904366,09:53:04.717,53.0400,100
35592246708668,09:53:12.246,53.0400,100
35592246708668,09:53:12.246,53.0400,100
35592246708668,09:53:12.246,53.0400,100
35594809083605,09:53:14.809,53.0400,100
35594809083605,09:53:14.809,53.0400,100
35594809083605,09:53:14.809,53.0400,100
35600823079496,09:53:20.823,53.0500,100
35600823079496,09:53:20.823,53.0500,150
35600823079496,09:53:20.823,53.0500,81
35601631627177,09:53:21.631,53.0500,100
35601631627177,09:53:21.631,53.0500,100
35601631627177,09:53:21.631,53.0500,100
35602921393673,09:53:22.921,53.0400,100
35602921393673,09:53:22.921,53.0400,100
35602921783660,09:53:22.921,53.0400,100
35602921783660,09:53:22.921,53.0400,100
35602922060190,09:53:22.922,53.0400,100
35602968682313,09:53:22.968,53.0400,100
35603673730004,09:53:23.673,53.0400,100
35639038924347,09:53:59.038,53.0400,100
35651741479970,09:54:11.741,53.0400,100
35651889199577,09:54:11.889,53.0400,100
35651889199577,09:54:11.889,53.0400,200
35651889199577,09:54:11.889,53.0400,100
35651889199577,09:54:11.889,53.0400,100
35651889264249,09:54:11.889,53.0400,100
35659905485444,09:54:19.905,53.0500,100
35663098546665,09:54:23.098,53.0600,104
35663098546665,09:54:23.098,53.0600,100
35663099454886,09:54:23.099,53.0600,100
35736907129206,09:55:36.907,53.0800,100
35736907129206,09:55:36.907,53.0800,100
35776132783082,09:56:16.132,53.0700,100
35789868353774,09:56:29.868,53.0700,100
35789868353774,09:56:29.868,53.0700,100
35795056299094,09:56:35.056,53.0700,100
35805984233178,09:56:45.984,53.0800,100
35805984233178,09:56:45.984,53.0800,50
35826061266340,09:57:06.061,53.0900,100
35891902285245,09:58:11.902,53.0800,100
35919831954004,09:58:39.831,53.0800,96
35919832162555,09:58:39.832,53.0800,100
35919832162555,09:58:39.832,53.0800,70
35919832194618,09:58:39.832,53.0800,30
35919832194618,09:58:39.832,53.0800,100
35943304040744,09:59:03.304,53.0700,100
35943304040744,09:59:03.304,53.0700,100
35943304040744,09:59:03.304,53.0700,100
35943304362846,09:59:03.304,53.0700,100
35943304393570,09:59:03.304,53.0700,1
35943315824281,09:59:03.315,53.0700,99
35943315969164,09:59:03.315,53.0700,1
35943316218089,09:59:03.316,53.0600,100
35943316427415,09:59:03.316,53.0600,100
35943316427415,09:59:03.316,53.0600,100
35943316620531,09:59:03.316,53.0600,100
35943316833201,09:59:03.316,53.0600,100
35965351142672,09:59:25.351,53.0600,100
35980946543436,09:59:40.946,53.0600,100
35991353433853,09:59:51.353,53.0500,100
35992667504599,09:59:52.667,53.0500,100
35992703465844,09:59:52.703,53.0500,100
35992703465844,09:59:52.703,53.0500,100
35992703465844,09:59:52.703,53.0500,100
35992703465844,09:59:52.703,53.0500,20
35992703808668,09:59:52.703,53.0500,100
35992703808668,09:59:52.703,53.0500,250
36001995897263,10:00:01.995,53.0500,100
36008073084183,10:00:08.073,53.0400,100
36009050949740,10:00:09.050,53.0500,100
36009050949740,10:00:09.050,53.0500,100
36009050949740,10:00:09.050,53.0500,100
36009050949740,10:00:09.050,53.0500,70
36009051023632,10:00:09.051,53.0500,16
36009051182368,10:00:09.051,53.0500,100
36009052515649,10:00:09.052,53.0500,14
36009052515649,10:00:09.052,53.0500,200
36009052611329,10:00:09.052,53.0500,186
36014754557598,10:00:14.754,53.0500,100
36031906057173,10:00:31.906,53.0500,100
36033263493033,10:00:33.263,53.0400,100
36033263493033,10:00:33.263,53.0400,100
36038780217868,10:00:38.780,53.0400,100
36038780217868,10:00:38.780,53.0400,100
36054904581199,10:00:54.904,53.0400,100
36054904581199,10:00:54.904,53.0400,100
36054905184243,10:00:54.905,53.0400,100
36063288961368,10:01:03.288,53.0400,100
36065714215839,10:01:05.714,53.0400,400
36080350548493,10:01:20.350,53.0400,100
36080451344284,10:01:20.451,53.0400,100
36080451344284,10:01:20.451,53.0400,100
36080451344284,10:01:20.451,53.0400,100
36080451344284,10:01:20.451,53.0400,100
36119219367939,10:01:59.219,53.0300,200
36129911052748,10:02:09.911,53.0400,100
36132936999144,10:02:12.936,53.0500,2
36142234661133,10:02:22.234,53.0600,98
36142234865651,10:02:22.234,53.0600,2
36146298054480,10:02:26.298,53.0700,100
36184700156452,10:03:04.700,53.0500,100
36189712304555,10:03:09.712,53.0500,100
36189712304555,10:03:09.712,53.0500,100
36189712304555,10:03:09.712,53.0500,100
36189712304555,10:03:09.712,53.0500,100
36189712304555,10:03:09.712,53.0500,28
36189712808619,10:03:09.712,53.0500,72
36189712808619,10:03:09.712,53.0500,100
36189712808619,10:03:09.712,53.0500,100
36189712808619,10:03:09.712,53.0500,100
36189712808619,10:03:09.712,53.0500,100
36189712808619,10:03:09.712,53.0500,100
36194540607653,10:03:14.540,53.0500,100
36194540607653,10:03:14.540,53.0500,200
36207431528701,10:03:27.431,53.0500,100
36207861338730,10:03:27.861,53.0600,100
36207861338730,10:03:27.861,53.0600,100
36207861338730,10:03:27.861,53.0600,100
36207861338730,10:03:27.861,53.0600,100
36208032662342,10:03:28.032,53.0700,100
36208032662342,10:03:28.032,53.0700,100
36229233157079,10:03:49.233,53.0700,100
36237177222611,10:03:57.177,53.0700,93
36237399936542,10:03:57.399,53.0700,100
36237399936542,10:03:57.399,53.0700,100
36256594300545,10:04:16.594,53.0800,100
36256594300545,10:04:16.594,53.0800,100
36256614034527,10:04:16.614,53.0800,100
36256614034527,10:04:16.614,53.0800,100
36256614034527,10:04:16.614,53.0800,100
36267438061194,10:04:27.438,53.0700,100
36289810905092,10:04:49.810,53.0500,36
36289810915149,10:04:49.810,53.0500,64
36298620284828,10:04:58.620,53.0400,100
36305204886700,10:05:05.204,53.0500,100
36305204886700,10:05:05.204,53.0500,100
36305204886700,10:05:05.204,53.0500,100
36305228496943,10:05:05.228,53.0600,100
36305228496943,10:05:05.228,53.0600,100
36305245980898,10:05:05.245,53.0700,100
36305245980898,10:05:05.245,53.0700,100
36305245980898,10:05:05.245,53.0700,74
36305246342526,10:05:05.246,53.0700,200
36305246490194,10:05:05.246,53.0700,100
36305246490194,10:05:05.246,53.0700,100
36305246689549,10:05:05.246,53.0700,100
36305246689549,10:05:05.246,53.0700,100
36305247053436,10:05:05.247,53.0700,100
36307310909786,10:05:07.310,53.0700,200
36307310909786,10:05:07.310,53.0700,100
36307311449790,10:05:07.311,53.0700,3
36307311469230,10:05:07.311,53.0700,97
36307311469230,10:05:07.311,53.0700,300
36307311469230,10:05:07.311,53.0700,100
36307311469230,10:05:07.311,53.0700,100
36307311469230,10:05:07.311,53.0700,100
36319333711718,10:05:19.333,53.0600,17
36319338020718,10:05:19.338,53.0600,83
36319338020718,10:05:19.338,53.0600,100
36330800032372,10:05:30.800,53.0600,100
36332582962332,10:05:32.582,53.0700,100
36332582962332,10:05:32.582,53.0700,100
36340588014608,10:05:40.588,53.0650,100
36358588760650,10:05:58.588,53.0700,200
36358588760650,10:05:58.588,53.0700,100
36358589629000,10:05:58.589,53.0700,200
36358589629000,10:05:58.589,53.0700,100
36358589629000,10:05:58.589,53.0700,100
36358589629000,10:05:58.589,53.0700,100
36368403801871,10:06:08.403,53.0800,100
36368426110261,10:06:08.426,53.0800,22
36368673125091,10:06:08.673,53.0800,100
36368673125091,10:06:08.673,53.0800,100
36368673125091,10:06:08.673,53.0800,100
36400857032716,10:06:40.857,53.0800,100
36421669846415,10:07:01.669,53.0800,100
36476979542588,10:07:56.979,53.0600,43
36494497959095,10:08:14.497,53.0600,57
36494497959095,10:08:14.497,53.0600,43
36494498012997,10:08:14.498,53.0600,57
36494928446209,10:08:14.928,53.0600,57
36494928446209,10:08:14.928,53.0600,100
36497000534120,10:08:17.000,53.0700,100
36497000534120,10:08:17.000,53.0700,100
36510437543390,10:08:30.437,53.0800,100
36510437543390,10:08:30.437,53.0800,100
36510437543390,10:08:30.437,53.0800,100
36510437543390,10:08:30.437,53.0800,300
36510437543390,10:08:30.437,53.0800,100
36510437543390,10:08:30.437,53.0800,100
36510437868849,10:08:30.437,53.0800,100
36510437868849,10:08:30.437,53.0800,100
36512058417538,10:08:32.058,53.0800,300
36512079866278,10:08:32.079,53.0850,100
36558149115348,10:09:18.149,53.0800,11
36560584505421,10:09:20.584,53.0800,100
36560584505421,10:09:20.584,53.0800,100
36560584505421,10:09:20.584,53.0800,100
36591100999015,10:09:51.100,53.0800,100
36710595841068,10:11:50.595,53.1100,67
36710595914943,10:11:50.595,53.1100,33
36712004987955,10:11:52.004,53.1100,400
36712004987955,10:11:52.004,53.1100,100
36712004987955,10:11:52.004,53.1100,100
36717034305541,10:11:57.034,53.1000,41
36717034311285,10:11:57.034,53.1000,59
36717034311285,10:11:57.034,53.1000,100
36717034311285,10:11:57.034,53.1000,100
36717034311285,10:11:57.034,53.1000,22
36717034318994,10:11:57.034,53.1000,78
36732050239084,10:12:12.050,53.1000,96
36766328884525,10:12:46.328,53.0900,100
36766328884525,10:12:46.328,53.0900,100
36796358802179,10:13:16.358,53.0900,200
36849146431586,10:14:09.146,53.1000,97
36849146431586,10:14:09.146,53.1000,100
36941776376822,10:15:41.776,53.1200,200
36954980620498,10:15:54.980,53.1200,300
36954980620498,10:15:54.980,53.1200,118
36954994516025,10:15:54.994,53.1300,100
36954994516025,10:15:54.994,53.1300,100
36955009638214,10:15:55.009,53.1300,100
36955009638214,10:15:55.009,53.1300,100
36956056510441,10:15:56.056,53.1300,100
36956056510441,10:15:56.056,53.1300,100
36967689143928,10:16:07.689,53.1200,100
36968172386811,10:16:08.172,53.1200,100
36992979694152,10:16:32.979,53.1300,30
36992979771054,10:16:32.979,53.1300,29
36993154671806,10:16:33.154,53.1300,100
36993154671806,10:16:33.154,53.1300,100
36993154779504,10:16:33.154,53.1300,100
36993385088186,10:16:33.385,53.1300,100
36994937225298,10:16:34.937,53.1300,100
37028781176388,10:17:08.781,53.1200,100
37028781862227,10:17:08.781,53.1200,63
37028786204318,10:17:08.786,53.1200,36
37028786764379,10:17:08.786,53.1200,100
37037000188669,10:17:17.000,53.1200,1
37044707163638,10:17:24.707,53.1300,34
37053515014262,10:17:33.515,53.1400,100
37057542515320,10:17:37.542,53.1400,200
37057543212836,10:17:37.543,53.1400,100
37084973125531,10:18:04.973,53.1400,100
37084973125531,10:18:04.973,53.1400,100
37084973125531,10:18:04.973,53.1400,100
37084973125531,10:18:04.973,53.1400,100
37084973125531,10:18:04.973,53.1400,100
37085178437715,10:18:05.178,53.1400,100
37085713576906,10:18:05.713,53.1500,100
37085713576906,10:18:05.713,53.1500,100
37085715133560,10:18:05.715,53.1500,100
37086552276498,10:18:06.552,53.1600,100
37086789255889,10:18:06.789,53.1600,100
37086789255889,10:18:06.789,53.1600,100
37223147310174,10:20:23.147,53.1500,100
37223147310174,10:20:23.147,53.1500,100
37223147310174,10:20:23.147,53.1500,100
37223147310174,10:20:23.147,53.1500,164
37223147863496,10:20:23.147,53.1500,152
37223148474394,10:20:23.148,53.1500,84
37223148474394,10:20:23.148,53.1500,16
37223148530332,10:20:23.148,53.1500,84
37244810470042,10:20:44.810,53.1300,100
37244810470042,10:20:44.810,53.1300,100
37245033516823,10:20:45.033,53.1400,100
37245033516823,10:20:45.033,53.1400,100
37245432482479,10:20:45.432,53.1300,100
37245433995482,10:20:45.433,53.1300,100
37245433995482,10:20:45.433,53.1300,100
37269075362670,10:21:09.075,53.1200,100
37271113125959,10:21:11.113,53.1200,100
37271113125959,10:21:11.113,53.1200,100
37278925195450,10:21:18.925,53.1200,100
37281176313836,10:21:21.176,53.1200,88
37281356796707,10:21:21.356,53.1200,100
37281356796707,10:21:21.356,53.1200,100
37283796282545,10:21:23.796,53.1200,100
37283796282545,10:21:23.796,53.1200,100
37334321413654,10:22:14.321,53.1300,100
37334321413654,10:22:14.321,53.1300,100
37334321413654,10:22:14.321,53.1300,100
37398221078818,10:23:18.221,53.1050,3
37443060884169,10:24:03.060,53.1100,100
37444965974882,10:24:04.965,53.1100,80
37444965974882,10:24:04.965,53.1100,100
37444967035994,10:24:04.967,53.1200,100
37481908387565,10:24:41.908,53.1100,52
37481908983644,10:24:41.908,53.1100,48
37486687512941,10:24:46.687,53.1100,30
37497186195291,10:24:57.186,53.1100,100
37512331952888,10:25:12.331,53.1100,100
37512331952888,10:25:12.331,53.1100,100
37512331952888,10:25:12.331,53.1100,100
37591713775795,10:26:31.713,53.1100,100
37605914642229,10:26:45.914,53.1000,100
37605921340289,10:26:45.921,53.1000,100
37671820605626,10:27:51.820,53.0800,100
37671822314574,10:27:51.822,53.0800,100
37692180365398,10:28:12.180,53.0800,51
37696474234797,10:28:16.474,53.0800,100
37717429632966,10:28:37.429,53.0900,100
37717429632966,10:28:37.429,53.0900,100
37717429632966,10:28:37.429,53.0900,100
37717430469039,10:28:37.430,53.0900,100
37757270874391,10:29:17.270,53.1100,64
37765284084809,10:29:25.284,53.1200,100
37790006777886,10:29:50.006,53.1200,100
37790006777886,10:29:50.006,53.1200,100
37871404123297,10:31:11.404,53.1000,5
37963680407309,10:32:43.680,53.0700,100
37963680828086,10:32:43.680,53.0700,100
37963706634223,10:32:43.706,53.0700,7
37965427436619,10:32:45.427,53.0700,93
37965427862841,10:32:45.427,53.0700,100
38030664941436,10:33:50.664,53.0700,100
38030664941436,10:33:50.664,53.0700,100
38030664941436,10:33:50.664,53.0700,100
38030667254704,10:33:50.667,53.0700,100
38046194241502,10:34:06.194,53.0800,100
38047002544873,10:34:07.002,53.1000,100
38050243873481,10:34:10.243,53.0900,100
38070712238957,10:34:30.712,53.0800,15
38092479066529,10:34:52.479,53.0700,100
38092479066529,10:34:52.479,53.0700,100
38092479066529,10:34:52.479,53.0700,100
38106148114235,10:35:06.148,53.0800,85
38127006399069,10:35:27.006,53.0700,100
38127006424528,10:35:27.006,53.0700,100
38215261046986,10:36:55.261,53.0700,100
38220670824016,10:37:00.670,53.0700,8
38220670824016,10:37:00.670,53.0700,92
38220882398427,10:37:00.882,53.0700,8
38235660323808,10:37:15.660,53.0800,100
38255513182613,10:37:35.513,53.0800,54
38263314542512,10:37:43.314,53.0700,100
38263314542512,10:37:43.314,53.0700,100
38267873822729,10:37:47.873,53.0650,4
38267877455186,10:37:47.877,53.0650,100
38288752661938,10:38:08.752,53.0600,100
38340297902572,10:39:00.297,53.0700,100
38383231627415,10:39:43.231,53.0900,5
38420354292313,10:40:20.354,53.1000,100
38432218310017,10:40:32.218,53.1100,100
38434131898893,10:40:34.131,53.1200,16
38436148606637,10:40:36.148,53.1200,100
38450879478559,10:40:50.879,53.1200,100
38450879478559,10:40:50.879,53.1200,100
38450879478559,10:40:50.879,53.1200,100
38450879478559,10:40:50.879,53.1200,100
38451235034213,10:40:51.235,53.1100,100
38451235034213,10:40:51.235,53.1100,100
38451235034213,10:40:51.235,53.1100,100
38451235034213,10:40:51.235,53.1100,100
38615323150708,10:43:35.323,53.0900,100
38615904466435,10:43:35.904,53.0900,100
38615904466435,10:43:35.904,53.0900,100
38615904931386,10:43:35.904,53.0900,22
38646089575741,10:44:06.089,53.1100,100
38646089575741,10:44:06.089,53.1100,100
38647168610740,10:44:07.168,53.1100,100
38647168610740,10:44:07.168,53.1100,100
38649928198304,10:44:09.928,53.1000,100
38649928198304,10:44:09.928,53.1000,100
38651507675961,10:44:11.507,53.1000,27
38659630038441,10:44:19.630,53.1200,100
38660628323996,10:44:20.628,53.1300,1
38676309945925,10:44:36.309,53.1400,50
38676312148616,10:44:36.312,53.1400,50
38713436073605,10:45:13.436,53.1400,100
38713436073605,10:45:13.436,53.1400,100
38771850865376,10:46:11.850,53.1300,100
38797978244845,10:46:37.978,53.1400,5
38801809577934,10:46:41.809,53.1400,20
38825225569103,10:47:05.225,53.1300,100
38836430203790,10:47:16.430,53.1400,100
38836430203790,10:47:16.430,53.1400,100
38841676594385,10:47:21.676,53.1500,100
38848926331308,10:47:28.926,53.1400,100
38887541844206,10:48:07.541,53.1200,1
38889877986944,10:48:09.877,53.1200,99
38972379051844,10:49:32.379,53.1300,100
38972379079435,10:49:32.379,53.1300,100
38975680029950,10:49:35.680,53.1300,100
38975680029950,10:49:35.680,53.1300,100
39014648058037,10:50:14.648,53.1100,100
39014648058037,10:50:14.648,53.1100,100
39017624445347,10:50:17.624,53.1100,100
39017624445347,10:50:17.624,53.1100,99
39017624510972,10:50:17.624,53.1100,1
39056285482865,10:50:56.285,53.1150,100
39057387436637,10:50:57.387,53.1100,100
39057387436637,10:50:57.387,53.1100,100
39057387436637,10:50:57.387,53.1100,100
39076981173550,10:51:16.981,53.1200,18
39076981248856,10:51:16.981,53.1200,36
39077067004487,10:51:17.067,53.1200,46
39077545326469,10:51:17.545,53.1200,100
39077545326469,10:51:17.545,53.1200,100
39077545326469,10:51:17.545,53.1200,100
39077545326469,10:51:17.545,53.1200,100
39077545326469,10:51:17.545,53.1200,100
39104440521537,10:51:44.440,53.1300,55
39104440558837,10:51:44.440,53.1300,45
39108972216948,10:51:48.972,53.1300,300
39110539900743,10:51:50.539,53.1300,100
39110539900743,10:51:50.539,53.1300,100
39120322334827,10:52:00.322,53.1300,300
39120322334827,10:52:00.322,53.1300,15
39120322367460,10:52:00.322,53.1300,85
39120322367460,10:52:00.322,53.1300,82
39127382080488,10:52:07.382,53.1300,18
39127382080488,10:52:07.382,53.1300,100
39159051146881,10:52:39.051,53.1400,100
39159154662197,10:52:39.154,53.1400,100
39206031033309,10:53:26.031,53.1100,100
39266973137758,10:54:26.973,53.0900,100
39278346379910,10:54:38.346,53.0800,27
39303107399702,10:55:03.107,53.0900,100
39303107399702,10:55:03.107,53.0900,100
39305755946102,10:55:05.755,53.1000,100
39382250895243,10:56:22.250,53.1000,100
39392351493271,10:56:32.351,53.0900,100
39392351493271,10:56:32.351,53.0900,100
39422977641347,10:57:02.977,53.0600,100
39474498325894,10:57:54.498,53.0200,100
39474498325894,10:57:54.498,53.0200,50
39487228089405,10:58:07.228,53.0200,154
39487228116747,10:58:07.228,53.0200,46
39492036773418,10:58:12.036,53.0200,100
39492036800615,10:58:12.036,53.0200,100
39495014486564,10:58:15.014,53.0200,100
39495014525151,10:58:15.014,53.0200,300
39495014525151,10:58:15.014,53.0200,100
39524815075740,10:58:44.815,53.0250,100
39555628992644,10:59:15.628,53.0300,44
39555629153020,10:59:15.629,53.0300,56
39555629153020,10:59:15.629,53.0300,100
39556792320374,10:59:16.792,53.0300,100
39556792320374,10:59:16.792,53.0300,100
39556792320374,10:59:16.792,53.0300,100
39601009101499,11:00:01.009,53.0500,29
39601282428313,11:00:01.282,53.0500,178
39601282448273,11:00:01.282,53.0500,193
39609905172232,11:00:09.905,53.0600,100
39615778604022,11:00:15.778,53.0500,100
39615778604022,11:00:15.778,53.0500,61
39624503537365,11:00:24.503,53.0450,100
39638490993397,11:00:38.490,53.0300,100
39644680407480,11:00:44.680,53.0200,100
39663464459590,11:01:03.464,53.0200,100
39663627291686,11:01:03.627,53.0300,100
39663627327044,11:01:03.627,53.0300,50
39663725766531,11:01:03.725,53.0300,50
39664843362226,11:01:04.843,53.0300,100
39665426994612,11:01:05.426,53.0400,5
39667450362470,11:01:07.450,53.0400,100
39671054846783,11:01:11.054,53.0400,100
39712965865590,11:01:52.965,53.0500,12
39712965889001,11:01:52.965,53.0500,41
39734470215639,11:02:14.470,53.0500,6
39737919002091,11:02:17.919,53.0500,94
39742913906623,11:02:22.913,53.0700,10
39785699117726,11:03:05.699,53.0700,100
39792973551665,11:03:12.973,53.0700,100
39792973551665,11:03:12.973,53.0700,88
39797821024306,11:03:17.821,53.0600,100
39809726529785,11:03:29.726,53.0500,100
39814535285577,11:03:34.535,53.0400,100
39814535285577,11:03:34.535,53.0400,100
39843513549115,11:04:03.513,53.0400,100
39854837629993,11:04:14.837,53.0500,50
39908373340559,11:05:08.373,53.0300,75
39909489817057,11:05:09.489,53.0300,100
39913797438683,11:05:13.797,53.0300,13
39941759854657,11:05:41.759,53.0200,100
39992807993566,11:06:32.807,53.0050,100
39998131223653,11:06:38.131,53.0000,100
40004193714269,11:06:44.193,52.9950,40
40004199230700,11:06:44.199,52.9950,100
40010234574106,11:06:50.234,53.0000,22
40010234769207,11:06:50.234,53.0000,4
40010234828604,11:06:50.234,53.0000,48
40010235185521,11:06:50.235,53.0000,2
40010235241540,11:06:50.235,53.0000,2
40015589670667,11:06:55.589,53.0000,100
40023077614288,11:07:03.077,53.0200,100
40030674696496,11:07:10.674,53.0300,100
40030674696496,11:07:10.674,53.0300,10
40033219694860,11:07:13.219,53.0300,100
40033219719849,11:07:13.219,53.0300,100
40053156281469,11:07:33.156,53.0200,100
40150767968288,11:09:10.767,53.0000,100
40151986142587,11:09:11.986,53.0000,100
40151986242490,11:09:11.986,53.0000,100
40168569810345,11:09:28.569,53.0100,100
40168569810345,11:09:28.569,53.0100,100
40206087955268,11:10:06.087,53.0100,100
40225668510459,11:10:25.668,53.0200,6
40230499068066,11:10:30.499,53.0200,16
40319898787208,11:11:59.898,53.0000,100
40319898787208,11:11:59.898,53.0000,100
40325939858396,11:12:05.939,53.0000,100
40337991428747,11:12:17.991,53.0100,100
40354270794435,11:12:34.270,53.0050,100
40359508648097,11:12:39.508,53.0000,100
40382886307278,11:13:02.886,52.9900,100
40384711616904,11:13:04.711,52.9900,100
40411537687637,11:13:31.537,53.0100,23
40419094286828,11:13:39.094,53.0100,100
40454275191032,11:14:14.275,52.9900,100
40454275191032,11:14:14.275,52.9900,100
40454275191032,11:14:14.275,52.9900,100
40454275191032,11:14:14.275,52.9900,100
40479020842975,11:14:39.020,52.9800,100
40501644093663,11:15:01.644,52.9800,100
40501644093663,11:15:01.644,52.9800,100
40507357836463,11:15:07.357,52.9850,100
40507644776818,11:15:07.644,52.9800,100
40507644776818,11:15:07.644,52.9800,100
40507644776818,11:15:07.644,52.9800,26
40511953737985,11:15:11.953,52.9800,100
40529765519404,11:15:29.765,52.9800,100
40529765519404,11:15:29.765,52.9800,100
40531573953654,11:15:31.573,52.9800,90
40534645886836,11:15:34.645,52.9700,100
40534645886836,11:15:34.645,52.9700,100
40534645886836,11:15:34.645,52.9700,71
40544661931426,11:15:44.661,52.9800,100
40544661931426,11:15:44.661,52.9800,100
40598513785651,11:16:38.513,52.9600,9
40600728544258,11:16:40.728,52.9600,50
40600728583810,11:16:40.728,52.9600,100
40680499871063,11:18:00.499,52.9800,87
40686503184319,11:18:06.503,52.9800,13
40686503184319,11:18:06.503,52.9800,87
40723356459294,11:18:43.356,52.9600,50
40723356459294,11:18:43.356,52.9600,100
40723356459294,11:18:43.356,52.9600,100
40723356459294,11:18:43.356,52.9600,100
40723356459294,11:18:43.356,52.9600,100
40723357394356,11:18:43.357,52.9600,100
40729743053504,11:18:49.743,52.9600,100
40729743053504,11:18:49.743,52.9600,100
40729743053504,11:18:49.743,52.9600,100
40729743102111,11:18:49.743,52.9600,200
40729743130153,11:18:49.743,52.9600,100
40751143539498,11:19:11.143,52.9700,400
40751143663136,11:19:11.143,52.9700,500
40751144006212,11:19:11.144,52.9700,100
40751144006212,11:19:11.144,52.9700,100
40751144006212,11:19:11.144,52.9700,100
40751144006212,11:19:11.144,52.9700,100
40751144006212,11:19:11.144,52.9700,100
40751144006212,11:19:11.144,52.9700,113
40766662828828,11:19:26.662,52.9700,100
40766662828828,11:19:26.662,52.9700,95
40770265776627,11:19:30.265,52.9700,33
40786732147933,11:19:46.732,52.9700,100
40834302102294,11:20:34.302,52.9500,100
40836402198309,11:20:36.402,52.9500,100
40836402503425,11:20:36.402,52.9500,150
40836402503425,11:20:36.402,52.9500,3
40847806546212,11:20:47.806,52.9500,100
40847806546212,11:20:47.806,52.9500,100
40847806546212,11:20:47.806,52.9500,1000
40847806546212,11:20:47.806,52.9500,400
40847806651711,11:20:47.806,52.9500,100
40848597489895,11:20:48.597,52.9600,100
40897792369762,11:21:37.792,52.9400,100
40914797832805,11:21:54.797,52.9300,100
40914797832805,11:21:54.797,52.9300,100
40923894762404,11:22:03.894,52.9300,100
40934294213640,11:22:14.294,52.9200,100
40934294213640,11:22:14.294,52.9200,100
40934434550835,11:22:14.434,52.9200,30
40934450465047,11:22:14.450,52.9200,100
40934450465047,11:22:14.450,52.9200,100
40936671528221,11:22:16.671,52.9200,100
40936671528221,11:22:16.671,52.9200,100
40936671528221,11:22:16.671,52.9200,100
40936671659610,11:22:16.671,52.9200,100
40936732058519,11:22:16.732,52.9200,100
40936732058519,11:22:16.732,52.9200,100
40938151000850,11:22:18.151,52.9200,100
40938151000850,11:22:18.151,52.9200,100
40938151000850,11:22:18.151,52.9200,100
40938211481099,11:22:18.211,52.9200,100
40938211481099,11:22:18.211,52.9200,100
40941316905504,11:22:21.316,52.9150,100
40943195955789,11:22:23.195,52.9100,100
40943195955789,11:22:23.195,52.9100,100
40943195955789,11:22:23.195,52.9100,95
40943244979286,11:22:23.244,52.9100,100
40943244979286,11:22:23.244,52.9100,100
40943244979286,11:22:23.244,52.9100,100
40944236924653,11:22:24.236,52.9100,100
40944237554721,11:22:24.237,52.9100,100
40944267804808,11:22:24.267,52.9100,100
40944267804808,11:22:24.267,52.9100,100
40944267804808,11:22:24.267,52.9100,100
40944267804808,11:22:24.267,52.9100,100
40944267804808,11:22:24.267,52.9100,100
40944267804808,11:22:24.267,52.9100,100
40944268179672,11:22:24.268,52.9100,100
40944268179672,11:22:24.268,52.9100,200
40948017384015,11:22:28.017,52.9000,100
40948017384015,11:22:28.017,52.9000,29
40949155326979,11:22:29.155,52.9000,100
40949155326979,11:22:29.155,52.9000,100
40949155326979,11:22:29.155,52.9000,100
40950860287143,11:22:30.860,52.9000,100
40950860287143,11:22:30.860,52.9000,200
40952743241038,11:22:32.743,52.9000,100
40952743585337,11:22:32.743,52.9000,100
40952743585337,11:22:32.743,52.9000,100
40952743585337,11:22:32.743,52.9000,100
40952746047755,11:22:32.746,52.9100,100
40952746047755,11:22:32.746,52.9100,100
40952746047755,11:22:32.746,52.9100,100
40952746047755,11:22:32.746,52.9100,100
40952746047755,11:22:32.746,52.9100,350
40952746047755,11:22:32.746,52.9100,350
40952746047755,11:22:32.746,52.9100,300
40952795746902,11:22:32.795,52.9100,200
40954164442191,11:22:34.164,52.9100,100
40954164442191,11:22:34.164,52.9100,100
40954164442191,11:22:34.164,52.9100,931
40954164442191,11:22:34.164,52.9100,100
40975116200082,11:22:55.116,52.9100,100
40975116200082,11:22:55.116,52.9100,100
40975116200082,11:22:55.116,52.9100,44
40975116827589,11:22:55.116,52.9100,200
40976903714699,11:22:56.903,52.9100,154
40976903714699,11:22:56.903,52.9100,46
40976904356607,11:22:56.904,52.9100,17
41046876717541,11:24:06.876,52.9100,95
41058702086818,11:24:18.702,52.9200,100
41062974413849,11:24:22.974,52.9300,100
41064062887740,11:24:24.062,52.9400,1
41064136080920,11:24:24.136,52.9400,5
41082623497401,11:24:42.623,52.9400,95
41094608305420,11:24:54.608,52.9300,83
41094608305420,11:24:54.608,52.9300,94
41094608369262,11:24:54.608,52.9300,1
41100018119707,11:25:00.018,52.9200,100
41100018119707,11:25:00.018,52.9200,100
41102879849045,11:25:02.879,52.9200,100
41102879849045,11:25:02.879,52.9200,100
41102879849045,11:25:02.879,52.9200,94
41115510033322,11:25:15.510,52.9200,95
41158726170806,11:25:58.726,52.8900,100
41158726170806,11:25:58.726,52.8900,100
41159274275768,11:25:59.274,52.8900,100
41211156022867,11:26:51.156,52.8800,100
41211156565254,11:26:51.156,52.8800,100
41215056655577,11:26:55.056,52.8800,3
41243521084734,11:27:23.521,52.9000,1
41246992778720,11:27:26.992,52.9000,99
41246992778720,11:27:26.992,52.9000,100
41270321445829,11:27:50.321,52.9100,100
41282358988218,11:28:02.358,52.9100,100
41282358988218,11:28:02.358,52.9100,100
41294652775537,11:28:14.652,52.9100,100
41294652775537,11:28:14.652,52.9100,100
41301432537348,11:28:21.432,52.9100,100
41301432537348,11:28:21.432,52.9100,100
41301432537348,11:28:21.432,52.9100,122
41307069338372,11:28:27.069,52.9100,100
41321505289098,11:28:41.505,52.9200,200
41321505289098,11:28:41.505,52.9200,100
41335051837566,11:28:55.051,52.9200,100
41335051837566,11:28:55.051,52.9200,100
41335051837566,11:28:55.051,52.9200,160
41335051837566,11:28:55.051,52.9200,333
41335051837566,11:28:55.051,52.9200,250
41335051837566,11:28:55.051,52.9200,126
41335051837566,11:28:55.051,52.9200,100
41335051837566,11:28:55.051,52.9200,100
41335051837566,11:28:55.051,52.9300,100
41335051837566,11:28:55.051,52.9300,100
41335051837566,11:28:55.051,52.9300,168
41335051837566,11:28:55.051,52.9300,100
41335051837566,11:28:55.051,52.9300,265
41335051837566,11:28:55.051,52.9300,567
41335051837566,11:28:55.051,52.9300,100
41335051837566,11:28:55.051,52.9300,100
41335051837566,11:28:55.051,52.9300,400
41335051837566,11:28:55.051,52.9300,131
41335052453985,11:28:55.052,52.9200,60
41335120714069,11:28:55.120,52.9300,100
41337141110803,11:28:57.141,52.9300,100
41337141215529,11:28:57.141,52.9300,36
41364464875254,11:29:24.464,52.9400,100
41364464875254,11:29:24.464,52.9400,100
41364464875254,11:29:24.464,52.9400,100
41364464875254,11:29:24.464,52.9400,95
41365105738547,11:29:25.105,52.9400,100
41365105738547,11:29:25.105,52.9400,100
41365106055615,11:29:25.106,52.9400,100
41365106055615,11:29:25.106,52.9400,100
41381763982949,11:29:41.763,52.9500,64
41382893949722,11:29:42.893,52.9500,100
41382893949722,11:29:42.893,52.9500,100
41382893949722,11:29:42.893,52.9500,100
41387328977184,11:29:47.328,52.9600,100
41387328977184,11:29:47.328,52.9600,100
41403061421393,11:30:03.061,52.9600,100
41428523748373,11:30:28.523,52.9800,72
41463567941201,11:31:03.567,52.9900,100
41463572776339,11:31:03.572,52.9900,72
41463572809018,11:31:03.572,52.9900,28
41463572809018,11:31:03.572,52.9900,100
41463584250445,11:31:03.584,52.9900,100
41463584250445,11:31:03.584,52.9900,100
41463584250445,11:31:03.584,52.9900,100
41463584250445,11:31:03.584,52.9900,100
41463584250445,11:31:03.584,52.9900,100
41519970176367,11:31:59.970,53.0000,5
41527462637121,11:32:07.462,53.0100,100
41540970388241,11:32:20.970,53.0000,100
41588386926118,11:33:08.386,53.0300,100
41588386926118,11:33:08.386,53.0300,100
41589816950974,11:33:09.816,53.0400,100
41592606842906,11:33:12.606,53.0400,100
41592606842906,11:33:12.606,53.0400,100
41600488765128,11:33:20.488,53.0300,100
41632873229428,11:33:52.873,53.0250,100
41635713047874,11:33:55.713,53.0300,100
41644204741081,11:34:04.204,53.0400,100
41654493443091,11:34:14.493,53.0500,28
41673397901721,11:34:33.397,53.0500,100
41673397901721,11:34:33.397,53.0500,100
41687581270375,11:34:47.581,53.0700,100
41690352713081,11:34:50.352,53.0800,100
41690355512195,11:34:50.355,53.0800,100
41796818835906,11:36:36.818,53.0800,100
41910582146323,11:38:30.582,53.0600,100
41912415287124,11:38:32.415,53.0600,100
41912415287124,11:38:32.415,53.0600,100
41912415287124,11:38:32.415,53.0600,100
41920875129768,11:38:40.875,53.0700,50
41920875514623,11:38:40.875,53.0700,50
42039099416725,11:40:39.099,53.0800,100
42131247663908,11:42:11.247,53.0800,100
42164678134742,11:42:44.678,53.0900,100
42222839888298,11:43:42.839,53.1100,86
42230977485211,11:43:50.977,53.1200,100
42230977485211,11:43:50.977,53.1200,100
42230977485211,11:43:50.977,53.1200,19
42250386557455,11:44:10.386,53.1200,100
42250386557455,11:44:10.386,53.1200,100
42264284638414,11:44:24.284,53.1300,100
42267853810560,11:44:27.853,53.1300,79
42273042299325,11:44:33.042,53.1300,100
42278594077584,11:44:38.594,53.1400,100
42278594077584,11:44:38.594,53.1400,100
42278594077584,11:44:38.594,53.1400,100
42278594077584,11:44:38.594,53.1400,200
42278594077584,11:44:38.594,53.1400,5
42278594475261,11:44:38.594,53.1400,100
42278594475261,11:44:38.594,53.1400,25
42286257816448,11:44:46.257,53.1400,100
42351353567389,11:45:51.353,53.1350,100
42461497858740,11:47:41.497,53.1300,100
42469857794765,11:47:49.857,53.1300,100
42469857794765,11:47:49.857,53.1300,100
42593453409579,11:49:53.453,53.1500,100
42594936794825,11:49:54.936,53.1550,100
42754120986104,11:52:34.120,53.1600,5
42837151289940,11:53:57.151,53.1800,1
42996272422147,11:56:36.272,53.1600,100
43058069347415,11:57:38.069,53.1600,100
43077216626748,11:57:57.216,53.1700,100
43077216626748,11:57:57.216,53.1700,100
43077218118114,11:57:57.218,53.1600,100
43135119604553,11:58:55.119,53.1700,100
43135119604553,11:58:55.119,53.1700,100
43135119604553,11:58:55.119,53.1700,100
43135119604553,11:58:55.119,53.1700,100
43135119604553,11:58:55.119,53.1700,100
43135119604553,11:58:55.119,53.1700,100
43139018388782,11:58:59.018,53.1700,100
43139018388782,11:58:59.018,53.1700,100
43139018388782,11:58:59.018,53.1700,100
43139018988264,11:58:59.018,53.1700,100
43139019349793,11:58:59.019,53.1700,100
43147619677240,11:59:07.619,53.1700,100
43177646980013,11:59:37.646,53.1600,100
43183564064305,11:59:43.564,53.1600,100
43211511625224,12:00:11.511,53.1500,100
43211511625224,12:00:11.511,53.1500,18
43283280036555,12:01:23.280,53.1450,100
43283280036555,12:01:23.280,53.1450,15
43325953450741,12:02:05.953,53.1500,100
43325953450741,12:02:05.953,53.1500,100
43325953450741,12:02:05.953,53.1500,100
43325957492145,12:02:05.957,53.1600,100
43325957492145,12:02:05.957,53.1600,200
43325957936072,12:02:05.957,53.1600,200
43325961159862,12:02:05.961,53.1600,100
43325961159862,12:02:05.961,53.1600,100
43325961159862,12:02:05.961,53.1600,100
43325963824426,12:02:05.963,53.1600,100
43325975931035,12:02:05.975,53.1600,100
43325975931035,12:02:05.975,53.1600,100
43325975931035,12:02:05.975,53.1600,100
43356743554053,12:02:36.743,53.1600,72
43374266836191,12:02:54.266,53.1600,100
43386341038327,12:03:06.341,53.1500,55
43386341441535,12:03:06.341,53.1500,100
43560500940685,12:06:00.500,53.1300,100
43579047249203,12:06:19.047,53.1300,4
43743446748853,12:09:03.446,53.1400,100
43743512750037,12:09:03.512,53.1400,100
43834713036630,12:10:34.713,53.1400,100
43997477088325,12:13:17.477,53.1400,100
43997477088325,12:13:17.477,53.1400,100
43997477088325,12:13:17.477,53.1400,100
43998306470977,12:13:18.306,53.1300,20
43998306528653,12:13:18.306,53.1300,18
43998306530737,12:13:18.306,53.1300,62
44038538875129,12:13:58.538,53.1400,100
44038538875129,12:13:58.538,53.1400,100
44043223623983,12:14:03.223,53.1300,100
44043223623983,12:14:03.223,53.1300,100
44104270411443,12:15:04.270,53.1100,100
44177269787427,12:16:17.269,53.1100,26
44320393973303,12:18:40.393,53.1000,1
44320395820899,12:18:40.395,53.1000,99
44321283662148,12:18:41.283,53.0900,100
44321283662148,12:18:41.283,53.0900,100
44424551274280,12:20:24.551,53.0800,100
44424551274280,12:20:24.551,53.0800,74
44467074270121,12:21:07.074,53.0800,100
44588828215211,12:23:08.828,53.0800,5
44674305659138,12:24:34.305,53.0600,100
44674305659138,12:24:34.305,53.0600,100
44674305659138,12:24:34.305,53.0600,100
44674306793727,12:24:34.306,53.0600,100
44674306793727,12:24:34.306,53.0600,100
44693006917360,12:24:53.006,53.0500,100
44693006917360,12:24:53.006,53.0500,100
44765902870987,12:26:05.902,53.0400,83
44765909831940,12:26:05.909,53.0400,17
44945260191914,12:29:05.260,53.0400,72
44945260213552,12:29:05.260,53.0400,100
45081990843658,12:31:21.990,53.0300,100
45140908753286,12:32:20.908,53.0200,100
45277341641995,12:34:37.341,53.0200,80
45316389898145,12:35:16.389,53.0100,100
45318540291455,12:35:18.540,53.0000,100
45321963451820,12:35:21.963,53.0000,100
45321963451820,12:35:21.963,53.0000,10
45321964221630,12:35:21.964,53.0000,12
45399994564248,12:36:39.994,53.0000,100
45449231217729,12:37:29.231,53.0100,100
45456573119672,12:37:36.573,53.0100,100
45540701460735,12:39:00.701,53.0100,100
45569161079556,12:39:29.161,53.0100,100
45623172495213,12:40:23.172,53.0200,20
45623172495213,12:40:23.172,53.0200,80
45623172522829,12:40:23.172,53.0200,20
45631519183978,12:40:31.519,53.0200,5
45631519308018,12:40:31.519,53.0200,100
45631519308018,12:40:31.519,53.0200,100
45631519308018,12:40:31.519,53.0200,100
45631519308018,12:40:31.519,53.0200,100
45631519308018,12:40:31.519,53.0200,100
45631777354981,12:40:31.777,53.0200,100
45631777354981,12:40:31.777,53.0200,86
45631777385833,12:40:31.777,53.0200,14
45645790818992,12:40:45.790,53.0200,100
45667093328516,12:41:07.093,53.0300,5
45708543405528,12:41:48.543,53.0400,100
45756136382954,12:42:36.136,53.0300,34
45858510523199,12:44:18.510,53.0300,66
45858510523199,12:44:18.510,53.0300,100
45858510523199,12:44:18.510,53.0300,100
45858596768851,12:44:18.596,53.0300,100
45858596768851,12:44:18.596,53.0300,100
45858596768851,12:44:18.596,53.0300,47
45858597313554,12:44:18.597,53.0300,53
45893361657292,12:44:53.361,53.0300,63
45897989684001,12:44:57.989,53.0300,100
45909175067870,12:45:09.175,53.0300,56
46283678994721,12:51:23.678,53.0000,100
46283678994721,12:51:23.678,53.0000,100
46283678994721,12:51:23.678,53.0000,100
46283679029664,12:51:23.679,53.0000,40
46297486832976,12:51:37.486,52.9900,54
46299488048936,12:51:39.488,52.9850,100
46299488048936,12:51:39.488,52.9800,55
46299488268136,12:51:39.488,52.9800,35
46299488583034,12:51:39.488,52.9800,65
46311072335079,12:51:51.072,52.9400,77
46312068615912,12:51:52.068,52.9400,23
46314619870855,12:51:54.619,52.9300,100
46314619870855,12:51:54.619,52.9300,100
46316623913921,12:51:56.623,52.9200,1
46320571968115,12:52:00.571,52.9100,100
46321071958932,12:52:01.071,52.9100,100
46324015800233,12:52:04.015,52.9200,30
46324653286628,12:52:04.653,52.9100,100
46324653286628,12:52:04.653,52.9100,100
46324653286628,12:52:04.653,52.9100,5
46345897465235,12:52:25.897,52.9200,100
46354006735233,12:52:34.006,52.9300,100
46354006735233,12:52:34.006,52.9300,100
46358315793970,12:52:38.315,52.9400,100
46358315793970,12:52:38.315,52.9400,100
46408233021626,12:53:28.233,52.9600,31
46408233049590,12:53:28.233,52.9600,26
46408233227727,12:53:28.233,52.9600,43
46421053331035,12:53:41.053,52.9700,100
46421053414991,12:53:41.053,52.9700,100
46421054150165,12:53:41.054,52.9700,100
46444612250337,12:54:04.612,52.9700,100
46549004098988,12:55:49.004,52.9700,100
46550996234631,12:55:50.996,52.9800,60
46581196853971,12:56:21.196,52.9900,100
46581196853971,12:56:21.196,52.9900,40
46600267407243,12:56:40.267,53.0000,100
46600269931166,12:56:40.269,53.0000,100
46600276301623,12:56:40.276,53.0000,100
46609104886778,12:56:49.104,53.0000,100
46609104886778,12:56:49.104,53.0000,140
46685147993628,12:58:05.147,52.9900,98
46857516898390,13:00:57.516,52.9600,3
46857516928641,13:00:57.516,52.9600,97
46857516928641,13:00:57.516,52.9600,100
46876604232987,13:01:16.604,52.9600,1
46876604232987,13:01:16.604,52.9600,100
46913050650754,13:01:53.050,52.9600,66
47251859218148,13:07:31.859,52.9600,100
47251859218148,13:07:31.859,52.9600,100
47251859218148,13:07:31.859,52.9600,100
47251859544054,13:07:31.859,52.9600,100
47260517114349,13:07:40.517,52.9600,100
47291327488710,13:08:11.327,52.9600,100
47402886368153,13:10:02.886,52.9600,1
47422813065229,13:10:22.813,52.9600,99
47422813065229,13:10:22.813,52.9600,1
47996569261709,13:19:56.569,52.9400,100
47996569261709,13:19:56.569,52.9400,20
48004651114844,13:20:04.651,52.9300,100
48070446666401,13:21:10.446,52.9200,100
48070446666401,13:21:10.446,52.9200,100
48245077157320,13:24:05.077,52.9300,100
48354147978082,13:25:54.147,52.9300,100
48362527240076,13:26:02.527,52.9200,100
48435551564447,13:27:15.551,52.9200,100
48447692993677,13:27:27.692,52.9200,100
48596085508809,13:29:56.085,52.9100,200
48600203975409,13:30:00.203,52.9100,100
48669069816876,13:31:09.069,52.9100,96
48751117182043,13:32:31.117,52.9000,100
48751117182043,13:32:31.117,52.9000,100
48751117182043,13:32:31.117,52.9000,200
48751117182043,13:32:31.117,52.9000,95
48751117182043,13:32:31.117,52.9000,95
48772799131342,13:32:52.799,52.9000,100
48905016124155,13:35:05.016,52.8900,100
48905016124155,13:35:05.016,52.8900,100
48905016277309,13:35:05.016,52.8900,19
48905016316444,13:35:05.016,52.8900,76
48908472872195,13:35:08.472,52.8700,100
48914670186434,13:35:14.670,52.8700,1
48955734922188,13:35:55.734,52.8800,100
48985843527335,13:36:25.843,52.8800,100
48985843527335,13:36:25.843,52.8800,100
49184388250758,13:39:44.388,52.8800,100
49199797439139,13:39:59.797,52.8800,100
49501281021063,13:45:01.281,52.8800,103
49501281775007,13:45:01.281,52.8800,497
49501281775007,13:45:01.281,52.8800,2
49594886142540,13:46:34.886,52.8300,100
49616386985938,13:46:56.386,52.8200,100
49646645916920,13:47:26.645,52.8200,100
49646645916920,13:47:26.645,52.8200,70
49646645953535,13:47:26.645,52.8200,30
49761799246388,13:49:21.799,52.8000,100
49761799246388,13:49:21.799,52.8000,100
49784454779751,13:49:44.454,52.8000,100
49784454779751,13:49:44.454,52.8000,100
49816832643004,13:50:16.832,52.8000,1
49862975221244,13:51:02.975,52.8100,100
49862975461503,13:51:02.975,52.8100,52
49872540812734,13:51:12.540,52.8100,100
49935258177905,13:52:15.258,52.8100,100
49935258302082,13:52:15.258,52.8100,18
49944925567307,13:52:24.925,52.8000,100
50058827689274,13:54:18.827,52.8300,100
50103474713104,13:55:03.474,52.8300,100
50117134892726,13:55:17.134,52.8200,1
50212623047138,13:56:52.623,52.8150,100
50212623047138,13:56:52.623,52.8150,400
50212623047138,13:56:52.623,52.8100,100
50212623047138,13:56:52.623,52.8100,100
50212623047138,13:56:52.623,52.8100,100
50212623047138,13:56:52.623,52.8100,100
50212623047138,13:56:52.623,52.8100,1000
50212626385160,13:56:52.626,52.8000,100
50212626385160,13:56:52.626,52.8000,100
50212626385160,13:56:52.626,52.8000,100
50212626385160,13:56:52.626,52.8000,100
50212626899096,13:56:52.626,52.8000,100
50212627852665,13:56:52.627,52.8000,100
50212627852665,13:56:52.627,52.8000,100
50212629250469,13:56:52.629,52.8000,100
50212829044618,13:56:52.829,52.8000,100
50212829044618,13:56:52.829,52.8000,100
50212829197447,13:56:52.829,52.8000,500
50212829197447,13:56:52.829,52.8000,600
50212829197447,13:56:52.829,52.8000,100
50212829197447,13:56:52.829,52.8000,100
50212829197447,13:56:52.829,52.8000,100
50212829197447,13:56:52.829,52.8000,100
50212829197447,13:56:52.829,52.8000,100
50212829197447,13:56:52.829,52.8000,100
50240882186804,13:57:20.882,52.7800,100
50255851818910,13:57:35.851,52.7700,7
50335929979657,13:58:55.929,52.7500,100
50335930857426,13:58:55.930,52.7500,100
50335930857426,13:58:55.930,52.7500,100
50335930970408,13:58:55.930,52.7400,100
50335931739525,13:58:55.931,52.7500,400
50335931739525,13:58:55.931,52.7500,400
50335931740461,13:58:55.931,52.7500,100
50335931753989,13:58:55.931,52.7400,10
50335931787913,13:58:55.931,52.7500,100
50335931799133,13:58:55.931,52.7500,100
50335932208389,13:58:55.932,52.7400,63
50335932217769,13:58:55.932,52.7400,37
50335932217769,13:58:55.932,52.7400,63
50340037851325,13:59:00.037,52.7500,100
50340038267646,13:59:00.038,52.7500,9
50363855412514,13:59:23.855,52.7600,100
50363855412514,13:59:23.855,52.7600,9
50390528438765,13:59:50.528,52.7700,100
50400334653376,14:00:00.334,52.7800,100
50408774415545,14:00:08.774,52.8000,200
50410023718311,14:00:10.023,52.8000,100
50410026146054,14:00:10.026,52.8000,100
50410371002204,14:00:10.371,52.8000,100
50410371002739,14:00:10.371,52.8000,200
50410371071358,14:00:10.371,52.8000,100
50410371917431,14:00:10.371,52.8000,200
50410371920962,14:00:10.371,52.8000,100
50410372742816,14:00:10.372,52.8000,200
50410373314883,14:00:10.373,52.8000,100
50410373598189,14:00:10.373,52.8000,200
50410374406970,14:00:10.374,52.8000,200
50410375307387,14:00:10.375,52.8000,200
50410376135065,14:00:10.376,52.8000,100
50410378089900,14:00:10.378,52.8100,100
50410378089900,14:00:10.378,52.8100,100
50410378089900,14:00:10.378,52.8000,200
50410378089900,14:00:10.378,52.8000,100
50410378089900,14:00:10.378,52.8000,100
50410681586812,14:00:10.681,52.8000,95
50410681586812,14:00:10.681,52.8000,126
50412708461376,14:00:12.708,52.8200,100
50412708708936,14:00:12.708,52.8200,100
50412708708936,14:00:12.708,52.8200,100
50412709037974,14:00:12.709,52.8200,100
50412709037974,14:00:12.709,52.8200,100
50412709940681,14:00:12.709,52.8200,100
50412712609877,14:00:12.712,52.8100,100
50413014092946,14:00:13.014,52.8000,100
50413014229899,14:00:13.014,52.8000,40
50413016606348,14:00:13.016,52.8000,46
50413016606348,14:00:13.016,52.8000,54
50413020872399,14:00:13.020,52.8000,100
50413082639730,14:00:13.082,52.8000,100
50413508633540,14:00:13.508,52.8000,100
50413555146043,14:00:13.555,52.8000,60
50415918996456,14:00:15.918,52.8100,200
50415919746011,14:00:15.919,52.8100,223
50415921648974,14:00:15.921,52.8100,10
50415921648974,14:00:15.921,52.8000,200
50415921844123,14:00:15.921,52.8000,200
50415921925000,14:00:15.921,52.8000,281
50415921925000,14:00:15.921,52.8300,119
50415922458923,14:00:15.922,52.8300,81
50415922458923,14:00:15.922,52.8300,19
50415923347300,14:00:15.923,52.8100,200
50415923347300,14:00:15.923,52.8000,200
50415924240881,14:00:15.924,52.8200,100
50415924314686,14:00:15.924,52.8200,100
50415924341656,14:00:15.924,52.8200,10
50415924373974,14:00:15.924,52.8200,90
50415924397564,14:00:15.924,52.8200,10
50415926549049,14:00:15.926,52.8000,300
50415926549049,14:00:15.926,52.8000,1
50415926549049,14:00:15.926,52.8000,100
50415927968452,14:00:15.927,52.8100,100
50415928049612,14:00:15.928,52.8000,100
50422744957041,14:00:22.744,52.8400,89
50422745139523,14:00:22.745,52.8400,11
50422745139523,14:00:22.745,52.8400,89
50422745189707,14:00:22.745,52.8400,11
50425953701795,14:00:25.953,52.8100,100
50438643968403,14:00:38.643,52.8200,100
50447676960556,14:00:47.676,52.8300,100
50471392338403,14:01:11.392,52.8700,100
50471392338403,14:01:11.392,52.8700,49
50471392340857,14:01:11.392,52.8700,58
50485350035119,14:01:25.350,52.8400,55
50545823448035,14:02:25.823,52.9000,100
50545854022107,14:02:25.854,52.9000,100
50545854248922,14:02:25.854,52.9000,100
50547655067636,14:02:27.655,52.8900,100
50561011297533,14:02:41.011,52.9100,63
50561011338111,14:02:41.011,52.9100,37
50561012141694,14:02:41.012,52.9100,63
50563961965199,14:02:43.961,52.9100,100
50566785755529,14:02:46.785,52.9000,100
50567799132569,14:02:47.799,52.9200,100
50622222264402,14:03:42.222,52.9400,100
50663846514445,14:04:23.846,52.9700,48
50665172506573,14:04:25.172,52.9700,52
50665174200113,14:04:25.174,52.9800,100
50667265914403,14:04:27.265,53.0000,100
50695505153789,14:04:55.505,53.0400,14
50695505157679,14:04:55.505,53.0400,77
50695505157679,14:04:55.505,53.0300,123
50695505171494,14:04:55.505,53.0300,46
50695505176485,14:04:55.505,53.0300,31
50695505176485,14:04:55.505,53.0300,100
50704248031949,14:05:04.248,53.0300,98
50704248260591,14:05:04.248,53.0300,2
50720266302438,14:05:20.266,53.0100,100
50747640621117,14:05:47.640,53.0000,36
50747641543768,14:05:47.641,53.0100,30
50747658503048,14:05:47.658,53.0100,95
50747659053905,14:05:47.659,53.0100,100
50747659523629,14:05:47.659,53.0100,15
50817340905951,14:06:57.340,53.0000,6
50887874126229,14:08:07.874,52.9900,100
50985161817462,14:09:45.161,52.9900,100
50985161879430,14:09:45.161,52.9900,100
51003394185061,14:10:03.394,52.9900,23
51037867357952,14:10:37.867,53.0000,23
51060986672219,14:11:00.986,53.0400,100
51062854962582,14:11:02.854,53.0400,100
51062854962582,14:11:02.854,53.0400,100
51068408499194,14:11:08.408,53.0500,100
51121947755519,14:12:01.947,53.0500,100
51121948904613,14:12:01.948,53.0500,100
51126075146551,14:12:06.075,53.0500,100
51151133440695,14:12:31.133,53.0600,100
51151133440695,14:12:31.133,53.0600,100
51151133471265,14:12:31.133,53.0600,100
51153098148294,14:12:33.098,53.0600,100
51167968361662,14:12:47.968,53.0600,100
51167968361662,14:12:47.968,53.0600,100
51184096185088,14:13:04.096,53.0500,100
51189383368571,14:13:09.383,53.0500,100
51214597916341,14:13:34.597,53.0500,100
51285462468723,14:14:45.462,53.0700,50
51303668309862,14:15:03.668,53.0500,15
51334821919470,14:15:34.821,53.0400,100
51377882206709,14:16:17.882,53.0500,100
51400190882432,14:16:40.190,53.0500,22
51400191451637,14:16:40.191,53.0500,78
51474363905172,14:17:54.363,53.0500,100
51501400958679,14:18:21.400,53.0500,100
51623022637336,14:20:23.022,53.0800,40
51623023446982,14:20:23.023,53.0800,60
51623023446982,14:20:23.023,53.0800,40
51654002867188,14:20:54.002,53.0800,200
51658603288253,14:20:58.603,53.0900,100
51661236913910,14:21:01.236,53.1000,25
51661237276592,14:21:01.237,53.1000,75
51670969108364,14:21:10.969,53.1100,100
51670969108364,14:21:10.969,53.1100,42
51687819722556,14:21:27.819,53.1200,100
51715214909632,14:21:55.214,53.1300,16
51722495558842,14:22:02.495,53.1300,11
51759077847241,14:22:39.077,53.1100,17
51803799881125,14:23:23.799,53.1200,8
51904331061105,14:25:04.331,53.1000,100
51904331061105,14:25:04.331,53.1000,100
51904331061105,14:25:04.331,53.1000,100
51904331061105,14:25:04.331,53.1000,33
52145799042896,14:29:05.799,53.0600,82
52203252427835,14:30:03.252,53.0500,100
52211682750930,14:30:11.682,53.0500,100
52232180935823,14:30:32.180,53.0500,13
52232181004210,14:30:32.181,53.0500,87
52272566695429,14:31:12.566,53.0400,90
52335253129514,14:32:15.253,53.0200,100
52347786230348,14:32:27.786,53.0200,100
52425187979312,14:33:45.187,53.0300,1
52443795780524,14:34:03.795,53.0400,100
52462156377010,14:34:22.156,53.0500,5
52462156420528,14:34:22.156,53.0500,95
52463417315728,14:34:23.417,53.0600,100
52463417315728,14:34:23.417,53.0600,100
52530824394601,14:35:30.824,53.0500,98
52530824484071,14:35:30.824,53.0500,100
52559898463450,14:35:59.898,53.0400,100
52559898463450,14:35:59.898,53.0400,100
52559898491911,14:35:59.898,53.0400,100
52579318263734,14:36:19.318,53.0400,36
52579318469916,14:36:19.318,53.0400,64
52579318469916,14:36:19.318,53.0400,84
52579318905969,14:36:19.318,53.0400,16
52587204951602,14:36:27.204,53.0200,600
52627812012284,14:37:07.812,53.0200,100
52643639233040,14:37:23.639,53.0400,27
52643639233040,14:37:23.639,53.0400,73
52643639266143,14:37:23.639,53.0400,27
52678309778701,14:37:58.309,53.0600,200
52783110050780,14:39:43.110,53.0800,100
52802177319797,14:40:02.177,53.0700,100
52808740160898,14:40:08.740,53.0700,100
52916203643353,14:41:56.203,53.0600,22
52939586535557,14:42:19.586,53.0600,132
52949633241941,14:42:29.633,53.0600,100
52949633241941,14:42:29.633,53.0600,100
52949633272973,14:42:29.633,53.0600,64
52949633288681,14:42:29.633,53.0600,36
52949634238155,14:42:29.634,53.0600,64
52949634238155,14:42:29.634,53.0600,36
52975039219240,14:42:55.039,53.0600,64
52978905635374,14:42:58.905,53.0500,100
52995046139520,14:43:15.046,53.0400,100
52996102404090,14:43:16.102,53.0300,92
52996104348014,14:43:16.104,53.0300,3
52996104415816,14:43:16.104,53.0300,5
53035956326944,14:43:55.956,53.0700,100
53165606983555,14:46:05.606,53.0600,100
53167529804474,14:46:07.529,53.0500,100
53169785071800,14:46:09.785,53.0500,10
53169785111106,14:46:09.785,53.0500,5
53179263313339,14:46:19.263,53.0500,100
53307036921977,14:48:27.036,53.0700,100
53334004220036,14:48:54.004,53.0600,100
53354493561837,14:49:14.493,53.0600,100
53358005252954,14:49:18.005,53.0500,100
53397348145320,14:49:57.348,53.0400,45
53419769314637,14:50:19.769,53.0300,100
53419769314637,14:50:19.769,53.0300,100
53436006886483,14:50:36.006,53.0300,100
53446861575174,14:50:46.861,53.0100,20
53446861597463,14:50:46.861,53.0100,80
53446861597463,14:50:46.861,53.0100,100
53446861597463,14:50:46.861,53.0100,100
53446891968905,14:50:46.891,53.0100,56
53451962971569,14:50:51.962,53.0100,50
53455565813656,14:50:55.565,53.0100,100
53457021818080,14:50:57.021,53.0000,54
53459003803180,14:50:59.003,53.0000,86
53464007133370,14:51:04.007,52.9900,100
53464007618699,14:51:04.007,52.9900,100
53464007618699,14:51:04.007,52.9900,100
53464007618699,14:51:04.007,52.9900,100
53464007618699,14:51:04.007,52.9900,100
53475443395006,14:51:15.443,52.9900,100
53475443438110,14:51:15.443,52.9900,100
53504997819044,14:51:44.997,52.9800,100
53505250054890,14:51:45.250,52.9800,100
53505250054890,14:51:45.250,52.9800,100
53505250054890,14:51:45.250,52.9800,100
53526677128875,14:52:06.677,52.9900,100
53526677128875,14:52:06.677,52.9900,80
53541924234203,14:52:21.924,53.0100,100
53541924234203,14:52:21.924,53.0100,100
53542000554946,14:52:22.000,53.0200,100
53553883878262,14:52:33.883,53.0100,100
53562289915333,14:52:42.289,53.0200,100
53564454582673,14:52:44.454,53.0200,100
53574533201548,14:52:54.533,53.0200,45
53574533573745,14:52:54.533,53.0200,32
53770393215573,14:56:10.393,53.0300,100
53799296548740,14:56:39.296,53.0400,100
53804581388134,14:56:44.581,53.0600,33
53804581388598,14:56:44.581,53.0600,67
53822179791309,14:57:02.179,53.0600,100
53872532340011,14:57:52.532,53.0500,100
53892248106785,14:58:12.248,53.0500,100
53940912801889,14:59:00.912,53.0600,100
53940912801889,14:59:00.912,53.0600,10
54027776858356,15:00:27.776,53.0800,100
54057471313240,15:00:57.471,53.0800,100
54057471313240,15:00:57.471,53.0800,100
54232134423361,15:03:52.134,53.0400,100
54232134474391,15:03:52.134,53.0400,100
54255466059314,15:04:15.466,53.0300,100
54284640910170,15:04:44.640,53.0200,100
54284996961901,15:04:44.996,53.0200,100
54284996961901,15:04:44.996,53.0200,100
54285753099357,15:04:45.753,53.0200,100
54285753099357,15:04:45.753,53.0200,100
54287966402625,15:04:47.966,53.0200,100
54287966402625,15:04:47.966,53.0200,100
54304008996490,15:05:04.008,53.0150,200
54307110815387,15:05:07.110,53.0100,88
54307590663075,15:05:07.590,53.0100,12
54307590663075,15:05:07.590,53.0100,100
54320257389946,15:05:20.257,53.0100,3
54320261591123,15:05:20.261,53.0100,97
54323518504804,15:05:23.518,53.0100,100
54326321678443,15:05:26.321,53.0100,100
54338437383721,15:05:38.437,53.0000,100
54338437383721,15:05:38.437,53.0000,100
54439917746846,15:07:19.917,52.9900,10
54439917746846,15:07:19.917,52.9900,60
54499802416974,15:08:19.802,53.0100,100
54592269230961,15:09:52.269,52.9800,100
54633662652821,15:10:33.662,52.9600,23
54638575106220,15:10:38.575,52.9600,80
54638575136732,15:10:38.575,52.9600,20
54638575136732,15:10:38.575,52.9600,100
54664471005631,15:11:04.471,52.9500,100
54732924969620,15:12:12.924,52.9500,100
54758851379703,15:12:38.851,52.9600,100
54808862965225,15:13:28.862,52.9700,100
54826642033477,15:13:46.642,52.9800,100
54851616657888,15:14:11.616,52.9700,100
54857409692845,15:14:17.409,52.9800,100
54947266840221,15:15:47.266,52.9900,24
54947267708724,15:15:47.267,52.9900,76
54958232576219,15:15:58.232,52.9900,12
54961199785316,15:16:01.199,52.9900,1
54996812598518,15:16:36.812,52.9800,100
55025032721810,15:17:05.032,52.9800,100
55130325528547,15:18:50.325,52.9700,100
55130325558479,15:18:50.325,52.9700,100
55160736741229,15:19:20.736,52.9700,10
55206572383545,15:20:06.572,52.9900,11
55296692502489,15:21:36.692,53.0000,100
55296692502489,15:21:36.692,53.0000,100
55296692502489,15:21:36.692,53.0000,100
55310760638241,15:21:50.760,53.0000,100
55342056494562,15:22:22.056,52.9800,200
55342056494562,15:22:22.056,52.9800,100
55391865370852,15:23:11.865,52.9700,100
55391865417793,15:23:11.865,52.9700,100
55391865417793,15:23:11.865,52.9700,25
55407425029136,15:23:27.425,52.9700,100
55407425029136,15:23:27.425,52.9700,100
55407425225124,15:23:27.425,52.9700,100
55407540368818,15:23:27.540,52.9700,100
55458266557868,15:24:18.266,52.9700,100
55502884127942,15:25:02.884,52.9600,100
55503363505841,15:25:03.363,52.9600,100
55503363597479,15:25:03.363,52.9600,100
55503363597479,15:25:03.363,52.9600,100
55533159881002,15:25:33.159,52.9500,82
55535379485027,15:25:35.379,52.9500,23
55583830281201,15:26:23.830,52.9600,100
55583830281201,15:26:23.830,52.9600,200
55583830324231,15:26:23.830,52.9600,30
55642431570177,15:27:22.431,52.9700,100
55647925446544,15:27:27.925,52.9700,100
55673112952220,15:27:53.112,52.9800,100
55676574794511,15:27:56.574,52.9900,4
55676574974070,15:27:56.574,52.9900,100
55682851040542,15:28:02.851,53.0000,100
55695483008347,15:28:15.483,53.0050,100
55698501646276,15:28:18.501,53.0000,100
55698501646276,15:28:18.501,53.0000,100
55699142297739,15:28:19.142,53.0000,100
55748069712344,15:29:08.069,53.0000,100
55748069712344,15:29:08.069,53.0000,88
55787604630363,15:29:47.604,52.9800,100
55796773249135,15:29:56.773,52.9800,100
55823705118367,15:30:23.705,52.9700,100
55823705118367,15:30:23.705,52.9700,100
55823705118367,15:30:23.705,52.9700,100
55867506181596,15:31:07.506,52.9700,100
55867506824086,15:31:07.506,52.9700,100
55867506824086,15:31:07.506,52.9700,100
55887551531814,15:31:27.551,52.9800,100
55899710884010,15:31:39.710,52.9800,100
55915794005689,15:31:55.794,52.9800,100
55915794005689,15:31:55.794,52.9800,100
55917377447355,15:31:57.377,52.9800,100
55921580273996,15:32:01.580,52.9800,100
55921582120606,15:32:01.582,52.9800,28
55947703405326,15:32:27.703,52.9700,11
55955521838767,15:32:35.521,52.9700,62
55992662253608,15:33:12.662,52.9700,27
55992662253608,15:33:12.662,52.9700,73
55992662295112,15:33:12.662,52.9700,27
55996906282046,15:33:16.906,52.9700,100
55997076113071,15:33:17.076,52.9700,40
55999970694648,15:33:19.970,52.9700,100
56000299127299,15:33:20.299,52.9700,100
56027955798147,15:33:47.955,52.9700,30
56084070813116,15:34:44.070,52.9500,6
56100635339249,15:35:00.635,52.9300,100
56100937031420,15:35:00.937,52.9300,100
56132473244902,15:35:32.473,52.9400,100
56141312371498,15:35:41.312,52.9500,100
56141312407081,15:35:41.312,52.9500,100
56155902152488,15:35:55.902,52.9550,4
56173260612645,15:36:13.260,52.9500,200
56173261054496,15:36:13.261,52.9500,3
56173336174263,15:36:13.336,52.9500,97
56238430565697,15:37:18.430,52.9500,100
56238430565697,15:37:18.430,52.9500,100
56255903805951,15:37:35.903,52.9600,100
56323523330007,15:38:43.523,52.9650,100
56323523330820,15:38:43.523,52.9700,100
56323523330820,15:38:43.523,52.9700,100
56323523719756,15:38:43.523,52.9700,38
56323524140014,15:38:43.524,52.9700,62
56327905142206,15:38:47.905,52.9800,100
56347776492707,15:39:07.776,52.9800,100
56403415363011,15:40:03.415,52.9700,60
56411951408407,15:40:11.951,52.9700,100
56446488416740,15:40:46.488,52.9700,100
56469195049160,15:41:09.195,52.9500,100
56486997747419,15:41:26.997,52.9400,3
56498830947738,15:41:38.830,52.9400,40
56502253682469,15:41:42.253,52.9400,100
56502253682469,15:41:42.253,52.9400,100
56502253682469,15:41:42.253,52.9400,100
56502253682469,15:41:42.253,52.9400,100
56502254021831,15:41:42.254,52.9400,100
56502254021831,15:41:42.254,52.9400,100
56502254021831,15:41:42.254,52.9400,100
56502254021831,15:41:42.254,52.9400,100
56648935567545,15:44:08.935,52.9700,100
56648936354942,15:44:08.936,52.9700,11
56648937987208,15:44:08.937,52.9700,89
56648937987208,15:44:08.937,52.9700,11
56652221470988,15:44:12.221,52.9600,100
56652221470988,15:44:12.221,52.9600,100
56667275455467,15:44:27.275,52.9650,100
56667282192150,15:44:27.282,52.9700,100
56667282192150,15:44:27.282,52.9700,100
56667282192150,15:44:27.282,52.9700,100
56667282550069,15:44:27.282,52.9700,100
56667282550069,15:44:27.282,52.9700,100
56683447358925,15:44:43.447,52.9700,100
56700164336283,15:45:00.164,52.9700,100
56700267264894,15:45:00.267,52.9700,100
56701780730168,15:45:01.780,52.9800,100
56701780730168,15:45:01.780,52.9800,100
56736156213514,15:45:36.156,52.9900,5
56736158180708,15:45:36.158,52.9900,100
56736161536628,15:45:36.161,52.9900,95
56742935845683,15:45:42.935,52.9900,100
56794720590510,15:46:34.720,53.0000,25
56822964654678,15:47:02.964,53.0100,16
56823016034792,15:47:03.016,53.0100,46
56823016418703,15:47:03.016,53.0100,100
56823016418703,15:47:03.016,53.0100,100
56823016418703,15:47:03.016,53.0100,100
56823016418703,15:47:03.016,53.0100,100
56823016418703,15:47:03.016,53.0100,100
56834935322234,15:47:14.935,53.0100,100
56854194304102,15:47:34.194,53.0000,100
56857105900884,15:47:37.105,53.0000,100
56859938498837,15:47:39.938,53.0000,100
56866160512539,15:47:46.160,53.0000,100
56900404748673,15:48:20.404,53.0000,100
56911795169402,15:48:31.795,52.9900,100
56911795169402,15:48:31.795,52.9900,100
56939149465024,15:48:59.149,52.9900,127
56950538774636,15:49:10.538,52.9900,100
56950538774636,15:49:10.538,52.9900,100
56950538774636,15:49:10.538,52.9900,100
56969473856684,15:49:29.473,52.9900,100
56969473856684,15:49:29.473,52.9900,100
56969473856684,15:49:29.473,52.9900,100
56969473856684,15:49:29.473,52.9900,100
56969474001477,15:49:29.474,52.9900,100
56969474001477,15:49:29.474,52.9900,2
56969474001477,15:49:29.474,52.9900,70
56969474131160,15:49:29.474,52.9900,100
56969474131160,15:49:29.474,52.9900,100
56969677721419,15:49:29.677,52.9900,100
56995521494460,15:49:55.521,52.9800,100
56995521494460,15:49:55.521,52.9800,100
57014436265921,15:50:14.436,52.9700,16
57014437725949,15:50:14.437,52.9700,84
57019582029395,15:50:19.582,52.9700,72
57026681403668,15:50:26.681,52.9750,90
57054937000445,15:50:54.937,52.9700,100
57057935593501,15:50:57.935,52.9700,98
57057979130075,15:50:57.979,52.9700,100
57135496592561,15:52:15.496,52.9700,100
57135496592561,15:52:15.496,52.9700,100
57135496592561,15:52:15.496,52.9700,100
57155102353837,15:52:35.102,52.9650,40
57160726432549,15:52:40.726,52.9600,100
57160726432549,15:52:40.726,52.9600,100
57160726432549,15:52:40.726,52.9600,100
57167866086454,15:52:47.866,52.9500,100
57167866086454,15:52:47.866,52.9500,100
57169298107750,15:52:49.298,52.9500,100
57169298107750,15:52:49.298,52.9500,100
57270714713370,15:54:30.714,52.9400,7
57270715431321,15:54:30.715,52.9400,93
57270715431321,15:54:30.715,52.9400,106
57270715625755,15:54:30.715,52.9400,17
57273967551322,15:54:33.967,52.9400,3
57283442482130,15:54:43.442,52.9400,100
57290935843817,15:54:50.935,52.9300,200
57295937388737,15:54:55.937,52.9300,100
57310121242394,15:55:10.121,52.9550,37
57310143654891,15:55:10.143,52.9600,20
57316835705144,15:55:16.835,52.9700,100
57324385340446,15:55:24.385,52.9700,86
57324391922472,15:55:24.391,52.9700,114
57339150910954,15:55:39.150,52.9900,100
57352400526658,15:55:52.400,53.0000,100
57375155843752,15:56:15.155,53.0000,100
57395294673856,15:56:35.294,53.0050,100
57431117930634,15:57:11.117,53.0000,100
57446318640828,15:57:26.318,52.9900,100
57450069336056,15:57:30.069,52.9800,100
57489501049561,15:58:09.501,52.9600,100
57490000808334,15:58:10.000,52.9650,100
57501601772584,15:58:21.601,52.9600,100
57514275019162,15:58:34.275,52.9600,100
57531135145371,15:58:51.135,52.9650,100
57547125782194,15:59:07.125,52.9700,200
57547125782194,15:59:07.125,52.9700,100
57547125782194,15:59:07.125,52.9700,53
57549605500614,15:59:09.605,52.9700,100
57552075595773,15:59:12.075,52.9900,100
57552075595773,15:59:12.075,52.9900,100
57560218544320,15:59:20.218,52.9900,100
57560218544320,15:59:20.218,52.9900,200
57560218544320,15:59:20.218,52.9900,100
57560257326550,15:59:20.257,52.9800,100
57566313700710,15:59:26.313,52.9800,200
57566313700710,15:59:26.313,52.9800,13
57566313889313,15:59:26.313,52.9800,7
57566314756519,15:59:26.314,52.9800,80
57570775855084,15:59:30.775,52.9900,100
57574177261502,15:59:34.177,53.0000,101
57574177314556,15:59:34.177,53.0000,9
57574197219829,15:59:34.197,53.0000,109
57579670680308,15:59:39.670,52.9900,100
57579670680308,15:59:39.670,52.9900,100
57579670680308,15:59:39.670,52.9900,200
57581211928444,15:59:41.211,52.9700,200
57591307620786,15:59:51.307,52.9700,100
57597209578753,15:59:57.209,52.9900,100
57600536486513,16:00:00.536,0.0000,0
