timestamp,time,price,volume
34200190451520,09:30:00.190,0.0000,0
34209096685747,09:30:09.096,86.8600,100
34220511820481,09:30:20.511,86.8400,15
34301846217608,09:31:41.846,86.9300,14
34359847979775,09:32:39.847,86.8900,100
34359847979775,09:32:39.847,86.8900,45
34360710256192,09:32:40.710,86.8000,2
34360710660351,09:32:40.710,86.7900,100
34368144689044,09:32:48.144,86.8100,100
34368144689044,09:32:48.144,86.8100,100
34378001498487,09:32:58.001,86.8900,100
34378002380707,09:32:58.002,86.8900,100
34378002380707,09:32:58.002,86.8900,200
34378002380707,09:32:58.002,86.8900,100
34378002462832,09:32:58.002,86.8700,100
34379131365226,09:32:59.131,86.8700,100
34379131519915,09:32:59.131,86.8800,100
34379131519915,09:32:59.131,86.8800,100
34393192526589,09:33:13.192,86.8600,5
34393192559714,09:33:13.192,86.8600,100
34418017225319,09:33:38.017,86.7700,100
34418020361516,09:33:38.020,86.7500,200
34418020386719,09:33:38.020,86.7500,100
34418020990611,09:33:38.020,86.7500,100
34421482214617,09:33:41.482,86.7200,100
34422220652358,09:33:42.220,86.7300,100
34422220903940,09:33:42.220,86.7400,100
34481248789680,09:34:41.248,86.8000,37
34481248789680,09:34:41.248,86.8000,100
34503037531509,09:35:03.037,86.7900,100
34511295064411,09:35:11.295,86.7900,100
34511295274329,09:35:11.295,86.7900,100
34511295918808,09:35:11.295,86.7800,100
34511295918808,09:35:11.295,86.7800,24
34511526283750,09:35:11.526,86.7700,88
34511526313145,09:35:11.526,86.7700,12
34511526628709,09:35:11.526,86.7700,100
34511527582035,09:35:11.527,86.7600,100
34511543921652,09:35:11.543,86.7600,100
34511543946624,09:35:11.543,86.7600,100
34511543946624,09:35:11.543,86.7600,100
34511543946624,09:35:11.543,86.7600,100
34511544260841,09:35:11.544,86.7600,100
34511544287983,09:35:11.544,86.7600,100
34511544604141,09:35:11.544,86.7500,100
34512444771207,09:35:12.444,86.7600,100
34512444771207,09:35:12.444,86.7600,100
34512449867597,09:35:12.449,86.7600,100
34514675516956,09:35:14.675,86.7400,100
34524711033400,09:35:24.711,86.7300,100
34524711033400,09:35:24.711,86.7300,96
34524711410686,09:35:24.711,86.7300,4
34525706192123,09:35:25.706,86.7400,200
34525706192123,09:35:25.706,86.7400,30
34525706192123,09:35:25.706,86.7400,17
34525706192123,09:35:25.706,86.7400,3
34525706192123,09:35:25.706,86.7400,100
34525708121087,09:35:25.708,86.7400,100
34532080438807,09:35:32.080,86.7200,100
34532081810329,09:35:32.081,86.7100,100
34537133137926,09:35:37.133,86.6700,100
34537133201925,09:35:37.133,86.6700,100
34537133486546,09:35:37.133,86.6800,100
34539462979586,09:35:39.462,86.6600,3
34539463085997,09:35:39.463,86.6600,97
34539463085997,09:35:39.463,86.6600,15
34544511429236,09:35:44.511,86.6500,100
34544830226927,09:35:44.830,86.6600,40
34545514020529,09:35:45.514,86.6800,100
34545514051904,09:35:45.514,86.6800,100
34545515472110,09:35:45.515,86.6900,100
34587820784728,09:36:27.820,86.6900,100
34587820784728,09:36:27.820,86.6900,100
34603398050582,09:36:43.398,86.6300,89
34603398076242,09:36:43.398,86.6300,11
34639512467871,09:37:19.512,86.6300,100
34650942749539,09:37:30.942,86.6300,20
34654827593317,09:37:34.827,86.6000,100
34700325201617,09:38:20.325,86.6000,19
34700325227190,09:38:20.325,86.6000,181
34700327420598,09:38:20.327,86.5800,100
34700327546338,09:38:20.327,86.5700,100
34704730804553,09:38:24.730,86.6100,100
34748333044171,09:39:08.333,86.5900,100
34748333909412,09:39:08.333,86.5700,36
34748333934733,09:39:08.333,86.5700,64
34788089443534,09:39:48.089,86.5900,100
34788089619087,09:39:48.089,86.5800,55
34788089709778,09:39:48.089,86.5800,33
34788089738638,09:39:48.089,86.5800,12
34788090612070,09:39:48.090,86.5800,100
34789036743369,09:39:49.036,86.5400,100
34791864029346,09:39:51.864,86.5300,3
34791864053167,09:39:51.864,86.5300,97
34791868453412,09:39:51.868,86.5300,100
34791868481308,09:39:51.868,86.5300,94
34791868520652,09:39:51.868,86.5300,6
34793624990841,09:39:53.624,86.5400,100
34793624990841,09:39:53.624,86.5400,200
34793625670971,09:39:53.625,86.5400,200
34793625670971,09:39:53.625,86.5400,100
34807713000649,09:40:07.713,86.5700,1
34833859061248,09:40:33.859,86.5200,100
34834241185786,09:40:34.241,86.5100,60
34834859076936,09:40:34.859,86.5100,40
34843706297446,09:40:43.706,86.5100,86
34843706381024,09:40:43.706,86.5100,14
34843707654291,09:40:43.707,86.5000,100
34843707654291,09:40:43.707,86.5000,120
34847718544609,09:40:47.718,86.5000,100
34854717839892,09:40:54.717,86.5200,1
34855846468440,09:40:55.846,86.4800,100
34855847029789,09:40:55.847,86.4800,10
34859716940502,09:40:59.716,86.4900,4
34886727828956,09:41:26.727,86.4800,4
34886734450870,09:41:26.734,86.4800,1
34886745611395,09:41:26.745,86.4700,100
34886747097186,09:41:26.747,86.4700,100
34886748328954,09:41:26.748,86.4800,100
34888947898505,09:41:28.947,86.4900,100
34890450127225,09:41:30.450,86.5000,100
34890450127225,09:41:30.450,86.5000,100
34891945622288,09:41:31.945,86.4900,100
34891950685675,09:41:31.950,86.4900,100
34899851243727,09:41:39.851,86.5000,2
34899851272890,09:41:39.851,86.5000,98
34899997886042,09:41:39.997,86.4800,100
34903718853794,09:41:43.718,86.5000,100
34905720042591,09:41:45.720,86.5200,2
34911683906959,09:41:51.683,86.5200,98
34914304016030,09:41:54.304,86.5300,100
34914307005050,09:41:54.307,86.5300,100
34922300526375,09:42:02.300,86.5600,100
34950894891306,09:42:30.894,86.6000,100
34950894917163,09:42:30.894,86.6000,100
34969693113890,09:42:49.693,86.5600,100
34969693795082,09:42:49.693,86.5600,93
34969693796460,09:42:49.693,86.5600,7
34969703341569,09:42:49.703,86.5600,100
34972549099364,09:42:52.549,86.5700,100
34972550410196,09:42:52.550,86.5700,100
35006173200717,09:43:26.173,86.5800,100
35006173200717,09:43:26.173,86.5800,100
35006752318855,09:43:26.752,86.5700,65
35007716610535,09:43:27.716,86.5700,20
35007716660268,09:43:27.716,86.5700,80
35015847130965,09:43:35.847,86.5700,100
35030100652212,09:43:50.100,86.6000,100
35030101904922,09:43:50.101,86.6100,93
35030101911675,09:43:50.101,86.6100,74
35030101915486,09:43:50.101,86.6100,33
35030101915486,09:43:50.101,86.6100,40
35030101920992,09:43:50.101,86.6100,60
35030102335188,09:43:50.102,86.6100,64
35030102357738,09:43:50.102,86.6100,36
35030102357738,09:43:50.102,86.6100,64
35030102400369,09:43:50.102,86.6100,36
35030104293419,09:43:50.104,86.5900,100
35030674413225,09:43:50.674,86.5900,100
35030674413225,09:43:50.674,86.5900,100
35030674413225,09:43:50.674,86.5900,100
35044309744705,09:44:04.309,86.5900,100
35047802848280,09:44:07.802,86.5400,100
35047802848280,09:44:07.802,86.5400,100
35060560072547,09:44:20.560,86.5000,100
35060560072547,09:44:20.560,86.5000,44
35060560092844,09:44:20.560,86.5000,144
35060560108238,09:44:20.560,86.5000,12
35071720474323,09:44:31.720,86.5100,71
35094420568350,09:44:54.420,86.5600,100
35114073222224,09:45:14.073,86.5600,100
35117096729522,09:45:17.096,86.5800,69
35117718000099,09:45:17.718,86.5900,8
35128318948144,09:45:28.318,86.5700,100
35145900403546,09:45:45.900,86.5700,100
35200813813286,09:46:40.813,86.5800,46
35200813826465,09:46:40.813,86.5800,54
35200813826465,09:46:40.813,86.5800,20
35208126668098,09:46:48.126,86.5600,200
35208127449960,09:46:48.127,86.5500,2
35208127449960,09:46:48.127,86.5500,100
35209716585460,09:46:49.716,86.5500,20
35214273649132,09:46:54.273,86.5600,29
35217922478453,09:46:57.922,86.5300,100
35272026602734,09:47:52.026,86.4900,2
35290980311626,09:48:10.980,86.4800,100
35292451026877,09:48:12.451,86.4600,4
35292451952762,09:48:12.451,86.4600,100
35306581529603,09:48:26.581,86.4000,100
35306581593405,09:48:26.581,86.4000,100
35306582242590,09:48:26.582,86.3900,100
35308039541836,09:48:28.039,86.4100,100
35330653062723,09:48:50.653,86.3800,72
35330653548694,09:48:50.653,86.3800,28
35339127271613,09:48:59.127,86.3700,100
35368105924664,09:49:28.105,86.3800,2
35380007807013,09:49:40.007,86.3600,2
35380007807013,09:49:40.007,86.3600,100
35380009086471,09:49:40.009,86.3500,29
35381193123492,09:49:41.193,86.3400,9
35424878687810,09:50:24.878,86.3800,77
35449935618175,09:50:49.935,86.4000,2
35488913732739,09:51:28.913,86.4100,2
35488914443229,09:51:28.914,86.4000,100
35488914443229,09:51:28.914,86.4000,100
35504261674314,09:51:44.261,86.3800,100
35533779110420,09:52:13.779,86.3700,100
35533779110420,09:52:13.779,86.3700,2
35534567760834,09:52:14.567,86.3800,100
35579986395012,09:52:59.986,86.4100,40
35585033409393,09:53:05.033,86.3800,100
35585033409393,09:53:05.033,86.3800,49
35585033424764,09:53:05.033,86.3800,51
35585033424764,09:53:05.033,86.3800,2
35585033424764,09:53:05.033,86.3800,100
35589283965114,09:53:09.283,86.3800,1
35592958789577,09:53:12.958,86.3700,100
35622799905399,09:53:42.799,86.3900,1
35625269051427,09:53:45.269,86.3900,99
35626135131301,09:53:46.135,86.4000,100
35652484301736,09:54:12.484,86.4100,2
35652484546523,09:54:12.484,86.4000,100
35652484700371,09:54:12.484,86.4100,100
35671136641879,09:54:31.136,86.3900,100
35671136668051,09:54:31.136,86.3900,100
35671136675069,09:54:31.136,86.3900,100
35671138355056,09:54:31.138,86.3800,2
35672853011779,09:54:32.853,86.4000,100
35727874182363,09:55:27.874,86.4200,100
35727874564907,09:55:27.874,86.4100,100
35727874579044,09:55:27.874,86.4100,2
35727874579044,09:55:27.874,86.4100,100
35727878116370,09:55:27.878,86.4200,100
35734958825907,09:55:34.958,86.4000,100
35734959216724,09:55:34.959,86.3900,5
35745738234442,09:55:45.738,86.3600,100
35755755293948,09:55:55.755,86.3200,100
35761684054020,09:56:01.684,86.3100,2
35761687891585,09:56:01.687,86.3000,100
35766973466344,09:56:06.973,86.3200,1
35801695256786,09:56:41.695,86.3100,20
35801695282639,09:56:41.695,86.3100,80
35819286624855,09:56:59.286,86.3400,100
35820977192562,09:57:00.977,86.3500,2
35820977192562,09:57:00.977,86.3500,1
35820977253046,09:57:00.977,86.3500,99
35826236592725,09:57:06.236,86.3400,2
35826238377786,09:57:06.238,86.3400,20
35826238408775,09:57:06.238,86.3400,40
35826243581860,09:57:06.243,86.3400,40
35832972136561,09:57:12.972,86.3400,1
35851701412469,09:57:31.701,86.3200,100
35862905339054,09:57:42.905,86.3100,48
35862905365485,09:57:42.905,86.3100,52
35862905365485,09:57:42.905,86.3100,2
35870018208689,09:57:50.018,86.3000,1
35871551738086,09:57:51.551,86.2700,100
35879074783820,09:57:59.074,86.2500,100
35879075610821,09:57:59.075,86.2600,100
35934971790585,09:58:54.971,86.2500,100
35953540736530,09:59:13.540,86.2500,100
35955147361206,09:59:15.147,86.2400,100
35955162363661,09:59:15.162,86.2500,67
35969872213005,09:59:29.872,86.2300,100
36000203890296,10:00:00.203,86.2100,10
36021140232553,10:00:21.140,86.2700,100
36033285208912,10:00:33.285,86.2800,14
36033288319711,10:00:33.288,86.2900,10
36034537088710,10:00:34.537,86.2900,10
36034537088710,10:00:34.537,86.2800,7
36049303064225,10:00:49.303,86.2400,35
36049303064225,10:00:49.303,86.2400,100
36049303064225,10:00:49.303,86.2400,100
36050098281727,10:00:50.098,86.2600,2
36050174331341,10:00:50.174,86.2600,98
36050174331341,10:00:50.174,86.2600,100
36050174331341,10:00:50.174,86.2600,2
36051844070693,10:00:51.844,86.2700,23
36053576628122,10:00:53.576,86.2700,5
36055576346802,10:00:55.576,86.2700,1
36057293416988,10:00:57.293,86.2700,100
36057293472017,10:00:57.293,86.2700,18
36057293500497,10:00:57.293,86.2700,18
36057293518002,10:00:57.293,86.2700,82
36065105435045,10:01:05.105,86.2500,100
36065105766936,10:01:05.105,86.2500,100
36070891783355,10:01:10.891,86.2300,50
36070891812136,10:01:10.891,86.2300,50
36070891812136,10:01:10.891,86.2300,44
36072792507411,10:01:12.792,86.2300,66
36072792507411,10:01:12.792,86.2300,34
36072792733838,10:01:12.792,86.2300,66
36075746734577,10:01:15.746,86.2400,100
36079345440449,10:01:19.345,86.2100,100
36111357872445,10:01:51.357,86.2200,17
36112040396875,10:01:52.040,86.2100,100
36112042268827,10:01:52.042,86.2000,100
36130603662329,10:02:10.603,86.2300,26
36130603726587,10:02:10.603,86.2300,74
36130603727907,10:02:10.603,86.2300,62
36130604132493,10:02:10.604,86.2200,100
36130606547241,10:02:10.606,86.2200,100
36130613230183,10:02:10.613,86.2100,100
36131516904096,10:02:11.516,86.1900,3
36131516904096,10:02:11.516,86.1900,6
36131517575699,10:02:11.517,86.2000,50
36154633281412,10:02:34.633,86.1900,100
36154633281412,10:02:34.633,86.1900,43
36154633309505,10:02:34.633,86.1900,57
36160571869878,10:02:40.571,86.1800,100
36166686617240,10:02:46.686,86.1500,100
36166689353560,10:02:46.689,86.1400,52
36166689862563,10:02:46.689,86.1400,48
36166689862563,10:02:46.689,86.1400,89
36166761461688,10:02:46.761,86.1300,100
36182197777875,10:03:02.197,86.1400,100
36182197777875,10:03:02.197,86.1500,100
36187176117495,10:03:07.176,86.1300,2
36198113932199,10:03:18.113,86.1500,98
36198150137967,10:03:18.150,86.1500,100
36198915003747,10:03:18.915,86.1600,100
36209268069283,10:03:29.268,86.1800,10
36254781080081,10:04:14.781,86.2100,100
36254781080081,10:04:14.781,86.2100,3
36254781080081,10:04:14.781,86.2100,100
36254781080081,10:04:14.781,86.2100,67
36254781989499,10:04:14.781,86.2000,18
36261922424182,10:04:21.922,86.2100,100
36287648737111,10:04:47.648,86.2100,100
36291870810038,10:04:51.870,86.2100,100
36298793251771,10:04:58.793,86.2200,100
36298793256393,10:04:58.793,86.2200,100
36298911053527,10:04:58.911,86.2200,100
36298911053527,10:04:58.911,86.2200,100
36298911104711,10:04:58.911,86.2200,15
36298912818595,10:04:58.912,86.2200,100
36298912818595,10:04:58.912,86.2200,100
36298912857634,10:04:58.912,86.2200,16
36307826427092,10:05:07.826,86.2100,121
36307826427092,10:05:07.826,86.2100,6
36307826427092,10:05:07.826,86.2100,100
36307827576567,10:05:07.827,86.2000,100
36308827561378,10:05:08.827,86.2200,100
36309825223707,10:05:09.825,86.2300,20
36318403527686,10:05:18.403,86.2200,73
36318403527686,10:05:18.403,86.2200,1
36319336820024,10:05:19.336,86.2200,13
36325147230679,10:05:25.147,86.2400,10
36325147230679,10:05:25.147,86.2500,90
36325147262496,10:05:25.147,86.2500,10
36331700133788,10:05:31.700,86.2300,100
36331700145060,10:05:31.700,86.2300,100
36331700191967,10:05:31.700,86.2300,100
36331974495015,10:05:31.974,86.2400,100
36331974843534,10:05:31.974,86.2400,100
36331974890743,10:05:31.974,86.2400,100
36331975677801,10:05:31.975,86.2400,24
36331975728965,10:05:31.975,86.2400,100
36331975728965,10:05:31.975,86.2400,100
36331975728965,10:05:31.975,86.2400,76
36331975781499,10:05:31.975,86.2400,24
36331975781499,10:05:31.975,86.2400,100
36331975781499,10:05:31.975,86.2400,100
36331975781499,10:05:31.975,86.2400,52
36331979442101,10:05:31.979,86.2400,100
36332590871690,10:05:32.590,86.2400,100
36333714314973,10:05:33.714,86.2400,48
36333714314973,10:05:33.714,86.2400,100
36333714369628,10:05:33.714,86.2400,10
36333714412294,10:05:33.714,86.2400,90
36333714412294,10:05:33.714,86.2400,100
36333714412294,10:05:33.714,86.2400,10
36336688924923,10:05:36.688,86.2400,100
36339210107038,10:05:39.210,86.2400,100
36339210107038,10:05:39.210,86.2400,107
36339210282440,10:05:39.210,86.2400,93
36340455250160,10:05:40.455,86.2600,100
36340473459618,10:05:40.473,86.2600,100
36344102320457,10:05:44.102,86.2500,100
36344108225214,10:05:44.108,86.2400,100
36344108278622,10:05:44.108,86.2400,100
36344108298444,10:05:44.108,86.2400,100
36347648427533,10:05:47.648,86.2400,100
36347648427533,10:05:47.648,86.2400,100
36347648457540,10:05:47.648,86.2400,100
36347648457540,10:05:47.648,86.2400,18
36347648539465,10:05:47.648,86.2500,10
36348165959446,10:05:48.165,86.2300,100
36348165959446,10:05:48.165,86.2300,100
36348169153584,10:05:48.169,86.2300,100
36348392834088,10:05:48.392,86.2300,100
36348392834088,10:05:48.392,86.2300,100
36348392889670,10:05:48.392,86.2300,100
36348392889670,10:05:48.392,86.2300,100
36348392903909,10:05:48.392,86.2300,100
36348392903909,10:05:48.392,86.2300,100
36348392941495,10:05:48.392,86.2300,100
36348392941495,10:05:48.392,86.2300,100
36348392970981,10:05:48.392,86.2300,100
36348392970981,10:05:48.392,86.2300,6
36352066336851,10:05:52.066,86.2600,100
36352066844416,10:05:52.066,86.2600,100
36352069153656,10:05:52.069,86.2500,100
36352069153656,10:05:52.069,86.2500,100
36352069171077,10:05:52.069,86.2500,100
36352069171077,10:05:52.069,86.2500,100
36352069171077,10:05:52.069,86.2500,100
36352069171077,10:05:52.069,86.2500,100
36352069171077,10:05:52.069,86.2500,100
36352069171077,10:05:52.069,86.2500,100
36352069171077,10:05:52.069,86.2500,100
36352069171077,10:05:52.069,86.2500,100
36352069171077,10:05:52.069,86.2500,100
36352069171077,10:05:52.069,86.2500,100
36353565182688,10:05:53.565,86.2400,100
36353565182688,10:05:53.565,86.2400,100
36354819698910,10:05:54.819,86.2400,20
36354819741985,10:05:54.819,86.2400,80
36354819741985,10:05:54.819,86.2400,5
36354819771644,10:05:54.819,86.2400,95
36354819771644,10:05:54.819,86.2400,100
36354819771644,10:05:54.819,86.2400,300
36357630620311,10:05:57.630,86.2500,200
36358268318529,10:05:58.268,86.2400,100
36358268318529,10:05:58.268,86.2400,100
36358268318529,10:05:58.268,86.2400,100
36358268318529,10:05:58.268,86.2400,100
36358268349805,10:05:58.268,86.2400,100
36358268349805,10:05:58.268,86.2400,100
36360189572155,10:06:00.189,86.2300,94
36360189572155,10:06:00.189,86.2300,100
36360189572155,10:06:00.189,86.2300,6
36360189648042,10:06:00.189,86.2300,94
36360189648042,10:06:00.189,86.2300,100
36360191751689,10:06:00.191,86.2200,100
36360345225946,10:06:00.345,86.2300,100
36360346711205,10:06:00.346,86.2300,200
36360346799466,10:06:00.346,86.2300,100
36360346799466,10:06:00.346,86.2300,100
36364708276159,10:06:04.708,86.2200,100
36364708276159,10:06:04.708,86.2200,4
36364712176960,10:06:04.712,86.2100,100
36364712203913,10:06:04.712,86.2100,100
36364712203913,10:06:04.712,86.2100,100
36365713042946,10:06:05.713,86.2200,100
36365713740643,10:06:05.713,86.2300,25
36365713766395,10:06:05.713,86.2300,75
36365713766395,10:06:05.713,86.2300,100
36365713828724,10:06:05.713,86.2300,69
36368795249261,10:06:08.795,86.2300,100
36368795249261,10:06:08.795,86.2300,100
36368795263256,10:06:08.795,86.2300,100
36368795263256,10:06:08.795,86.2300,100
36368795281137,10:06:08.795,86.2300,100
36368795281137,10:06:08.795,86.2300,100
36368795293006,10:06:08.795,86.2300,100
36368795293006,10:06:08.795,86.2300,100
36368795293006,10:06:08.795,86.2300,100
36369819439455,10:06:09.819,86.2400,22
36369819542071,10:06:09.819,86.2400,78
36369819542071,10:06:09.819,86.2400,100
36371001967658,10:06:11.001,86.2500,100
36371024714338,10:06:11.024,86.2600,100
36371024714338,10:06:11.024,86.2600,100
36378607951273,10:06:18.607,86.3100,100
36381922137669,10:06:21.922,86.3100,100
36384266547956,10:06:24.266,86.3200,100
36397803956632,10:06:37.803,86.3600,100
36403120635747,10:06:43.120,86.3500,100
36405752531653,10:06:45.752,86.3600,100
36413278355629,10:06:53.278,86.3700,100
36415296036309,10:06:55.296,86.4000,100
36422840293942,10:07:02.840,86.4000,20
36427533027411,10:07:07.533,86.4000,100
36427533027411,10:07:07.533,86.4000,100
36427533456968,10:07:07.533,86.3900,100
36432256309449,10:07:12.256,86.3800,67
36432268321954,10:07:12.268,86.3800,33
36447622496738,10:07:27.622,86.3900,17
36447622587099,10:07:27.622,86.3900,83
36447624670982,10:07:27.624,86.4000,100
36447629831168,10:07:27.629,86.4000,200
36447630245810,10:07:27.630,86.4000,100
36447630245810,10:07:27.630,86.4000,100
36463028973108,10:07:43.028,86.4300,100
36463030318988,10:07:43.030,86.4300,100
36532916413118,10:08:52.916,86.4800,100
36546738479543,10:09:06.738,86.4800,100
36546739934180,10:09:06.739,86.4700,3
36546741061293,10:09:06.741,86.4700,100
36547843928123,10:09:07.843,86.4600,20
36553569646410,10:09:13.569,86.4600,100
36577059298189,10:09:37.059,86.4900,1
36582927900769,10:09:42.927,86.4700,100
36632276141400,10:10:32.276,86.4700,100
36641734007881,10:10:41.734,86.4650,100
36642268004284,10:10:42.268,86.4650,100
36652239655830,10:10:52.239,86.4500,100
36652239655830,10:10:52.239,86.4500,100
36652240541114,10:10:52.240,86.4400,100
36653664921404,10:10:53.664,86.4200,100
36657829639070,10:10:57.829,86.4200,9
36692811388876,10:11:32.811,86.4700,100
36693399160269,10:11:33.399,86.4600,3
36693399160269,10:11:33.399,86.4600,100
36693400057214,10:11:33.400,86.4500,100
36697603866921,10:11:37.603,86.4600,100
36706064029844,10:11:46.064,86.4700,100
36719630647165,10:11:59.630,86.4800,20
36719630647165,10:11:59.630,86.4700,100
36720157839817,10:12:00.157,86.4700,4
36722591724137,10:12:02.591,86.4400,4
36722591724137,10:12:02.591,86.4400,100
36724335486268,10:12:04.335,86.4400,100
36724335558455,10:12:04.335,86.4400,96
36730274596614,10:12:10.274,86.4300,55
36731990567326,10:12:11.990,86.4200,4
36736809440445,10:12:16.809,86.4200,100
36743036786375,10:12:23.036,86.4100,100
36746352202159,10:12:26.352,86.4200,200
36746352236535,10:12:26.352,86.4200,100
36752257301854,10:12:32.257,86.3900,100
36754304555231,10:12:34.304,86.3800,100
36754304555231,10:12:34.304,86.3700,100
36759215951764,10:12:39.215,86.3900,8
36759217113499,10:12:39.217,86.3900,70
36759217514350,10:12:39.217,86.3900,22
36759383677871,10:12:39.383,86.3900,91
36815843063934,10:13:35.843,86.4400,8
36819004506522,10:13:39.004,86.4400,100
36860418013572,10:14:20.418,86.4200,100
36860456224366,10:14:20.456,86.4100,3
36860456224366,10:14:20.456,86.4100,100
36860457649896,10:14:20.457,86.4000,100
36860457676482,10:14:20.457,86.4000,100
36860605403713,10:14:20.605,86.3900,9
36893341237724,10:14:53.341,86.4000,100
36896151382435,10:14:56.151,86.4000,2
36896151418756,10:14:56.151,86.4100,38
36916129769288,10:15:16.129,86.4100,2
36922601665363,10:15:22.601,86.4200,13
36922601665363,10:15:22.601,86.4200,100
36922601665363,10:15:22.601,86.4200,100
36922601999023,10:15:22.601,86.4200,100
36930888487073,10:15:30.888,86.4300,100
36975320852953,10:16:15.320,86.4100,4
36975320855954,10:16:15.320,86.4100,4
36975320859013,10:16:15.320,86.4100,4
36975320899743,10:16:15.320,86.4100,4
36975320980367,10:16:15.320,86.4100,4
36982630626022,10:16:22.630,86.4000,84
37003421929981,10:16:43.421,86.3900,100
37003421929981,10:16:43.421,86.3900,100
37003460467932,10:16:43.460,86.3900,21
37004364677348,10:16:44.364,86.3700,100
37004364737770,10:16:44.364,86.3700,100
37087341619311,10:18:07.341,86.3600,3
37087380067940,10:18:07.380,86.3500,63
37087380118647,10:18:07.380,86.3500,37
37087380118647,10:18:07.380,86.3500,100
37090085311937,10:18:10.085,86.3200,100
37091684754625,10:18:11.684,86.3100,100
37096060424804,10:18:16.060,86.3100,200
37096062595538,10:18:16.062,86.3100,100
37130323182026,10:18:50.323,86.2600,100
37173681219538,10:19:33.681,86.3100,100
37173681219538,10:19:33.681,86.3100,40
37173681249312,10:19:33.681,86.3100,60
37206491467706,10:20:06.491,86.3000,4
37206538061587,10:20:06.538,86.3000,100
37206538090349,10:20:06.538,86.3000,100
37207793910416,10:20:07.793,86.2900,100
37210575975867,10:20:10.575,86.3100,5
37221574723769,10:20:21.574,86.3100,1
37234139747834,10:20:34.139,86.2900,100
37239410712987,10:20:39.410,86.2700,37
37239410748035,10:20:39.410,86.2700,63
37239845057024,10:20:39.845,86.2700,32
37241574179466,10:20:41.574,86.2700,6
37254577900193,10:20:54.577,86.2800,2
37268545783353,10:21:08.545,86.2600,55
37268546670652,10:21:08.546,86.2600,45
37268546670652,10:21:08.546,86.2600,55
37268546699719,10:21:08.546,86.2600,45
37269431209318,10:21:09.431,86.2600,100
37273306251769,10:21:13.306,86.2500,5
37273311101726,10:21:13.311,86.2500,95
37283806941471,10:21:23.806,86.2600,79
37283806954875,10:21:23.806,86.2600,21
37292555021735,10:21:32.555,86.2700,100
37292555063798,10:21:32.555,86.2700,3
37297238539895,10:21:37.238,86.2700,100
37297241723984,10:21:37.241,86.2600,100
37307947886814,10:21:47.947,86.2300,100
37339288628430,10:22:19.288,86.2300,100
37361396204346,10:22:41.396,86.2400,100
37362935891447,10:22:42.935,86.2400,100
37371844246234,10:22:51.844,86.2500,1
37378238849693,10:22:58.238,86.2400,100
37378238882147,10:22:58.238,86.2400,4
37395289580782,10:23:15.289,86.2200,4
37398551579908,10:23:18.551,86.2100,100
37398551605048,10:23:18.551,86.2100,100
37398551605048,10:23:18.551,86.2100,100
37398552699511,10:23:18.552,86.2200,100
37398552761322,10:23:18.552,86.2200,100
37404982788721,10:23:24.982,86.2300,3
37406982661797,10:23:26.982,86.2300,2
37408982751770,10:23:28.982,86.2300,2
37410984493518,10:23:30.984,86.2300,8
37412983895199,10:23:32.983,86.2300,6
37414982574340,10:23:34.982,86.2300,5
37415208962768,10:23:35.208,86.2300,74
37415208962768,10:23:35.208,86.2300,26
37415209103141,10:23:35.209,86.2300,23
37415209127141,10:23:35.209,86.2300,51
37415209127141,10:23:35.209,86.2300,67
37445424737894,10:24:05.424,86.2100,3
37463843929225,10:24:23.843,86.2000,1
37494620004769,10:24:54.620,86.2000,76
37494620033136,10:24:54.620,86.2000,41
37494620033136,10:24:54.620,86.2000,100
37497325635308,10:24:57.325,86.2000,100
37516419080986,10:25:16.419,86.2200,40
37517690271718,10:25:17.690,86.2200,60
37517690271718,10:25:17.690,86.2200,1
37517693507519,10:25:17.693,86.2100,100
37519731363065,10:25:19.731,86.2100,19
37520570273957,10:25:20.570,86.2100,81
37520570273957,10:25:20.570,86.2100,19
37520570333997,10:25:20.570,86.2100,81
37536283389263,10:25:36.283,86.2100,100
37536284527740,10:25:36.284,86.2000,23
37536284725114,10:25:36.284,86.2100,100
37536284725114,10:25:36.284,86.2100,100
37536284759203,10:25:36.284,86.2100,100
37536825249843,10:25:36.825,86.2200,100
37561746406435,10:26:01.746,86.2800,100
37561746406435,10:26:01.746,86.2800,100
37561746406435,10:26:01.746,86.2800,100
37561746406435,10:26:01.746,86.2800,100
37590652599638,10:26:30.652,86.2700,100
37598552976241,10:26:38.552,86.3000,28
37605658028044,10:26:45.658,86.3000,100
37605658078669,10:26:45.658,86.3000,100
37611689472531,10:26:51.689,86.2900,100
37651165395385,10:27:31.165,86.2800,3
37654263903009,10:27:34.263,86.2800,3
37655841696213,10:27:35.841,86.2800,3
37657319620897,10:27:37.319,86.2800,2
37658318444743,10:27:38.318,86.2800,2
37659810261482,10:27:39.810,86.2800,87
37660040860893,10:27:40.040,86.3100,70
37660040902742,10:27:40.040,86.3100,30
37680733628004,10:28:00.733,86.3100,10
37726221397301,10:28:46.221,86.3100,3
37741964461426,10:29:01.964,86.3100,100
37741964912227,10:29:01.964,86.3200,100
37755727117259,10:29:15.727,86.3200,100
37755727117259,10:29:15.727,86.3200,100
37809785564024,10:30:09.785,86.3300,15
37812861559088,10:30:12.861,86.3200,100
37812861559088,10:30:12.861,86.3200,51
37812861559088,10:30:12.861,86.3200,100
37812862065537,10:30:12.862,86.3100,3
37812867792703,10:30:12.867,86.3100,100
37851547382921,10:30:51.547,86.3300,100
37868384077497,10:31:08.384,86.3450,100
37868385235451,10:31:08.385,86.3600,7
37868405806531,10:31:08.405,86.3600,3
37877812983591,10:31:17.812,86.3650,100
37918402448641,10:31:58.402,86.3550,100
37918402611567,10:31:58.402,86.3600,100
37932212538650,10:32:12.212,86.3800,45
37932212538650,10:32:12.212,86.3800,55
37948568766655,10:32:28.568,86.3900,100
37957570782648,10:32:37.570,86.3900,1
37984811782376,10:33:04.811,86.3900,3
37984812193471,10:33:04.812,86.3900,3
37984826002142,10:33:04.826,86.3900,97
37985369960328,10:33:05.369,86.3900,100
37985370389622,10:33:05.370,86.3900,100
37985370416589,10:33:05.370,86.3900,100
37985370416589,10:33:05.370,86.3900,100
37985370442778,10:33:05.370,86.3900,100
37985370609385,10:33:05.370,86.3900,99
37985370656626,10:33:05.370,86.3900,1
37986224939124,10:33:06.224,86.3800,100
37998037849951,10:33:18.037,86.3800,48
38008591557658,10:33:28.591,86.3800,100
38039094008063,10:33:59.094,86.3850,100
38047807581957,10:34:07.807,86.4000,100
38050015942112,10:34:10.015,86.3900,39
38051131604081,10:34:11.131,86.3750,100
38051230793141,10:34:11.230,86.3800,100
38051235863464,10:34:11.235,86.3800,3
38052142380444,10:34:12.142,86.3600,100
38052142380444,10:34:12.142,86.3600,100
38052235876907,10:34:12.235,86.3500,100
38072674543625,10:34:32.674,86.3300,100
38076397306480,10:34:36.397,86.3100,200
38076397413890,10:34:36.397,86.3100,100
38076397520319,10:34:36.397,86.3100,130
38076402426342,10:34:36.402,86.3100,70
38081428148581,10:34:41.428,86.3300,100
38081428445698,10:34:41.428,86.3200,100
38096846660558,10:34:56.846,86.3100,100
38096846710391,10:34:56.846,86.3200,79
38096846744174,10:34:56.846,86.3200,21
38096846744174,10:34:56.846,86.3200,100
38096846744174,10:34:56.846,86.3200,100
38097212346429,10:34:57.212,86.3200,100
38111434366533,10:35:11.434,86.3100,16
38111434366533,10:35:11.434,86.3100,84
38120727148966,10:35:20.727,86.2900,100
38121130395777,10:35:21.130,86.2700,100
38135149040749,10:35:35.149,86.2700,100
38152790026846,10:35:52.790,86.2600,50
38152790042969,10:35:52.790,86.2600,50
38162502846092,10:36:02.502,86.2600,100
38182494594257,10:36:22.494,86.2600,46
38182494623520,10:36:22.494,86.2600,12
38182498966382,10:36:22.498,86.2500,100
38182500178730,10:36:22.500,86.2500,200
38203623784648,10:36:43.623,86.2350,100
38203623784648,10:36:43.623,86.2400,200
38203653269605,10:36:43.653,86.2300,100
38221789144127,10:37:01.789,86.2350,100
38249451944115,10:37:29.451,86.1800,100
38249451944115,10:37:29.451,86.1800,100
38250058182350,10:37:30.058,86.1800,100
38256028602664,10:37:36.028,86.1700,25
38256028613660,10:37:36.028,86.1700,75
38266615644571,10:37:46.615,86.1600,200
38267149602238,10:37:47.149,86.1600,100
38273916604619,10:37:53.916,86.1400,100
38277923415436,10:37:57.923,86.1250,100
38284063039068,10:38:04.063,86.1500,81
38284063050549,10:38:04.063,86.1500,19
38288587664521,10:38:08.587,86.1700,100
38288966269115,10:38:08.966,86.1700,100
38306623338680,10:38:26.623,86.1800,100
38333191586855,10:38:53.191,86.1900,78
38333191617516,10:38:53.191,86.1900,22
38333191617516,10:38:53.191,86.1900,66
38335340041864,10:38:55.340,86.1900,100
38360167790162,10:39:20.167,86.2000,50
38360167793931,10:39:20.167,86.2000,50
38367976454328,10:39:27.976,86.1800,100
38367976454328,10:39:27.976,86.1900,54
38367976476480,10:39:27.976,86.1900,46
38367976485484,10:39:27.976,86.1900,100
38369275011776,10:39:29.275,86.2000,100
38413638745407,10:40:13.638,86.2100,10
38449759197060,10:40:49.759,86.2000,53
38449759197060,10:40:49.759,86.2000,100
38459761450426,10:40:59.761,86.2050,100
38463456112173,10:41:03.456,86.2000,100
38466340967526,10:41:06.340,86.1900,100
38466340967526,10:41:06.340,86.1900,100
38466340967526,10:41:06.340,86.1900,100
38472471488496,10:41:12.471,86.1900,50
38472471502769,10:41:12.471,86.1900,50
38475333189525,10:41:15.333,86.1700,100
38483386687413,10:41:23.386,86.1750,100
38485796013759,10:41:25.796,86.1800,100
38485796013759,10:41:25.796,86.1800,127
38494923501324,10:41:34.923,86.1900,30
38494923518431,10:41:34.923,86.1900,25
38505761495648,10:41:45.761,86.1700,100
38505976921491,10:41:45.976,86.1600,100
38507150280698,10:41:47.150,86.1700,200
38511177497072,10:41:51.177,86.1700,100
38514028003658,10:41:54.028,86.1750,100
38514807336128,10:41:54.807,86.1800,100
38514807336128,10:41:54.807,86.1800,100
38526954633926,10:42:06.954,86.1800,100
38529159398690,10:42:09.159,86.1800,100
38547409848148,10:42:27.409,86.1950,100
38550977985332,10:42:30.977,86.2000,85
38550977995864,10:42:30.977,86.2000,15
38550978012560,10:42:30.978,86.2000,15
38550978017246,10:42:30.978,86.2000,15
38550978089480,10:42:30.978,86.2000,15
38550978442120,10:42:30.978,86.2000,18
38550978782445,10:42:30.978,86.2000,37
38560148412652,10:42:40.148,86.1900,100
38560148412652,10:42:40.148,86.1900,40
38573209303445,10:42:53.209,86.2100,100
38574629716744,10:42:54.629,86.2100,12
38577138958958,10:42:57.138,86.2100,10
38604078095701,10:43:24.078,86.2100,38
38614935395785,10:43:34.935,86.2100,100
38614935747927,10:43:34.935,86.2100,100
38625283861554,10:43:45.283,86.2100,100
38640613111137,10:44:00.613,86.2000,100
38642770575535,10:44:02.770,86.2000,100
38648372339616,10:44:08.372,86.2000,100
38648372339616,10:44:08.372,86.2000,4
38648372339616,10:44:08.372,86.2000,80
38657478018898,10:44:17.478,86.2200,100
38671144077792,10:44:31.144,86.2300,100
38678130002055,10:44:38.130,86.2400,100
38696749406068,10:44:56.749,86.2400,100
38698020079591,10:44:58.020,86.2550,100
38725022314552,10:45:25.022,86.2400,27
38725022314552,10:45:25.022,86.2400,16
38726231301367,10:45:26.231,86.2450,100
38758136682139,10:45:58.136,86.2500,100
38758142289514,10:45:58.142,86.2450,100
38771122805391,10:46:11.122,86.2500,100
38783226716498,10:46:23.226,86.2500,100
38793868851859,10:46:33.868,86.2600,54
38793868890699,10:46:33.868,86.2600,46
38793870545664,10:46:33.870,86.2600,100
38803955071705,10:46:43.955,86.2500,4
38803955415338,10:46:43.955,86.2500,100
38803955843062,10:46:43.955,86.2400,100
38805907518157,10:46:45.907,86.2400,100
38824213261380,10:47:04.213,86.2300,50
38824213337204,10:47:04.213,86.2300,50
38824213337204,10:47:04.213,86.2300,61
38824213345454,10:47:04.213,86.2300,48
38824226227321,10:47:04.226,86.2200,100
38824226227321,10:47:04.226,86.2200,100
38824226227321,10:47:04.226,86.2200,5
38830313724509,10:47:10.313,86.2100,100
38830313724509,10:47:10.313,86.2200,100
38840060988650,10:47:20.060,86.2200,100
38892286986921,10:48:12.286,86.2100,46
38892286986921,10:48:12.286,86.2100,16
38892286986921,10:48:12.286,86.2100,4
38892286986921,10:48:12.286,86.2100,89
38892287184322,10:48:12.287,86.2100,200
38892287184322,10:48:12.287,86.2100,100
38892287254422,10:48:12.287,86.2100,100
38892544216967,10:48:12.544,86.2100,9
38895450929408,10:48:15.450,86.2200,100
38913336078043,10:48:33.336,86.2450,100
38923443459795,10:48:43.443,86.2500,30
38951325052777,10:49:11.325,86.2300,100
38951450118470,10:49:11.450,86.2350,100
38951450147916,10:49:11.450,86.2400,100
38952265673265,10:49:12.265,86.2500,100
38952380610678,10:49:12.380,86.2600,100
38953712173102,10:49:13.712,86.2700,100
38967834433341,10:49:27.834,86.2800,200
38967834433341,10:49:27.834,86.2800,100
38967834433341,10:49:27.834,86.2800,100
38967834433341,10:49:27.834,86.2800,100
38970101726602,10:49:30.101,86.2700,100
38970101726602,10:49:30.101,86.2700,100
38970101726602,10:49:30.101,86.2700,100
38970361700488,10:49:30.361,86.2700,100
38988999736162,10:49:48.999,86.2800,100
38989000061630,10:49:49.000,86.2800,100
38989001825483,10:49:49.001,86.2800,100
39035391970142,10:50:35.391,86.3200,60
39035391995949,10:50:35.391,86.3200,40
39036381449160,10:50:36.381,86.3000,100
39036381449160,10:50:36.381,86.3000,15
39036381449160,10:50:36.381,86.3000,83
39036381463028,10:50:36.381,86.3000,17
39051913957945,10:50:51.913,86.2900,100
39051914536869,10:50:51.914,86.3000,100
39068023079249,10:51:08.023,86.3000,100
39070401823106,10:51:10.401,86.3000,100
39074846018867,10:51:14.846,86.3100,200
39083595107364,10:51:23.595,86.3000,100
39088966179660,10:51:28.966,86.2800,100
39088966179660,10:51:28.966,86.2800,59
39090293711579,10:51:30.293,86.2700,100
39091640238833,10:51:31.640,86.2800,88
39091640238833,10:51:31.640,86.2800,12
39146939047458,10:52:26.939,86.3100,138
39146941191528,10:52:26.941,86.3000,100
39146945753151,10:52:26.945,86.3000,100
39146945777407,10:52:26.945,86.3000,100
39147811224199,10:52:27.811,86.3000,100
39167627840130,10:52:47.627,86.3000,4
39167627840130,10:52:47.627,86.3000,31
39180650372787,10:53:00.650,86.2900,100
39186981048140,10:53:06.981,86.2800,100
39193640663783,10:53:13.640,86.2800,100
39194129348934,10:53:14.129,86.3000,100
39194129348934,10:53:14.129,86.3000,100
39204394772838,10:53:24.394,86.3100,100
39286932361519,10:54:46.932,86.3300,100
39308381080375,10:55:08.381,86.3500,100
39311483679973,10:55:11.483,86.3600,15
39311483679973,10:55:11.483,86.3600,100
39317419902309,10:55:17.419,86.3700,12
39330385732046,10:55:30.385,86.4000,100
39360301582145,10:56:00.301,86.4100,100
39360302219532,10:56:00.302,86.4200,100
39360302219532,10:56:00.302,86.4200,100
39360303399717,10:56:00.303,86.4200,100
39367908660469,10:56:07.908,86.4000,100
39367908660469,10:56:07.908,86.4000,4
39368469126478,10:56:08.469,86.4000,100
39368469126478,10:56:08.469,86.4000,100
39368469126478,10:56:08.469,86.4000,100
39369906471127,10:56:09.906,86.3900,100
39369960083784,10:56:09.960,86.4000,20
39369960083784,10:56:09.960,86.4000,80
39369960109216,10:56:09.960,86.4000,20
39369960109216,10:56:09.960,86.4000,100
39369960109216,10:56:09.960,86.4000,100
39370788034544,10:56:10.788,86.4100,100
39370788034544,10:56:10.788,86.4100,61
39370788059757,10:56:10.788,86.4100,13
39370791232168,10:56:10.791,86.4100,100
39424790996200,10:57:04.790,86.4200,142
39430267265446,10:57:10.267,86.4200,10
39467247096007,10:57:47.247,86.4100,100
39497375775564,10:58:17.375,86.4300,200
39498359603053,10:58:18.359,86.4400,100
39501705409791,10:58:21.705,86.4400,4
39501711077306,10:58:21.711,86.4300,100
39520100571451,10:58:40.100,86.4400,54
39543666797896,10:59:03.666,86.4400,100
39543666797896,10:59:03.666,86.4400,100
39567322875793,10:59:27.322,86.4300,54
39569259493951,10:59:29.259,86.4300,58
39569259493951,10:59:29.259,86.4400,42
39569259523492,10:59:29.259,86.4400,58
39585101004997,10:59:45.101,86.4600,50
39585101023085,10:59:45.101,86.4600,10
39593290884099,10:59:53.290,86.4600,100
39593290884099,10:59:53.290,86.4600,100
39593290884099,10:59:53.290,86.4600,100
39593290884099,10:59:53.290,86.4600,100
39600044371528,11:00:00.044,86.4600,100
39600443163120,11:00:00.443,86.4600,100
39600443163120,11:00:00.443,86.4600,9
39600443177293,11:00:00.443,86.4600,91
39603927402064,11:00:03.927,86.4800,3
39624784621913,11:00:24.784,86.4800,11
39624796448891,11:00:24.796,86.4700,150
39624796476469,11:00:24.796,86.4700,50
39624796476469,11:00:24.796,86.4700,100
39624796476469,11:00:24.796,86.4700,100
39625610784257,11:00:25.610,86.4700,36
39625612559585,11:00:25.612,86.4700,5
39633091530421,11:00:33.091,86.4600,24
39633091550679,11:00:33.091,86.4600,76
39633091550679,11:00:33.091,86.4600,15
39636139338371,11:00:36.139,86.4700,95
39636139338371,11:00:36.139,86.4700,5
39636139573918,11:00:36.139,86.4700,95
39659972817672,11:00:59.972,86.4800,100
39659972817672,11:00:59.972,86.4800,41
39659972849499,11:00:59.972,86.4800,50
39659972893841,11:00:59.972,86.4800,49
39663066316052,11:01:03.066,86.5300,100
39663461733755,11:01:03.461,86.5700,61
39663463182583,11:01:03.463,86.5700,39
39663463182583,11:01:03.463,86.5700,100
39663495757131,11:01:03.495,86.5900,58
39663495820749,11:01:03.495,86.5900,42
39665083397783,11:01:05.083,86.6000,100
39665089444348,11:01:05.089,86.6000,10
39666141538274,11:01:06.141,86.6100,14
39666340695352,11:01:06.340,86.6100,100
39666340695352,11:01:06.340,86.6100,100
39666657663792,11:01:06.657,86.5900,39
39666848003654,11:01:06.848,86.5900,61
39666849290794,11:01:06.849,86.5800,100
39666879151416,11:01:06.879,86.5700,40
39666884338907,11:01:06.884,86.5700,60
39667059292986,11:01:07.059,86.5700,100
39667170052821,11:01:07.170,86.5700,100
39668222177183,11:01:08.222,86.5700,200
39671054274709,11:01:11.054,86.5700,100
39671055001937,11:01:11.055,86.5600,100
39676608226625,11:01:16.608,86.5600,100
39684148177499,11:01:24.148,86.5700,30
39684148205565,11:01:24.148,86.5700,50
39686618848480,11:01:26.618,86.5600,100
39698142870371,11:01:38.142,86.5700,20
39704662911259,11:01:44.662,86.5600,100
39720237325666,11:02:00.237,86.5800,51
39720237354339,11:02:00.237,86.5800,49
39720238377183,11:02:00.238,86.5900,200
39720238377183,11:02:00.238,86.5900,100
39720238377183,11:02:00.238,86.5900,100
39754474824008,11:02:34.474,86.5900,3
39754474824008,11:02:34.474,86.5900,100
39754474824008,11:02:34.474,86.5900,100
39755342980399,11:02:35.342,86.5800,100
39760252053145,11:02:40.252,86.5800,200
39760252053145,11:02:40.252,86.5800,100
39760257175742,11:02:40.257,86.5800,100
39761341766629,11:02:41.341,86.5700,14
39763617716363,11:02:43.617,86.5700,100
39763618650965,11:02:43.618,86.5700,200
39769971232620,11:02:49.971,86.5800,100
39792274391766,11:03:12.274,86.5700,100
39792274416694,11:03:12.274,86.5700,100
39804684423486,11:03:24.684,86.5800,22
39842462371690,11:04:02.462,86.5900,100
39845433022518,11:04:05.433,86.6100,100
39848826669052,11:04:08.826,86.6000,15
39859128247085,11:04:19.128,86.5950,103
39884588833535,11:04:44.588,86.6100,10
39912544794460,11:05:12.544,86.6400,100
39912544820055,11:05:12.544,86.6400,72
39913772505413,11:05:13.772,86.6300,11
39926593760805,11:05:26.593,86.6300,100
39935140842792,11:05:35.140,86.6500,100
39948311843464,11:05:48.311,86.6800,200
39958975344197,11:05:58.975,86.6700,50
39958975427719,11:05:58.975,86.6700,50
39958975427719,11:05:58.975,86.6700,13
39959087223528,11:05:59.087,86.6700,100
39959087223528,11:05:59.087,86.6700,100
39959087223528,11:05:59.087,86.6700,100
39960521438942,11:06:00.521,86.6700,21
39974517414447,11:06:14.517,86.6800,100
39974517414447,11:06:14.517,86.6800,9
39976870557615,11:06:16.870,86.6800,100
39977165156039,11:06:17.165,86.6800,2
39990083882025,11:06:30.083,86.7000,100
39990083882025,11:06:30.083,86.7000,100
39990083882025,11:06:30.083,86.7100,21
39990083882025,11:06:30.083,86.7100,100
39990083882025,11:06:30.083,86.7100,30
39990084745422,11:06:30.084,86.7100,13
39990085597482,11:06:30.085,86.7100,87
39990087548919,11:06:30.087,86.7200,100
39997846579274,11:06:37.846,86.7300,100
40027293029491,11:07:07.293,86.7200,100
40033381036761,11:07:13.381,86.7300,87
40033381045846,11:07:13.381,86.7300,5
40033381054956,11:07:13.381,86.7300,50
40033381060665,11:07:13.381,86.7300,58
40036129635784,11:07:16.129,86.7350,100
40036135968816,11:07:16.135,86.7300,100
40036141432692,11:07:16.141,86.7300,100
40036141432692,11:07:16.141,86.7300,100
40080966119007,11:08:00.966,86.7300,20
40082255956183,11:08:02.255,86.7300,100
40084303344066,11:08:04.303,86.7300,10
40084778275209,11:08:04.778,86.7400,100
40089868065449,11:08:09.868,86.7400,100
40089868065449,11:08:09.868,86.7400,100
40089868065449,11:08:09.868,86.7400,22
40089868065449,11:08:09.868,86.7400,100
40112464904718,11:08:32.464,86.7500,100
40112466563984,11:08:32.466,86.7500,100
40135612370421,11:08:55.612,86.7700,100
40138946556368,11:08:58.946,86.7500,200
40138946556368,11:08:58.946,86.7500,16
40144074769503,11:09:04.074,86.7600,98
40144074769503,11:09:04.074,86.7700,102
40144074953523,11:09:04.074,86.7700,98
40144174717681,11:09:04.174,86.7700,100
40203674082139,11:10:03.674,86.7700,100
40203674082139,11:10:03.674,86.7700,100
40203674082139,11:10:03.674,86.7700,1
40203674625100,11:10:03.674,86.7700,32
40203684169107,11:10:03.684,86.7700,68
40203684169107,11:10:03.684,86.7700,32
40206795330242,11:10:06.795,86.7700,68
40207977440333,11:10:07.977,86.7700,200
40207977440333,11:10:07.977,86.7700,100
40210333172980,11:10:10.333,86.7700,100
40211077673566,11:10:11.077,86.7800,100
40238333689426,11:10:38.333,86.7800,20
40238334415938,11:10:38.334,86.7700,100
40252107615768,11:10:52.107,86.7900,200
40261338846001,11:11:01.338,86.7900,42
40283483362737,11:11:23.483,86.8000,22
40283483362737,11:11:23.483,86.8000,100
40310150199971,11:11:50.150,86.8200,24
40318353102309,11:11:58.353,86.8200,76
40344244907104,11:12:24.244,86.8600,22
40344244907104,11:12:24.244,86.8600,100
40344244907104,11:12:24.244,86.8600,2
40360074756205,11:12:40.074,86.8800,50
40373750463673,11:12:53.750,86.8700,13
40373912442126,11:12:53.912,86.8900,100
40373912442126,11:12:53.912,86.8900,100
40373912781603,11:12:53.912,86.8900,100
40373913908954,11:12:53.913,86.8900,200
40373914251741,11:12:53.914,86.8850,100
40373914251741,11:12:53.914,86.8800,90
40373914277282,11:12:53.914,86.8800,10
40373914277282,11:12:53.914,86.8800,100
40375990348978,11:12:55.990,86.8800,29
40404461818719,11:13:24.461,86.8900,100
40404461818719,11:13:24.461,86.8900,100
40422492835034,11:13:42.492,86.8900,100
40423465870245,11:13:43.465,86.9000,100
40431220256850,11:13:51.220,86.9100,100
40431220256850,11:13:51.220,86.9100,100
40434181961610,11:13:54.181,86.9200,100
40445878174760,11:14:05.878,86.9100,100
40445894549386,11:14:05.894,86.9100,100
40446874842115,11:14:06.874,86.9000,16
40448294458647,11:14:08.294,86.9100,100
40474566554151,11:14:34.566,86.9200,1
40474614890400,11:14:34.614,86.9200,10
40482624727585,11:14:42.624,86.9300,80
40497208209086,11:14:57.208,86.9300,20
40503822732600,11:15:03.822,86.9300,100
40504143849093,11:15:04.143,86.9350,100
40504143849093,11:15:04.143,86.9400,100
40504143995020,11:15:04.143,86.9400,21
40504143995020,11:15:04.143,86.9400,100
40515982005026,11:15:15.982,86.9500,100
40531185707150,11:15:31.185,86.9300,14
40531185707150,11:15:31.185,86.9300,12
40531299663011,11:15:31.299,86.9300,100
40531299663011,11:15:31.299,86.9300,100
40531299663011,11:15:31.299,86.9300,21
40531299663011,11:15:31.299,86.9300,100
40531442520280,11:15:31.442,86.9300,100
40531442831459,11:15:31.442,86.9300,100
40531443836810,11:15:31.443,86.9300,100
40532035402445,11:15:32.035,86.9200,30
40532035428057,11:15:32.035,86.9200,70
40532144320035,11:15:32.144,86.9100,17
40532144320035,11:15:32.144,86.9100,100
40532144320035,11:15:32.144,86.9100,5
40532144320035,11:15:32.144,86.9100,17
40533156962689,11:15:33.156,86.9100,19
40533399783493,11:15:33.399,86.9200,100
40533399783493,11:15:33.399,86.9200,100
40533400684819,11:15:33.400,86.9200,200
40533400684819,11:15:33.400,86.9200,200
40533401167660,11:15:33.401,86.9200,15
40533401167660,11:15:33.401,86.9200,15
40536499965471,11:15:36.499,86.9300,50
40551209813367,11:15:51.209,86.9200,100
40552804774945,11:15:52.804,86.9200,80
40552804875566,11:15:52.804,86.9200,20
40552806018555,11:15:52.806,86.9250,100
40562274459968,11:16:02.274,86.9400,100
40562282710647,11:16:02.282,86.9400,52
40562282780362,11:16:02.282,86.9400,48
40582686025117,11:16:22.686,86.9300,6
40582686535350,11:16:22.686,86.9300,94
40583906732911,11:16:23.906,86.9300,22
40583921962834,11:16:23.921,86.9400,100
40583921962834,11:16:23.921,86.9400,1
40586262761385,11:16:26.262,86.9600,78
40586262761385,11:16:26.262,86.9600,100
40586262761385,11:16:26.262,86.9600,22
40594106535563,11:16:34.106,86.9500,200
40594106535563,11:16:34.106,86.9500,100
40594107286055,11:16:34.107,86.9500,16
40594107312919,11:16:34.107,86.9500,100
40594107312919,11:16:34.107,86.9500,100
40600268740516,11:16:40.268,86.9400,61
40613295358611,11:16:53.295,86.9500,100
40613307805074,11:16:53.307,86.9500,100
40613942085834,11:16:53.942,86.9500,100
40615507805983,11:16:55.507,86.9500,100
40615666579708,11:16:55.666,86.9400,100
40616842780786,11:16:56.842,86.9300,6
40616842780786,11:16:56.842,86.9300,19
40616844618033,11:16:56.844,86.9300,100
40617707939704,11:16:57.707,86.9400,100
40617707939704,11:16:57.707,86.9400,100
40617707939704,11:16:57.707,86.9400,100
40617710503031,11:16:57.710,86.9600,100
40619066109478,11:16:59.066,86.9500,10
40619066680924,11:16:59.066,86.9500,100
40619066703217,11:16:59.066,86.9500,100
40619067726409,11:16:59.067,86.9500,100
40619405560578,11:16:59.405,86.9450,100
40619405560578,11:16:59.405,86.9500,100
40621173448624,11:17:01.173,86.9450,200
40621173448624,11:17:01.173,86.9400,100
40621173493427,11:17:01.173,86.9400,100
40621173493427,11:17:01.173,86.9400,100
40623532668474,11:17:03.532,86.9300,93
40634894561922,11:17:14.894,86.9500,200
40643443612752,11:17:23.443,86.9400,100
40680514167688,11:18:00.514,86.9300,50
40680514179418,11:18:00.514,86.9300,50
40683714711587,11:18:03.714,86.9400,1
40686240971560,11:18:06.240,86.9500,100
40707857932068,11:18:27.857,86.9500,100
40726945041769,11:18:46.945,86.9500,100
40726945359999,11:18:46.945,86.9500,100
40728371014167,11:18:48.371,86.9500,100
40745945146283,11:19:05.945,86.9800,200
40747593993324,11:19:07.593,86.9900,100
40766383756920,11:19:26.383,86.9800,39
40766383788395,11:19:26.383,86.9800,61
40766385544055,11:19:26.385,86.9850,210
40773159769781,11:19:33.159,86.9800,10
40776912250525,11:19:36.912,86.9750,100
40776912358086,11:19:36.912,86.9700,17
40776912358086,11:19:36.912,86.9700,100
40798190859920,11:19:58.190,86.9800,100
40800225211946,11:20:00.225,86.9900,100
40820321405325,11:20:20.321,87.0000,100
40841281574196,11:20:41.281,86.9850,144
40841281575921,11:20:41.281,86.9800,24
40841281581127,11:20:41.281,86.9850,100
40841281605605,11:20:41.281,86.9850,56
40841281605605,11:20:41.281,86.9800,64
40841281715434,11:20:41.281,86.9800,38
40841281715434,11:20:41.281,86.9800,18
40851249227353,11:20:51.249,86.9900,100
40851249227353,11:20:51.249,86.9900,194
40851249227353,11:20:51.249,86.9900,6
40851758809304,11:20:51.758,86.9900,94
40851758809304,11:20:51.758,86.9900,6
40854560617672,11:20:54.560,86.9900,100
40854982642881,11:20:54.982,86.9900,22
40857057759789,11:20:57.057,86.9900,11
40862690689484,11:21:02.690,87.0000,100
40867696690694,11:21:07.696,87.0000,100
40867802350538,11:21:07.802,87.0000,21
40869362327689,11:21:09.362,87.0000,100
40876861493058,11:21:16.861,87.0100,7
40876861493058,11:21:16.861,87.0100,100
40880798145076,11:21:20.798,87.0100,79
40897066306503,11:21:37.066,86.9950,89
40897066460604,11:21:37.066,86.9950,4
40897066460604,11:21:37.066,86.9900,85
40901118206003,11:21:41.118,86.9700,24
40904503178759,11:21:44.503,86.9700,3
40926499193932,11:22:06.499,86.9800,100
40930109610168,11:22:10.109,86.9750,100
40930109610168,11:22:10.109,86.9700,100
40930109678553,11:22:10.109,86.9700,100
40930133118039,11:22:10.133,86.9700,200
40944167770532,11:22:24.167,86.9700,1
40958768068441,11:22:38.768,86.9900,100
40971440537089,11:22:51.440,87.0000,11
40976352328270,11:22:56.352,87.0200,100
40991778037675,11:23:11.778,87.0350,200
41028191927986,11:23:48.191,87.0500,200
41028191944848,11:23:48.191,87.0500,46
41028191957968,11:23:48.191,87.0500,54
41028191957968,11:23:48.191,87.0500,100
41043062251691,11:24:03.062,87.0500,200
41043062251691,11:24:03.062,87.0500,100
41043093457961,11:24:03.093,87.0500,100
41054260117506,11:24:14.260,87.0700,2
41054260117506,11:24:14.260,87.0700,98
41054260149589,11:24:14.260,87.0700,2
41058515624872,11:24:18.515,87.0800,100
41073134356110,11:24:33.134,87.0900,200
41094616674606,11:24:54.616,87.1000,69
41094616688063,11:24:54.616,87.1000,31
41094622897380,11:24:54.622,87.1000,134
41117127187591,11:25:17.127,87.1200,6
41117128074402,11:25:17.128,87.1100,300
41119432029661,11:25:19.432,87.1100,100
41119432029661,11:25:19.432,87.1100,100
41119433798638,11:25:19.433,87.1100,100
41138440219933,11:25:38.440,87.1200,100
41150142979470,11:25:50.142,87.1100,50
41150142982132,11:25:50.142,87.1150,100
41150142982132,11:25:50.142,87.1100,44
41150143022700,11:25:50.143,87.1100,106
41150143092512,11:25:50.143,87.1100,100
41150172782575,11:25:50.172,87.1100,23
41150172782575,11:25:50.172,87.1100,77
41155219847889,11:25:55.219,87.1100,100
41160034088847,11:26:00.034,87.1100,100
41169378673419,11:26:09.378,87.1300,4
41171139379284,11:26:11.139,87.1300,100
41176043902912,11:26:16.043,87.1400,100
41176043903451,11:26:16.043,87.1400,100
41178117167266,11:26:18.117,87.1500,100
41178117167266,11:26:18.117,87.1500,100
41178341955422,11:26:18.341,87.1500,51
41185104714520,11:26:25.104,87.1500,49
41185104714520,11:26:25.104,87.1500,100
41185104714520,11:26:25.104,87.1500,95
41185104714520,11:26:25.104,87.1500,100
41185104714520,11:26:25.104,87.1500,100
41185104714520,11:26:25.104,87.1500,24
41195139336459,11:26:35.139,87.1500,100
41199266181645,11:26:39.266,87.1500,200
41199266181645,11:26:39.266,87.1500,100
41199451526372,11:26:39.451,87.1500,100
41199451526372,11:26:39.451,87.1500,3
41199452558353,11:26:39.452,87.1500,200
41213778652786,11:26:53.778,87.1600,100
41217138984706,11:26:57.138,87.1700,100
41218603080531,11:26:58.603,87.1700,300
41218603080531,11:26:58.603,87.1700,100
41218603080531,11:26:58.603,87.1700,100
41220510264153,11:27:00.510,87.1800,100
41230139771208,11:27:10.139,87.2000,69
41230139875119,11:27:10.139,87.2000,31
41239064129865,11:27:19.064,87.2100,100
41239064129865,11:27:19.064,87.2100,200
41239064129865,11:27:19.064,87.2100,100
41239064129865,11:27:19.064,87.2100,100
41239064129865,11:27:19.064,87.2200,100
41239064129865,11:27:19.064,87.2200,24
41239064372022,11:27:19.064,87.2100,24
41239064372022,11:27:19.064,87.2100,100
41239064402069,11:27:19.064,87.2100,100
41239064402069,11:27:19.064,87.2100,24
41239065850999,11:27:19.065,87.2100,76
41239065850999,11:27:19.065,87.2200,100
41239254301335,11:27:19.254,87.2200,200
41239254301335,11:27:19.254,87.2200,100
41239254301335,11:27:19.254,87.2200,10
41239254301335,11:27:19.254,87.2200,10
41247293382200,11:27:27.293,87.2100,200
41247293537621,11:27:27.293,87.2100,28
41247293569789,11:27:27.293,87.2100,72
41248143629469,11:27:28.143,87.2100,24
41249904390798,11:27:29.904,87.2100,100
41266285788171,11:27:46.285,87.2100,200
41282185888850,11:28:02.185,87.2200,10
41282185910500,11:28:02.185,87.2200,50
41282185911826,11:28:02.185,87.2200,40
41282185911826,11:28:02.185,87.2200,50
41283854997653,11:28:03.854,87.2300,6
41287348426049,11:28:07.348,87.2400,4
41326301876523,11:28:46.301,87.2200,12
41329925346193,11:28:49.925,87.2100,100
41329925346193,11:28:49.925,87.2100,15
41329949993601,11:28:49.949,87.2100,26
41330668713316,11:28:50.668,87.2000,8
41330668967615,11:28:50.668,87.2000,92
41330668967615,11:28:50.668,87.2000,100
41330674930998,11:28:50.674,87.2000,100
41330674930998,11:28:50.674,87.2000,100
41344318127461,11:29:04.318,87.1800,100
41344318127461,11:29:04.318,87.1800,22
41370029878009,11:29:30.029,87.1700,100
41398809602272,11:29:58.809,87.1600,100
41398809602272,11:29:58.809,87.1600,100
41399547531690,11:29:59.547,87.1600,100
41416583300003,11:30:16.583,87.1500,28
41416583300003,11:30:16.583,87.1500,6
41416583300003,11:30:16.583,87.1500,43
41416583313313,11:30:16.583,87.1500,50
41416583315102,11:30:16.583,87.1500,107
41421580086298,11:30:21.580,87.1200,100
41426128716171,11:30:26.128,87.1100,34
41446633581487,11:30:46.633,87.0800,24
41462031822360,11:31:02.031,87.0700,100
41462031822360,11:31:02.031,87.0700,100
41462031822360,11:31:02.031,87.0700,100
41462031822360,11:31:02.031,87.0700,100
41485796249121,11:31:25.796,87.0400,26
41485796290016,11:31:25.796,87.0400,34
41485796335081,11:31:25.796,87.0400,40
41485796335081,11:31:25.796,87.0400,76
41485796383762,11:31:25.796,87.0400,124
41499143679633,11:31:39.143,87.0600,100
41499286397795,11:31:39.286,87.0600,1
41515251052846,11:31:55.251,87.0600,24
41515251118864,11:31:55.251,87.0600,75
41515251118864,11:31:55.251,87.0600,4
41539179546146,11:32:19.179,87.0600,100
41559311403599,11:32:39.311,87.0700,100
41559311403599,11:32:39.311,87.0700,5
41575893299109,11:32:55.893,87.0700,25
41578769701607,11:32:58.769,87.0600,100
41599296999958,11:33:19.296,87.0750,300
41610991007712,11:33:30.991,87.0700,100
41613887785148,11:33:33.887,87.0600,100
41647671161279,11:34:07.671,87.0400,100
41660641947244,11:34:20.641,87.0300,100
41685858599223,11:34:45.858,87.0400,17
41689369794598,11:34:49.369,87.0400,83
41689369794598,11:34:49.369,87.0400,17
41689369809110,11:34:49.369,87.0400,50
41689369822953,11:34:49.369,87.0400,26
41690364326948,11:34:50.364,87.0500,92
41690364373246,11:34:50.364,87.0500,8
41755189048463,11:35:55.189,87.0600,5
41755189048463,11:35:55.189,87.0600,100
41760963183513,11:36:00.963,87.0600,100
41794678655255,11:36:34.678,87.0100,100
41818058135536,11:36:58.058,87.0000,100
41834975078780,11:37:14.975,87.0100,2
41834975078780,11:37:14.975,87.0100,35
41834975112633,11:37:14.975,87.0100,65
41834975112633,11:37:14.975,87.0100,100
41844375224269,11:37:24.375,87.0100,200
41844636685159,11:37:24.636,87.0200,25
41882367102297,11:38:02.367,86.9800,21
41887487691340,11:38:07.487,86.9600,100
41887487691340,11:38:07.487,86.9600,100
41907999538922,11:38:27.999,86.9200,100
41907999538922,11:38:27.999,86.9200,100
41924266284080,11:38:44.266,86.9300,100
41924266911605,11:38:44.266,86.9300,4
41946703023984,11:39:06.703,86.9300,100
41946703023984,11:39:06.703,86.9300,100
41946703023984,11:39:06.703,86.9300,100
41946704894453,11:39:06.704,86.9300,100
41999939234564,11:39:59.939,86.9100,100
42003971282254,11:40:03.971,86.9200,116
42003971424694,11:40:03.971,86.9200,84
42003971424694,11:40:03.971,86.9200,100
42003971424694,11:40:03.971,86.9200,3
42014058240250,11:40:14.058,86.9300,10
42032288300984,11:40:32.288,86.9400,100
42033062722940,11:40:33.062,86.9400,102
42054288520918,11:40:54.288,86.9500,42
42065003517979,11:41:05.003,86.9600,200
42065003613461,11:41:05.003,86.9600,86
42071354842341,11:41:11.354,86.9700,100
42077287367555,11:41:17.287,86.9800,100
42084154094054,11:41:24.154,86.9700,100
42105986209592,11:41:45.986,86.9700,100
42106604353357,11:41:46.604,86.9700,31
42106604353357,11:41:46.604,86.9700,23
42130745680226,11:42:10.745,87.0000,2
42131248453975,11:42:11.248,87.0100,33
42131255886308,11:42:11.255,87.0100,100
42158056444496,11:42:38.056,87.0100,100
42163966078795,11:42:43.966,87.0200,100
42164750490695,11:42:44.750,87.0300,58
42172748147747,11:42:52.748,87.0200,100
42173097535901,11:42:53.097,87.0200,100
42177097934203,11:42:57.097,87.0300,100
42177099105319,11:42:57.099,87.0300,100
42177099105319,11:42:57.099,87.0300,43
42196129408761,11:43:16.129,87.0800,24
42204012755638,11:43:24.012,87.0800,100
42210177603931,11:43:30.177,87.0600,100
42215482276427,11:43:35.482,87.0800,100
42235610189036,11:43:55.610,87.0700,100
42250350793147,11:44:10.350,87.0700,3
42261306446385,11:44:21.306,87.0800,18
42301087036494,11:45:01.087,87.0800,59
42301087067345,11:45:01.087,87.0800,41
42302270343990,11:45:02.270,87.0800,55
42302270693955,11:45:02.270,87.0800,45
42307463977425,11:45:07.463,87.0800,100
42308237521433,11:45:08.237,87.0700,105
42308237521433,11:45:08.237,87.0700,21
42331754425051,11:45:31.754,87.1000,3
42345273492603,11:45:45.273,87.0500,100
42347318800306,11:45:47.318,87.0400,200
42347318800306,11:45:47.318,87.0400,100
42360205007603,11:46:00.205,87.0400,100
42378507666885,11:46:18.507,87.0600,2
42378507666885,11:46:18.507,87.0600,100
42378507666885,11:46:18.507,87.0600,3
42378507666885,11:46:18.507,87.0600,2
42378507666885,11:46:18.507,87.0600,1
42378507666885,11:46:18.507,87.0600,34
42378507752221,11:46:18.507,87.0600,58
42378507782725,11:46:18.507,87.0600,8
42378507782725,11:46:18.507,87.0600,1
42389550855481,11:46:29.550,87.0600,100
42396262366624,11:46:36.262,87.0400,2
42398740392375,11:46:38.740,87.0400,2
42419264382878,11:46:59.264,87.0500,43
42419299827545,11:46:59.299,87.0500,57
42419302373173,11:46:59.302,87.0500,10
42419304907623,11:46:59.304,87.0500,90
42428145201501,11:47:08.145,87.0200,100
42428145201501,11:47:08.145,87.0200,200
42430305594173,11:47:10.305,87.0200,100
42430306118670,11:47:10.306,87.0300,200
42430306118670,11:47:10.306,87.0300,100
42430306512747,11:47:10.306,87.0200,7
42435244408776,11:47:15.244,87.0400,100
42463707040660,11:47:43.707,87.0400,64
42470702578338,11:47:50.702,87.0700,37
42483676373645,11:48:03.676,87.0700,45
42487804316574,11:48:07.804,87.0800,2
42494030978669,11:48:14.030,87.0900,100
42495243406781,11:48:15.243,87.0900,100
42495331186016,11:48:15.331,87.0800,100
42506266450915,11:48:26.266,87.1000,100
42510015128172,11:48:30.015,87.0900,100
42515100634931,11:48:35.100,87.1000,100
42518099647808,11:48:38.099,87.1100,100
42534852417731,11:48:54.852,87.1500,1
42579149039318,11:49:39.149,87.1500,100
42579151093405,11:49:39.151,87.1400,9
42582813077474,11:49:42.813,87.1300,100
42599314912376,11:49:59.314,87.1400,83
42607695917760,11:50:07.695,87.1400,29
42607695917760,11:50:07.695,87.1400,100
42612950255397,11:50:12.950,87.1300,100
42612956706642,11:50:12.956,87.1250,100
42612957013356,11:50:12.957,87.1250,94
42612957013356,11:50:12.957,87.1200,6
42613005096765,11:50:13.005,87.1200,94
42613005096765,11:50:13.005,87.1200,6
42613442028231,11:50:13.442,87.1200,3
42628796516320,11:50:28.796,87.1300,100
42637100102263,11:50:37.100,87.1300,4
42665745997047,11:51:05.745,87.1400,100
42679371081553,11:51:19.371,87.1400,100
42691516647095,11:51:31.516,87.1300,5
42691517292709,11:51:31.517,87.1200,8
42691517363000,11:51:31.517,87.1200,5
42691517887958,11:51:31.517,87.1200,46
42691519206470,11:51:31.519,87.1200,41
42691522059088,11:51:31.522,87.1100,46
42693872566398,11:51:33.872,87.1100,16
42693872566398,11:51:33.872,87.1100,14
42693873105644,11:51:33.873,87.1000,100
42693873105644,11:51:33.873,87.1000,100
42693880301148,11:51:33.880,87.0700,8
42710826514850,11:51:50.826,87.0900,100
42710826514850,11:51:50.826,87.0900,10
42735033884450,11:52:15.033,87.0800,19
42735059325012,11:52:15.059,87.0700,100
42736303414257,11:52:16.303,87.0600,100
42751486271729,11:52:31.486,87.0500,100
42756267610808,11:52:36.267,87.0500,1
42758669660647,11:52:38.669,87.0500,31
42768136553839,11:52:48.136,87.0600,5
42768136553839,11:52:48.136,87.0600,95
42769024132191,11:52:49.024,87.0500,1
42779226891344,11:52:59.226,87.0500,100
42786102420864,11:53:06.102,87.0600,100
42812160821934,11:53:32.160,87.0800,100
42818797460082,11:53:38.797,87.0900,18
42818797490706,11:53:38.797,87.0900,82
42818822864732,11:53:38.822,87.1000,100
42818822864732,11:53:38.822,87.1000,200
42818822864732,11:53:38.822,87.1000,200
42830854713192,11:53:50.854,87.0900,6
42830854742017,11:53:50.854,87.0900,94
42849096222486,11:54:09.096,87.0800,100
42849096222486,11:54:09.096,87.0800,5
42858896410662,11:54:18.896,87.0900,100
42858896454895,11:54:18.896,87.0900,100
42861477617073,11:54:21.477,87.0900,100
42862650894495,11:54:22.650,87.0800,100
42883288786277,11:54:43.288,87.0800,100
42883288786277,11:54:43.288,87.0800,100
42903145292367,11:55:03.145,87.1200,58
42903146498439,11:55:03.146,87.1200,59
42903147028258,11:55:03.147,87.1200,83
42907592335839,11:55:07.592,87.1200,100
42911406337673,11:55:11.406,87.1200,3
42911417454331,11:55:11.417,87.1200,100
42935145558550,11:55:35.145,87.1000,100
42948687254447,11:55:48.687,87.0900,100
42977307114652,11:56:17.307,87.0800,46
42981215756737,11:56:21.215,87.0800,100
42994643249298,11:56:34.643,87.0700,100
42994643249298,11:56:34.643,87.0700,100
42994643249298,11:56:34.643,87.0700,22
42994658332935,11:56:34.658,87.0600,100
43013938399109,11:56:53.938,87.0500,119
43013938399109,11:56:53.938,87.0500,100
43013938399109,11:56:53.938,87.0500,16
43013938399109,11:56:53.938,87.0500,100
43028211388303,11:57:08.211,87.0500,10
43028211388303,11:57:08.211,87.0500,5
43028214867757,11:57:08.214,87.0500,100
43028766028581,11:57:08.766,87.0600,2
43058097101351,11:57:38.097,87.0900,100
43059864602770,11:57:39.864,87.1000,100
43070153178546,11:57:50.153,87.1200,100
43070153358545,11:57:50.153,87.1200,200
43070156496285,11:57:50.156,87.1200,100
43074362659646,11:57:54.362,87.1000,100
43074362659646,11:57:54.362,87.1000,100
43086074515310,11:58:06.074,87.0900,100
43086074979032,11:58:06.074,87.0900,100
43086078703539,11:58:06.078,87.0900,100
43086078703539,11:58:06.078,87.0900,100
43093651628082,11:58:13.651,87.1000,100
43093651628082,11:58:13.651,87.1000,200
43093651628082,11:58:13.651,87.1000,100
43111046580113,11:58:31.046,87.1200,19
43111046679335,11:58:31.046,87.1200,116
43111046994770,11:58:31.046,87.1200,58
43111048612395,11:58:31.048,87.1200,7
43111048612395,11:58:31.048,87.1200,9
43111048612395,11:58:31.048,87.1200,1
43111101307928,11:58:31.101,87.1200,193
43111101307928,11:58:31.101,87.1300,100
43111101307928,11:58:31.101,87.1300,7
43127100050491,11:58:47.100,87.1300,100
43147985298325,11:59:07.985,87.1200,100
43152525753807,11:59:12.525,87.1200,100
43198682434234,11:59:58.682,87.1100,42
43198682479469,11:59:58.682,87.1100,58
43198682479469,11:59:58.682,87.1100,42
43198682533017,11:59:58.682,87.1100,58
43198685493659,11:59:58.685,87.1200,200
43198685493659,11:59:58.685,87.1200,100
43209272387456,12:00:09.272,87.0800,100
43224152221252,12:00:24.152,87.0600,100
43226690604211,12:00:26.690,87.0500,100
43228531056166,12:00:28.531,87.0400,14
43228531067015,12:00:28.531,87.0400,14
43244560020726,12:00:44.560,87.0300,2
43244832224323,12:00:44.832,87.0300,60
43245820917112,12:00:45.820,87.0300,99
43245820959441,12:00:45.820,87.0300,1
43245820959441,12:00:45.820,87.0300,100
43249976006402,12:00:49.976,87.0300,101
43250636620181,12:00:50.636,87.0400,2
43274360805110,12:01:14.360,87.0300,100
43285745369066,12:01:25.745,87.0100,83
43285745857513,12:01:25.745,87.0100,17
43296834184253,12:01:36.834,87.0100,55
43296835205068,12:01:36.835,87.0100,6
43296983324112,12:01:36.983,87.0100,39
43296983324112,12:01:36.983,87.0100,61
43296983355456,12:01:36.983,87.0100,39
43299125891107,12:01:39.125,87.0100,100
43302209551002,12:01:42.209,87.0200,100
43330841614789,12:02:10.841,87.0500,3
43331100993928,12:02:11.100,87.0600,100
43331272193405,12:02:11.272,87.0700,100
43331272193405,12:02:11.272,87.0700,100
43331845721653,12:02:11.845,87.0800,100
43331845721653,12:02:11.845,87.0800,9
43338779251615,12:02:18.779,87.0900,52
43338779464472,12:02:18.779,87.0900,10
43338780422525,12:02:18.780,87.0900,54
43343428219545,12:02:23.428,87.0900,84
43344493938211,12:02:24.493,87.1000,100
43344494809033,12:02:24.494,87.1000,1
43361955810943,12:02:41.955,87.1300,24
43361955831316,12:02:41.955,87.1300,76
43361955831316,12:02:41.955,87.1300,12
43362340684862,12:02:42.340,87.1300,100
43365100418164,12:02:45.100,87.1500,100
43381099427746,12:03:01.099,87.1900,34
43381525023212,12:03:01.525,87.2000,99
43388697806234,12:03:08.697,87.1800,100
43390181974399,12:03:10.181,87.1500,14
43391271369419,12:03:11.271,87.1600,66
43391271369419,12:03:11.271,87.1600,11
43402765966777,12:03:22.765,87.1800,55
43402766009363,12:03:22.766,87.1800,45
43424894083387,12:03:44.894,87.1900,1
43424894110870,12:03:44.894,87.1900,1
43446097192126,12:04:06.097,87.1900,2
43452962470356,12:04:12.962,87.1800,100
43452962470356,12:04:12.962,87.1800,10
43452970811076,12:04:12.970,87.1700,20
43452970837643,12:04:12.970,87.1700,80
43455972100427,12:04:15.972,87.1700,60
43455972100427,12:04:15.972,87.1700,40
43455972549424,12:04:15.972,87.1700,60
43455973474533,12:04:15.973,87.1700,7
43461389551531,12:04:21.389,87.1700,24
43461389667262,12:04:21.389,87.1700,24
43461389727972,12:04:21.389,87.1700,24
43461391717061,12:04:21.391,87.1700,24
43466275277586,12:04:26.275,87.1800,71
43466275277586,12:04:26.275,87.1800,4
43466275277586,12:04:26.275,87.1800,100
43466275277586,12:04:26.275,87.1800,10
43470343891640,12:04:30.343,87.1800,100
43473005879682,12:04:33.005,87.1600,100
43473282985328,12:04:33.282,87.1600,100
43473282985328,12:04:33.282,87.1600,100
43475045638962,12:04:35.045,87.1600,9
43489099712097,12:04:49.099,87.1700,100
43535545125894,12:05:35.545,87.1900,100
43544080768182,12:05:44.080,87.2000,100
43561276803581,12:06:01.276,87.1800,100
43577362976851,12:06:17.362,87.1600,100
43590481578942,12:06:30.481,87.1500,100
43591452097773,12:06:31.452,87.1500,100
43591452097773,12:06:31.452,87.1500,100
43605181673364,12:06:45.181,87.1600,10
43605181743983,12:06:45.181,87.1600,73
43605181743983,12:06:45.181,87.1600,129
43605181743983,12:06:45.181,87.1600,100
43606469219553,12:06:46.469,87.1700,2
43606469219553,12:06:46.469,87.1700,100
43667002176049,12:07:47.002,87.1800,100
43682702844276,12:08:02.702,87.1900,100
43687735924881,12:08:07.735,87.1900,100
43695101400422,12:08:15.101,87.1800,100
43695656394537,12:08:15.656,87.1700,100
43711820356778,12:08:31.820,87.1700,100
43711820897226,12:08:31.820,87.1700,100
43711824644654,12:08:31.824,87.1700,100
43711824644654,12:08:31.824,87.1700,100
43726880981529,12:08:46.880,87.1800,2
43728100916280,12:08:48.100,87.1900,100
43743346603976,12:09:03.346,87.2100,100
43743346603976,12:09:03.346,87.2100,25
43744099127556,12:09:04.099,87.2000,100
43797673371553,12:09:57.673,87.1800,100
43799499394610,12:09:59.499,87.1700,200
43799499394610,12:09:59.499,87.1700,100
43806065337919,12:10:06.065,87.1700,100
43806065337919,12:10:06.065,87.1700,1
43806065337919,12:10:06.065,87.1700,99
43810503222545,12:10:10.503,87.1700,1
43810504390458,12:10:10.504,87.1800,100
43812396760047,12:10:12.396,87.1800,100
43843635478316,12:10:43.635,87.1700,8
43843635478316,12:10:43.635,87.1700,18
43858233569669,12:10:58.233,87.1700,95
43858238145837,12:10:58.238,87.1700,100
43860177730935,12:11:00.177,87.1700,100
43860177730935,12:11:00.177,87.1700,100
43865568272127,12:11:05.568,87.1800,100
43865571765777,12:11:05.571,87.1800,200
43865571765777,12:11:05.571,87.1800,100
43865571765777,12:11:05.571,87.1800,100
43884517805368,12:11:24.517,87.1800,100
43905355833568,12:11:45.355,87.1800,22
43905355864657,12:11:45.355,87.1800,78
43915005895467,12:11:55.005,87.1800,100
43915005895467,12:11:55.005,87.1800,100
43929401404362,12:12:09.401,87.1900,52
43929401404362,12:12:09.401,87.1900,1
43940254765418,12:12:20.254,87.2000,100
43940254765418,12:12:20.254,87.2000,100
43951855082088,12:12:31.855,87.1800,100
43975822282373,12:12:55.822,87.2000,57
43977477749572,12:12:57.477,87.1900,47
43981101704353,12:13:01.101,87.2000,100
43986678105107,12:13:06.678,87.2000,22
43994402698316,12:13:14.402,87.2000,100
44031141862327,12:13:51.141,87.2000,100
44031141862327,12:13:51.141,87.2000,100
44031144109005,12:13:51.144,87.1900,53
44035916681836,12:13:55.916,87.1900,100
44035916681836,12:13:55.916,87.1900,100
44035942536882,12:13:55.942,87.1900,100
44045428669758,12:14:05.428,87.1800,24
44045428669758,12:14:05.428,87.1800,76
44045428713064,12:14:05.428,87.1800,24
44045428713064,12:14:05.428,87.1800,100
44052430638974,12:14:12.430,87.1850,100
44052430638974,12:14:12.430,87.1900,1
44052430811663,12:14:12.430,87.1900,33
44060794106518,12:14:20.794,87.1900,200
44072570097020,12:14:32.570,87.1950,100
44072571096162,12:14:32.571,87.2000,100
44072571096162,12:14:32.571,87.2000,6
44072571147874,12:14:32.571,87.2000,6
44107008203711,12:15:07.008,87.2000,100
44123855074464,12:15:23.855,87.2000,9
44123855358037,12:15:23.855,87.2000,91
44123855358037,12:15:23.855,87.2100,9
44152008192060,12:15:52.008,87.2100,91
44152008820929,12:15:52.008,87.2100,100
44166139908000,12:16:06.139,87.2050,3
44173497072241,12:16:13.497,87.2050,97
44173497072241,12:16:13.497,87.2100,3
44173497101525,12:16:13.497,87.2100,97
44173497101525,12:16:13.497,87.2100,67
44173497101525,12:16:13.497,87.2100,2
44173498586227,12:16:13.498,87.2200,18
44173926332904,12:16:13.926,87.2300,100
44173926332904,12:16:13.926,87.2300,100
44173926332904,12:16:13.926,87.2300,100
44176814267331,12:16:16.814,87.2300,100
44176814267331,12:16:16.814,87.2300,100
44186754990091,12:16:26.754,87.2350,100
44188020347064,12:16:28.020,87.2400,49
44213990005703,12:16:53.990,87.2300,100
44218097968385,12:16:58.097,87.2400,100
44218097993028,12:16:58.097,87.2400,54
44220847984202,12:17:00.847,87.2300,100
44222696000618,12:17:02.696,87.2300,100
44222746174559,12:17:02.746,87.2300,100
44222746174559,12:17:02.746,87.2300,100
44222746200650,12:17:02.746,87.2300,100
44258254530785,12:17:38.254,87.2700,54
44258254598013,12:17:38.254,87.2700,46
44258262088720,12:17:38.262,87.2800,4
44265194022280,12:17:45.194,87.3000,100
44282632346882,12:18:02.632,87.3000,100
44282632507476,12:18:02.632,87.3000,100
44282876864833,12:18:02.876,87.2900,100
44286285023964,12:18:06.285,87.2800,9
44286927400435,12:18:06.927,87.2800,91
44286927400435,12:18:06.927,87.2800,27
44286927535293,12:18:06.927,87.2800,100
44296150944451,12:18:16.150,87.2750,100
44296151676827,12:18:16.151,87.2800,100
44301133617365,12:18:21.133,87.2900,100
44301133617365,12:18:21.133,87.2900,10
44301133650535,12:18:21.133,87.2900,90
44301133650535,12:18:21.133,87.2900,2
44309131944883,12:18:29.131,87.2900,92
44309131944883,12:18:29.131,87.2900,100
44309133055617,12:18:29.133,87.2800,42
44309229500416,12:18:29.229,87.2900,100
44309229500416,12:18:29.229,87.2900,100
44319889614525,12:18:39.889,87.2600,4
44320389279524,12:18:40.389,87.2600,13
44321355294228,12:18:41.355,87.2500,16
44325986027401,12:18:45.986,87.2400,100
44325986027401,12:18:45.986,87.2400,17
44326521222161,12:18:46.521,87.2400,100
44331855733463,12:18:51.855,87.2400,24
44337100504581,12:18:57.100,87.2500,7
44337100504581,12:18:57.100,87.2500,93
44357320836033,12:19:17.320,87.2700,100
44369040458822,12:19:29.040,87.2800,55
44369040558371,12:19:29.040,87.2800,69
44371687154780,12:19:31.687,87.2800,100
44392956883308,12:19:52.956,87.2700,2
44394201256209,12:19:54.201,87.2700,98
44398848348990,12:19:58.848,87.2550,100
44399915771432,12:19:59.915,87.2600,7
44399915771432,12:19:59.915,87.2600,93
44399915798902,12:19:59.915,87.2600,7
44412532137002,12:20:12.532,87.2600,65
44412532197558,12:20:12.532,87.2600,35
44412541103031,12:20:12.541,87.2500,100
44415950681521,12:20:15.950,87.2500,100
44423045810561,12:20:23.045,87.2600,2
44428095682544,12:20:28.095,87.2700,100
44438412567785,12:20:38.412,87.2600,4
44438412991963,12:20:38.412,87.2600,96
44440037501530,12:20:40.037,87.2500,100
44458235469689,12:20:58.235,87.2500,1
44460029967434,12:21:00.029,87.2550,4
44460029967434,12:21:00.029,87.2600,103
44460029967434,12:21:00.029,87.2600,93
44466941461032,12:21:06.941,87.2500,100
44466946555056,12:21:06.946,87.2450,17
44470343435528,12:21:10.343,87.2400,100
44470444471626,12:21:10.444,87.2350,83
44470445541848,12:21:10.445,87.2400,100
44470563783472,12:21:10.563,87.2450,100
44470564305380,12:21:10.564,87.2500,95
44501873323437,12:21:41.873,87.2300,21
44506799322376,12:21:46.799,87.2250,4
44507095376396,12:21:47.095,87.2200,2
44512261751324,12:21:52.261,87.2250,50
44512261837215,12:21:52.261,87.2250,23
44512261837215,12:21:52.261,87.2300,100
44512261837215,12:21:52.261,87.2300,100
44512261837215,12:21:52.261,87.2300,40
44512261893485,12:21:52.261,87.2300,60
44515574357676,12:21:55.574,87.2300,100
44530127929798,12:22:10.127,87.2500,100
44530130628020,12:22:10.130,87.2500,100
44530752738609,12:22:10.752,87.2400,100
44535488282416,12:22:15.488,87.2400,100
44535488316973,12:22:15.488,87.2400,100
44537976460495,12:22:17.976,87.2300,100
44545297645436,12:22:25.297,87.2300,100
44561566471365,12:22:41.566,87.2100,2
44561566471365,12:22:41.566,87.2100,2
44562347106835,12:22:42.347,87.2100,98
44577725597180,12:22:57.725,87.2000,1
44579266306863,12:22:59.266,87.2050,2
44579266306863,12:22:59.266,87.2100,98
44579266339440,12:22:59.266,87.2100,2
44579267794166,12:22:59.267,87.2100,1
44585101210073,12:23:05.101,87.2050,100
44588475985000,12:23:08.475,87.2000,31
44600248382808,12:23:20.248,87.1900,2
44603477257040,12:23:23.477,87.1900,67
44609381195896,12:23:29.381,87.1900,100
44616971218342,12:23:36.971,87.1900,100
44618795097596,12:23:38.795,87.1800,2
44639153615498,12:23:59.153,87.1700,2
44639153615498,12:23:59.153,87.1700,100
44639242510947,12:23:59.242,87.1600,2
44652216666442,12:24:12.216,87.1650,98
44652216666442,12:24:12.216,87.1700,12
44652216697223,12:24:12.216,87.1700,21
44652216697223,12:24:12.216,87.1700,100
44652216697223,12:24:12.216,87.1700,1
44656723415711,12:24:16.723,87.1800,100
44668242009522,12:24:28.242,87.1700,16
44668242135430,12:24:28.242,87.1700,84
44676918840613,12:24:36.918,87.1750,16
44676918840613,12:24:36.918,87.1800,34
44676918894293,12:24:36.918,87.1800,166
44676918894293,12:24:36.918,87.1800,100
44677842776639,12:24:37.842,87.1900,100
44677843807307,12:24:37.843,87.1900,100
44677843807307,12:24:37.843,87.1900,80
44689066071910,12:24:49.066,87.1800,100
44689066071910,12:24:49.066,87.1800,64
44689066848956,12:24:49.066,87.1800,136
44689079790512,12:24:49.079,87.1700,46
44699769869256,12:24:59.769,87.1750,100
44699769869256,12:24:59.769,87.1800,100
44699769869256,12:24:59.769,87.1800,100
44699769903560,12:24:59.769,87.1800,34
44699770055223,12:24:59.770,87.1800,86
44701105416362,12:25:01.105,87.1900,100
44709100553760,12:25:09.100,87.2100,100
44712098959477,12:25:12.098,87.2100,100
44735810792341,12:25:35.810,87.2300,80
44735810792341,12:25:35.810,87.2300,35
44735810794088,12:25:35.810,87.2300,65
44753668466122,12:25:53.668,87.2200,100
44753668466122,12:25:53.668,87.2200,24
44753668796348,12:25:53.668,87.2200,76
44761332605818,12:26:01.332,87.2300,100
44768201778485,12:26:08.201,87.2200,100
44768202950968,12:26:08.202,87.2200,100
44778005975797,12:26:18.005,87.2250,100
44778005975797,12:26:18.005,87.2300,2
44778006527391,12:26:18.006,87.2300,98
44785765824969,12:26:25.765,87.2200,100
44785774813091,12:26:25.774,87.2100,12
44785781488782,12:26:25.781,87.2100,88
44785781488782,12:26:25.781,87.2100,12
44785800705595,12:26:25.800,87.2000,100
44785800705595,12:26:25.800,87.2000,100
44785801476630,12:26:25.801,87.2000,1
44794798470885,12:26:34.798,87.1900,6
44794798550244,12:26:34.798,87.1900,94
44800958499551,12:26:40.958,87.1700,100
44806144055309,12:26:46.144,87.1650,100
44806144221318,12:26:46.144,87.1700,100
44821169810121,12:27:01.169,87.1700,100
44830914347216,12:27:10.914,87.1600,35
44830914347216,12:27:10.914,87.1600,100
44876058427917,12:27:56.058,87.1550,100
44876058427917,12:27:56.058,87.1600,100
44876058427917,12:27:56.058,87.1600,2
44876058462766,12:27:56.058,87.1600,98
44876058462766,12:27:56.058,87.1600,2
44905164912997,12:28:25.164,87.1700,100
44906341702688,12:28:26.341,87.1600,100
44915102231540,12:28:35.102,87.1500,100
44916457308981,12:28:36.457,87.1500,100
44916457308981,12:28:36.457,87.1500,1
44921101049242,12:28:41.101,87.1500,100
44938424070128,12:28:58.424,87.1700,100
44948506513503,12:29:08.506,87.1600,100
44948506513503,12:29:08.506,87.1600,100
44955096017722,12:29:15.096,87.1700,78
44955096042778,12:29:15.096,87.1700,122
44963478626073,12:29:23.478,87.1750,100
44968302417501,12:29:28.302,87.1750,100
44991922037459,12:29:51.922,87.1800,75
44991922039394,12:29:51.922,87.1800,55
44991922134123,12:29:51.922,87.1800,70
44995401245917,12:29:55.401,87.1750,100
45009360429183,12:30:09.360,87.1750,61
45009360441407,12:30:09.360,87.1750,39
45009360441407,12:30:09.360,87.1800,13
45022281199607,12:30:22.281,87.1800,87
45022281199607,12:30:22.281,87.1800,1
45023607038677,12:30:23.607,87.1900,100
45029891927367,12:30:29.891,87.2000,3
45029896424571,12:30:29.896,87.2000,97
45039101604929,12:30:39.101,87.2000,100
45049102834953,12:30:49.102,87.2100,2
45056243209561,12:30:56.243,87.2100,8
45102876606566,12:31:42.876,87.2000,100
45103264212429,12:31:43.264,87.2000,100
45103264212429,12:31:43.264,87.2000,100
45142856208802,12:32:22.856,87.1900,100
45142856208802,12:32:22.856,87.1900,100
45142856208802,12:32:22.856,87.1900,100
45142856208802,12:32:22.856,87.1900,100
45147655274538,12:32:27.655,87.1800,100
45162311186410,12:32:42.311,87.1900,100
45182094746781,12:33:02.094,87.1700,24
45182096708332,12:33:02.096,87.1650,76
45182096708332,12:33:02.096,87.1700,24
45191248440900,12:33:11.248,87.1650,100
45191248636198,12:33:11.248,87.1700,100
45215714921043,12:33:35.714,87.1800,154
45215715028400,12:33:35.715,87.1800,18
45215715028400,12:33:35.715,87.1800,34
45215718605268,12:33:35.718,87.1700,67
45215721696691,12:33:35.721,87.1700,33
45216786757002,12:33:36.786,87.1600,100
45225362040353,12:33:45.362,87.1550,100
45225362130395,12:33:45.362,87.1600,100
45236206627175,12:33:56.206,87.1600,39
45251284148433,12:34:11.284,87.1700,100
45251284446820,12:34:11.284,87.1700,61
45251284446820,12:34:11.284,87.1700,1
45252664282561,12:34:12.664,87.1600,100
45260280940505,12:34:20.280,87.1600,100
45260286443281,12:34:20.286,87.1600,100
45268099910432,12:34:28.099,87.1500,100
45272099391726,12:34:32.099,87.1600,100
45277098115458,12:34:37.098,87.1600,18
45279099449044,12:34:39.099,87.1600,82
45279099449044,12:34:39.099,87.1700,100
45279099449044,12:34:39.099,87.1700,20
45279099449044,12:34:39.099,87.1700,18
45279099906590,12:34:39.099,87.1700,82
45285100524251,12:34:45.100,87.1600,100
45290099963494,12:34:50.099,87.1550,100
45290100159913,12:34:50.100,87.1600,25
45295099486413,12:34:55.099,87.1600,100
45300121029807,12:35:00.121,87.1700,100
45321290419858,12:35:21.290,87.1500,100
45321290419858,12:35:21.290,87.1500,100
45331104729449,12:35:31.104,87.1400,100
45331119622365,12:35:31.119,87.1400,100
45331428523479,12:35:31.428,87.1300,100
45332196427128,12:35:32.196,87.1300,100
45335153790067,12:35:35.153,87.1200,19
45335153790067,12:35:35.153,87.1200,81
45335250487074,12:35:35.250,87.1200,19
45335250808645,12:35:35.250,87.1150,81
45335250808645,12:35:35.250,87.1200,19
45336969127372,12:35:36.969,87.1200,100
45338586626649,12:35:38.586,87.1100,100
45357986626176,12:35:57.986,87.1000,1
45358019136645,12:35:58.019,87.1000,99
45358022021488,12:35:58.022,87.1000,100
45360865865058,12:36:00.865,87.1100,1
45360865865058,12:36:00.865,87.1100,100
45371230279099,12:36:11.230,87.1000,100
45374432987641,12:36:14.432,87.0800,2
45400396354151,12:36:40.396,87.0700,2
45400396354151,12:36:40.396,87.0700,200
45400970646162,12:36:40.970,87.0600,2
45400970646162,12:36:40.970,87.0600,98
45403627108406,12:36:43.627,87.0500,2
45417296924303,12:36:57.296,87.0500,100
45421296969817,12:37:01.296,87.0600,2
45421296980280,12:37:01.296,87.0600,98
45450989176634,12:37:30.989,87.0650,100
45456577003086,12:37:36.577,87.0600,200
45456577003086,12:37:36.577,87.0600,100
45456577652047,12:37:36.577,87.0600,200
45456578517741,12:37:36.578,87.0600,100
45456578517741,12:37:36.578,87.0600,100
45465042247521,12:37:45.042,87.0500,100
45465086798704,12:37:45.086,87.0500,100
45478548746814,12:37:58.548,87.0600,2
45487851550377,12:38:07.851,87.0600,100
45487852000705,12:38:07.852,87.0600,100
45493100144934,12:38:13.100,87.0800,100
45495870878154,12:38:15.870,87.0750,100
45498100334068,12:38:18.100,87.0800,200
45498100334068,12:38:18.100,87.0800,100
45500076501056,12:38:20.076,87.0850,100
45506100885233,12:38:26.100,87.1000,100
45506100885233,12:38:26.100,87.1000,100
45506100885233,12:38:26.100,87.1000,100
45514100397753,12:38:34.100,87.1100,57
45514100397753,12:38:34.100,87.1100,43
45515515218237,12:38:35.515,87.1200,100
45515515218237,12:38:35.515,87.1200,57
45527381265536,12:38:47.381,87.1400,2
45542425452091,12:39:02.425,87.1400,70
45542425470076,12:39:02.425,87.1400,30
45563095051768,12:39:23.095,87.1500,2
45566228312802,12:39:26.228,87.1500,100
45569267931616,12:39:29.267,87.1450,52
45582624500106,12:39:42.624,87.1300,100
45582624500106,12:39:42.624,87.1300,100
45583898783839,12:39:43.898,87.1350,48
45583898783839,12:39:43.898,87.1400,52
45583899540872,12:39:43.899,87.1400,48
45583899540872,12:39:43.899,87.1400,52
45601459181723,12:40:01.459,87.1750,46
45605250757973,12:40:05.250,87.1850,54
45605250757973,12:40:05.250,87.1900,46
45609100088971,12:40:09.100,87.1850,100
45614633989994,12:40:14.633,87.1800,100
45621186461259,12:40:21.186,87.1700,16
45637678511728,12:40:37.678,87.1700,200
45637678707165,12:40:37.678,87.1700,200
45637680328266,12:40:37.680,87.1700,84
45660323122683,12:41:00.323,87.1700,100
45666528838465,12:41:06.528,87.1700,100
45666528857626,12:41:06.528,87.1700,100
45685098921370,12:41:25.098,87.1700,100
45690101111444,12:41:30.101,87.1600,2
45701100652024,12:41:41.100,87.1600,100
45708541632578,12:41:48.541,87.1400,100
45708547058111,12:41:48.547,87.1300,16
45708547365344,12:41:48.547,87.1300,84
45708572115237,12:41:48.572,87.1100,40
45713559544870,12:41:53.559,87.1200,100
45713559544870,12:41:53.559,87.1200,5
45716296879936,12:41:56.296,87.1200,95
45717170919466,12:41:57.170,87.1200,100
45724929328302,12:42:04.929,87.1200,2
45724929986304,12:42:04.929,87.1200,98
45724944565410,12:42:04.944,87.1100,100
45724944565410,12:42:04.944,87.1100,100
45732098283124,12:42:12.098,87.1000,100
45773136363062,12:42:53.136,87.1100,100
45773136363062,12:42:53.136,87.1100,100
45773136399820,12:42:53.136,87.1100,69
45775427972532,12:42:55.427,87.1100,100
45783269555347,12:43:03.269,87.1200,100
45825100625923,12:43:45.100,87.1300,100
45835098469643,12:43:55.098,87.1300,100
45838556806804,12:43:58.556,87.1300,36
45838556806804,12:43:58.556,87.1300,100
45838556806804,12:43:58.556,87.1300,100
45839098513087,12:43:59.098,87.1400,1
45843966395836,12:44:03.966,87.1200,46
45844010850324,12:44:04.010,87.1100,100
45844010850324,12:44:04.010,87.1100,100
45844010850324,12:44:04.010,87.1100,100
45856771065795,12:44:16.771,87.1100,2
45880986489784,12:44:40.986,87.0800,100
45888185951996,12:44:48.185,87.0600,100
45993691934669,12:46:33.691,87.0500,100
45993691934669,12:46:33.691,87.0500,100
45995266704687,12:46:35.266,87.0400,2
45995899452891,12:46:35.899,87.0400,100
45995899452891,12:46:35.899,87.0400,100
46021398160041,12:47:01.398,87.0500,100
46021398160041,12:47:01.398,87.0500,100
46021399092519,12:47:01.399,87.0600,100
46021399092519,12:47:01.399,87.0600,100
46044243707150,12:47:24.243,87.0800,30
46044244219826,12:47:24.244,87.0800,52
46044244238115,12:47:24.244,87.0800,18
46044244238115,12:47:24.244,87.0800,84
46044244457639,12:47:24.244,87.0800,16
46045169526765,12:47:25.169,87.1000,100
46045169526765,12:47:25.169,87.1000,100
46060098110018,12:47:40.098,87.1000,100
46065098155932,12:47:45.098,87.1000,100
46081953629343,12:48:01.953,87.0900,100
46134432908105,12:48:54.432,87.1100,100
46142247500565,12:49:02.247,87.1200,157
46147021814690,12:49:07.021,87.1000,100
46147022121373,12:49:07.022,87.1000,11
46189745343174,12:49:49.745,87.1000,100
46189745343174,12:49:49.745,87.1000,50
46197067099876,12:49:57.067,87.1100,12
46213064480964,12:50:13.064,87.1200,100
46213064480964,12:50:13.064,87.1200,1
46213064480964,12:50:13.064,87.1200,99
46213064514588,12:50:13.064,87.1200,1
46221689968604,12:50:21.689,87.1400,6
46221689968604,12:50:21.689,87.1400,4
46255572596459,12:50:55.572,87.1300,100
46263552114764,12:51:03.552,87.1400,100
46274006475563,12:51:14.006,87.1400,18
46328960854542,12:52:08.960,87.1300,8
46331950976245,12:52:11.950,87.1300,100
46365216423810,12:52:45.216,87.1300,49
46366252441668,12:52:46.252,87.1300,100
46393449332064,12:53:13.449,87.1200,10
46397898537458,12:53:17.898,87.1100,100
46398066288357,12:53:18.066,87.1100,100
46398066333495,12:53:18.066,87.1100,38
46423196009651,12:53:43.196,87.1000,14
46423198068956,12:53:43.198,87.1000,200
46428763530070,12:53:48.763,87.0900,100
46453984734857,12:54:13.984,87.0800,16
46453984734857,12:54:13.984,87.0800,60
46453984743689,12:54:13.984,87.0800,2
46453984831135,12:54:13.984,87.0800,38
46453984831135,12:54:13.984,87.0800,82
46454024338602,12:54:14.024,87.0800,1
46470601583950,12:54:30.601,87.0800,100
46470601583950,12:54:30.601,87.0800,25
46481055796401,12:54:41.055,87.0900,100
46505802256184,12:55:05.802,87.1100,18
46506532770567,12:55:06.532,87.1200,2
46523905770879,12:55:23.905,87.1000,100
46523905829480,12:55:23.905,87.1000,1
46528550629201,12:55:28.550,87.1000,98
46528550629201,12:55:28.550,87.1000,100
46528551412255,12:55:28.551,87.1100,100
46528552498082,12:55:28.552,87.1100,100
46535396485033,12:55:35.396,87.0900,2
46564901040650,12:56:04.901,87.0900,100
46565754445400,12:56:05.754,87.0900,19
46568757341364,12:56:08.757,87.0900,1
46569126389133,12:56:09.126,87.1000,100
46569126389133,12:56:09.126,87.1000,100
46569126430756,12:56:09.126,87.1000,100
46601774205912,12:56:41.774,87.1000,9
46612382049973,12:56:52.382,87.0800,100
46613150538278,12:56:53.150,87.0800,100
46622309880446,12:57:02.309,87.0900,100
46624498410054,12:57:04.498,87.1000,100
46649360271210,12:57:29.360,87.1000,100
46652480762225,12:57:32.480,87.1000,100
46687842507802,12:58:07.842,87.0800,1
46687860174555,12:58:07.860,87.0800,21
46690376674344,12:58:10.376,87.0800,100
46695007227039,12:58:15.007,87.0700,4
46696063565269,12:58:16.063,87.0600,10
46740974082960,12:59:00.974,87.0700,100
46740974082960,12:59:00.974,87.0700,100
46774226773665,12:59:34.226,87.0600,2
46774226788729,12:59:34.226,87.0600,52
46774226803784,12:59:34.226,87.0600,46
46774226803784,12:59:34.226,87.0600,13
46776502242929,12:59:36.502,87.0500,200
46777116979263,12:59:37.116,87.0600,100
46822823140457,13:00:22.823,87.0600,100
46844853354035,13:00:44.853,87.0500,5
46846885936533,13:00:46.885,87.0400,29
46847884337581,13:00:47.884,87.0500,110
46847884363051,13:00:47.884,87.0500,36
46887584478824,13:01:27.584,87.0700,4
46908197978557,13:01:48.197,87.0900,96
46989954197126,13:03:09.954,87.1000,24
46989954197126,13:03:09.954,87.1000,100
46989954197126,13:03:09.954,87.1000,100
46996208292858,13:03:16.208,87.1100,100
47014667164752,13:03:34.667,87.1300,59
47014668093870,13:03:34.668,87.1300,113
47014677371203,13:03:34.677,87.1200,100
47014690869288,13:03:34.690,87.1100,17
47014690946643,13:03:34.690,87.1100,183
47014690946643,13:03:34.690,87.1100,100
47014691627801,13:03:34.691,87.1100,3
47014694902238,13:03:34.694,87.1000,12
47041426773475,13:04:01.426,87.1000,98
47063174482846,13:04:23.174,87.1000,100
47063174482846,13:04:23.174,87.1000,100
47063174482846,13:04:23.174,87.1000,100
47097306404908,13:04:57.306,87.0800,100
47099175494388,13:04:59.175,87.0800,22
47101173017593,13:05:01.173,87.0800,4
47116618151412,13:05:16.618,87.0900,100
47119842896389,13:05:19.842,87.1000,1
47121290796913,13:05:21.290,87.1000,8
47155043161209,13:05:55.043,87.0800,100
47158033866172,13:05:58.033,87.0800,1
47158033893601,13:05:58.033,87.0800,1
47192248938116,13:06:32.248,87.0800,100
47197836450702,13:06:37.836,87.0800,4
47215413850776,13:06:55.413,87.0800,1
47217497498659,13:06:57.497,87.0700,45
47217566338497,13:06:57.566,87.0700,1
47221412050884,13:07:01.412,87.0700,3
47224956083144,13:07:04.956,87.0700,64
47225930604239,13:07:05.930,87.0700,100
47225930604239,13:07:05.930,87.0700,100
47267309006411,13:07:47.309,87.0600,20
47267309006411,13:07:47.309,87.0600,31
47267309006411,13:07:47.309,87.0600,4
47268006667696,13:07:48.006,87.0600,45
47275308608180,13:07:55.308,87.0800,100
47275308608180,13:07:55.308,87.0800,100
47284541088388,13:08:04.541,87.0900,100
47284541118858,13:08:04.541,87.0900,100
47305734377173,13:08:25.734,87.0900,96
47305734408536,13:08:25.734,87.0900,4
47305782289704,13:08:25.782,87.1000,100
47344687576529,13:09:04.687,87.1000,48
47344687625141,13:09:04.687,87.1000,2
47371195798514,13:09:31.195,87.0900,100
47371196328405,13:09:31.196,87.0900,100
47378546717162,13:09:38.546,87.1000,100
47381410201418,13:09:41.410,87.0900,17
47383802548722,13:09:43.802,87.0900,100
47422189476103,13:10:22.189,87.0900,12
47432050397434,13:10:32.050,87.1000,96
47432050427156,13:10:32.050,87.1000,4
47432885175754,13:10:32.885,87.1200,100
47457010094666,13:10:57.010,87.1100,64
47458836419781,13:10:58.836,87.1100,1
47468733785175,13:11:08.733,87.1200,100
47470691529789,13:11:10.691,87.1300,100
47501982896297,13:11:41.982,87.1100,1
47517099570839,13:11:57.099,87.1100,25
47518059709172,13:11:58.059,87.1100,74
47518059709172,13:11:58.059,87.1100,26
47529293415429,13:12:09.293,87.1100,100
47529293415429,13:12:09.293,87.1100,100
47551866732575,13:12:31.866,87.1200,1
47582835362170,13:13:02.835,87.1200,96
47582835450696,13:13:02.835,87.1200,3
47615022309916,13:13:35.022,87.0900,100
47619488197573,13:13:39.488,87.0800,1
47635008526387,13:13:55.008,87.0800,45
47649081983385,13:14:09.081,87.0800,100
47672562100953,13:14:32.562,87.0700,10
47683717921208,13:14:43.717,87.0600,10
47683717921208,13:14:43.717,87.0600,113
47689409081373,13:14:49.409,87.0500,20
47689409081373,13:14:49.409,87.0500,76
47704170566366,13:15:04.170,87.0400,10
47707041052157,13:15:07.041,87.0300,5
47707041052157,13:15:07.041,87.0300,1
47717732742189,13:15:17.732,87.0300,100
47717732742189,13:15:17.732,87.0300,100
47721463250543,13:15:21.463,87.0300,5
47755843963275,13:15:55.843,87.0300,1
47764111189816,13:16:04.111,87.0300,8
47767843013706,13:16:07.843,87.0300,1
47768869297376,13:16:08.869,87.0300,19
47768869297376,13:16:08.869,87.0300,10
47784789248524,13:16:24.789,87.0200,6
47784789248524,13:16:24.789,87.0200,4
47784789248524,13:16:24.789,87.0200,90
47784789904814,13:16:24.789,87.0200,10
47787172799514,13:16:27.172,87.0200,3
47789628318380,13:16:29.628,87.0300,70
47797310277478,13:16:37.310,87.0300,109
47797310277478,13:16:37.310,87.0300,34
47797310311610,13:16:37.310,87.0300,66
47829570210493,13:17:09.570,87.0000,1
47852996592407,13:17:32.996,87.0000,25
47857634727917,13:17:37.634,87.0000,100
47870406972716,13:17:50.406,86.9900,100
47870726961983,13:17:50.726,86.9900,97
47881745508108,13:18:01.745,86.9900,3
47886831922732,13:18:06.831,86.9900,1
47886832260611,13:18:06.832,86.9900,73
47913891421362,13:18:33.891,86.9800,7
47913902516444,13:18:33.902,86.9800,13
47913902516444,13:18:33.902,86.9800,35
47915680579426,13:18:35.680,86.9900,98
47942556805392,13:19:02.556,86.9800,100
47942556828848,13:19:02.556,86.9800,13
47942556834832,13:19:02.556,86.9800,87
47943789307835,13:19:03.789,86.9700,20
47947844990727,13:19:07.844,86.9600,7
47947844990727,13:19:07.844,86.9600,12
47949933790620,13:19:09.933,86.9600,88
47992995077137,13:19:52.995,86.9500,100
47992995077137,13:19:52.995,86.9500,100
48029127050007,13:20:29.127,86.9500,10
48040231458769,13:20:40.231,86.9500,24
48040231488487,13:20:40.231,86.9500,6
48041319417072,13:20:41.319,86.9400,20
48045751898404,13:20:45.751,86.9300,100
48046005233703,13:20:46.005,86.9100,20
48046005233703,13:20:46.005,86.9100,13
48046005839244,13:20:46.005,86.9100,300
48046006814963,13:20:46.006,86.9100,87
48046006814963,13:20:46.006,86.9100,22
48046008289221,13:20:46.008,86.9100,78
48049852399801,13:20:49.852,86.9100,100
48049852399801,13:20:49.852,86.9100,91
48049852627277,13:20:49.852,86.9100,47
48050499762159,13:20:50.499,86.9100,100
48057084106845,13:20:57.084,86.9200,48
48057084296720,13:20:57.084,86.9200,88
48197037858326,13:23:17.037,86.9300,43
48212555269541,13:23:32.555,86.9400,100
48274061434145,13:24:34.061,86.9600,55
48274061670095,13:24:34.061,86.9600,45
48301185136995,13:25:01.185,86.9500,100
48314339062031,13:25:14.339,86.9500,100
48315024174348,13:25:15.024,86.9500,70
48357269362153,13:25:57.269,86.9400,1
48359868767079,13:25:59.868,86.9500,100
48374538277355,13:26:14.538,86.9500,1
48375844508822,13:26:15.844,86.9500,1
48411286794516,13:26:51.286,86.9600,100
48411286794516,13:26:51.286,86.9600,100
48416877455958,13:26:56.877,86.9500,1
48424961363411,13:27:04.961,86.9500,1
48424966642674,13:27:04.966,86.9500,1
48425338240829,13:27:05.338,86.9600,99
48427751355093,13:27:07.751,86.9500,2
48427751355093,13:27:07.751,86.9500,29
48431517962315,13:27:11.517,86.9500,1
48433511171467,13:27:13.511,86.9500,1
48454229013060,13:27:34.229,86.9600,1
48488532828456,13:28:08.532,86.9700,100
48488532828456,13:28:08.532,86.9700,100
48488532828456,13:28:08.532,86.9700,50
48488532828456,13:28:08.532,86.9700,1
48488586690086,13:28:08.586,86.9600,50
48490537888374,13:28:10.537,86.9600,100
48495327312680,13:28:15.327,86.9500,6
48519262579559,13:28:39.262,86.9700,100
48521585525821,13:28:41.585,86.9700,100
48596874033521,13:29:56.874,86.9900,1
48625990704986,13:30:25.990,87.0000,92
48625990737372,13:30:25.990,87.0000,8
48625990737372,13:30:25.990,87.0000,1
48625990758375,13:30:25.990,87.0000,9
48644868694697,13:30:44.868,87.0200,100
48680914670887,13:31:20.914,87.0100,7
48680914670887,13:31:20.914,87.0100,93
48687199640979,13:31:27.199,87.0000,1
48691844589474,13:31:31.844,86.9900,3
48693199760392,13:31:33.199,86.9900,2
48695845126727,13:31:35.845,86.9900,1
48701311720365,13:31:41.311,86.9900,94
48701311720365,13:31:41.311,86.9900,6
48701312198681,13:31:41.312,86.9900,22
48702337762917,13:31:42.337,86.9800,3
48703297146338,13:31:43.297,86.9800,1
48742744869684,13:32:22.744,86.9800,64
48761393865976,13:32:41.393,86.9700,1
48788782328366,13:33:08.782,86.9700,100
48789474936317,13:33:09.474,86.9700,100
48791403103326,13:33:11.403,86.9600,100
48791403103326,13:33:11.403,86.9600,20
48792405605035,13:33:12.405,86.9500,2
48793204129084,13:33:13.204,86.9500,92
48793204129084,13:33:13.204,86.9500,100
48797596272113,13:33:17.596,86.9400,100
48797596659840,13:33:17.596,86.9300,100
48797596659840,13:33:17.596,86.9300,20
48797596659840,13:33:17.596,86.9300,80
48797596659840,13:33:17.596,86.9300,100
48797597105496,13:33:17.597,86.9300,100
48797599164295,13:33:17.599,86.9300,100
48797599164295,13:33:17.599,86.9300,100
48806350240913,13:33:26.350,86.9450,100
48806350240913,13:33:26.350,86.9500,1
48806351362267,13:33:26.351,86.9500,99
48806351362267,13:33:26.351,86.9500,1
48818162430019,13:33:38.162,86.9500,100
48818162490179,13:33:38.162,86.9500,100
48818162497626,13:33:38.162,86.9600,100
48849296262476,13:34:09.296,86.9400,100
48849296418794,13:34:09.296,86.9400,100
48849296641440,13:34:09.296,86.9500,200
48849296641440,13:34:09.296,86.9500,100
48869358752000,13:34:29.358,86.9500,4
48871570838069,13:34:31.570,86.9500,1
48878823334657,13:34:38.823,86.9400,2
48878902396129,13:34:38.902,86.9400,98
48904158544965,13:35:04.158,86.9300,100
48911891892552,13:35:11.891,86.9300,100
48925130403935,13:35:25.130,86.9350,100
48925130487996,13:35:25.130,86.9400,100
48925130510473,13:35:25.130,86.9400,58
48929929875382,13:35:29.929,86.9500,1
48960131903729,13:36:00.131,86.9550,100
48960132005638,13:36:00.132,86.9600,100
48960132213565,13:36:00.132,86.9600,100
48964149458103,13:36:04.149,86.9700,5
48964149458103,13:36:04.149,86.9700,1
48964149863314,13:36:04.149,86.9700,6
48964149935959,13:36:04.149,86.9700,94
48965153436439,13:36:05.153,86.9700,100
48981899718561,13:36:21.899,86.9500,32
48981899744714,13:36:21.899,86.9500,21
49015160547079,13:36:55.160,86.9500,30
49015160577710,13:36:55.160,86.9500,70
49015160805374,13:36:55.160,86.9500,60
49015160919787,13:36:55.160,86.9500,40
49015160919787,13:36:55.160,86.9500,30
49067188029444,13:37:47.188,86.9600,44
49067188196150,13:37:47.188,86.9550,100
49067188196150,13:37:47.188,86.9600,56
49067188551330,13:37:47.188,86.9600,44
49067188751057,13:37:47.188,86.9600,56
49084711714881,13:38:04.711,86.9600,100
49084711714881,13:38:04.711,86.9600,100
49084711714881,13:38:04.711,86.9600,1
49089228137854,13:38:09.228,86.9600,100
49089228463662,13:38:09.228,86.9600,100
49122074593178,13:38:42.074,86.9550,100
49122074775247,13:38:42.074,86.9600,100
49158527780557,13:39:18.527,86.9650,100
49160725506115,13:39:20.725,86.9700,100
49170149099024,13:39:30.149,86.9700,25
49170149124921,13:39:30.149,86.9700,75
49186588742450,13:39:46.588,86.9600,100
49186938374490,13:39:46.938,86.9600,100
49196254666264,13:39:56.254,86.9600,100
49205169320735,13:40:05.169,86.9600,100
49211254269226,13:40:11.254,86.9700,4
49211254269226,13:40:11.254,86.9700,96
49211254299031,13:40:11.254,86.9700,4
49212640182034,13:40:12.640,86.9600,1
49212640694802,13:40:12.640,86.9600,9
49238053218947,13:40:38.053,86.9600,100
49238053218947,13:40:38.053,86.9600,100
49238326344016,13:40:38.326,86.9600,100
49317242692153,13:41:57.242,86.9700,100
49317243187274,13:41:57.243,86.9700,60
49349433854110,13:42:29.433,86.9600,100
49349433854110,13:42:29.433,86.9600,100
49349434345446,13:42:29.434,86.9600,100
49349434345446,13:42:29.434,86.9600,100
49353826835411,13:42:33.826,86.9600,100
49382641003820,13:43:02.641,86.9500,100
49383845498936,13:43:03.845,86.9400,6
49398146229440,13:43:18.146,86.9600,100
49446687753718,13:44:06.687,86.9500,2
49456332251023,13:44:16.332,86.9100,10
49457571107434,13:44:17.571,86.9100,100
49465801012649,13:44:25.801,86.9100,100
49475428653712,13:44:35.428,86.9000,1
49475428653712,13:44:35.428,86.9000,5
49500013900727,13:45:00.013,86.9100,4
49501281052626,13:45:01.281,86.9000,17
49501281688590,13:45:01.281,86.9000,6
49502042598799,13:45:02.042,86.8900,10
49502042598799,13:45:02.042,86.8900,10
49503879565126,13:45:03.879,86.8800,1
49518414450512,13:45:18.414,86.8600,10
49518414450512,13:45:18.414,86.8600,15
49519378456129,13:45:19.378,86.8700,100
49530906047648,13:45:30.906,86.8800,19
49545735212132,13:45:45.735,86.8700,91
49545735241436,13:45:45.735,86.8700,9
49600669192191,13:46:40.669,86.8600,3
49615128547447,13:46:55.128,86.8500,100
49632070960231,13:47:12.070,86.8400,20
49632083939028,13:47:12.083,86.8300,70
49632084340141,13:47:12.084,86.8300,30
49698876734119,13:48:18.876,86.8300,100
49698877525394,13:48:18.877,86.8300,100
49704262801680,13:48:24.262,86.8400,19
49718543853619,13:48:38.543,86.8400,2
49718543853619,13:48:38.543,86.8400,2
49731831712508,13:48:51.831,86.8400,17
49737363171991,13:48:57.363,86.8400,58
49738895711460,13:48:58.895,86.8400,42
49738895711460,13:48:58.895,86.8400,58
49743497521418,13:49:03.497,86.8500,100
49756786491767,13:49:16.786,86.8400,4
49761332537153,13:49:21.332,86.8300,100
49770447563532,13:49:30.447,86.8300,100
49808592670137,13:50:08.592,86.8400,3
49813505005072,13:50:13.505,86.8600,100
49815742968477,13:50:15.742,86.8700,100
49819396930861,13:50:19.396,86.8800,100
49827569836853,13:50:27.569,86.8800,6
49827569836853,13:50:27.569,86.8800,94
49827570065945,13:50:27.570,86.8800,6
49837059354827,13:50:37.059,86.8800,100
49852875861074,13:50:52.875,86.8900,61
49852875916743,13:50:52.875,86.8900,39
49866697755426,13:51:06.697,86.9300,68
49868919026894,13:51:08.919,86.9200,100
49943552161956,13:52:23.552,86.9200,1
49957595821243,13:52:37.595,86.9100,100
49957595977806,13:52:37.595,86.9100,2
49957595977806,13:52:37.595,86.9100,2
49977068515983,13:52:57.068,86.9200,57
49986146880256,13:53:06.146,86.9100,100
49994987791481,13:53:14.987,86.9200,57
49994987798678,13:53:14.987,86.9200,43
50043384609246,13:54:03.384,86.9500,2
50043385065252,13:54:03.385,86.9500,6
50065014572510,13:54:25.014,86.9800,100
50065014572510,13:54:25.014,86.9800,94
50065014572510,13:54:25.014,86.9800,113
50124343095671,13:55:24.343,86.9500,100
