timestamp,time,price,volume
33747658420642,09:22:27.658,23.7300,100
33747861223943,09:22:27.861,23.7300,100
34200419366962,09:30:00.419,0.0000,0
34374824621093,09:32:54.824,23.7600,100
34374824621093,09:32:54.824,23.7600,200
34388754598190,09:33:08.754,23.7600,100
34408589920499,09:33:28.589,23.7550,100
34408590305215,09:33:28.590,23.7550,100
34408602667779,09:33:28.602,23.7550,100
34408602838656,09:33:28.602,23.7500,100
34408603168464,09:33:28.603,23.7500,100
34408605987571,09:33:28.605,23.7500,100
34408605987571,09:33:28.605,23.7500,200
34408605987571,09:33:28.605,23.7500,100
34429890299758,09:33:49.890,23.7500,100
34429890299758,09:33:49.890,23.7500,100
34429890299758,09:33:49.890,23.7500,100
34439727016825,09:33:59.727,23.7500,40
34449702665802,09:34:09.702,23.7500,10
34460342795996,09:34:20.342,23.7500,5
34460613341705,09:34:20.613,23.7500,200
34510213866381,09:35:10.213,23.7450,300
34514311546603,09:35:14.311,23.7450,300
34524383039535,09:35:24.383,23.7450,200
34531434031205,09:35:31.434,23.7450,100
34534800050693,09:35:34.800,23.7450,100
34536631612782,09:35:36.631,23.7400,100
34536631612782,09:35:36.631,23.7400,100
34547727617221,09:35:47.727,23.7350,400
34547727617221,09:35:47.727,23.7300,100
34547730760273,09:35:47.730,23.7300,100
34547730760273,09:35:47.730,23.7300,100
34547737910228,09:35:47.737,23.7300,100
34547737910228,09:35:47.737,23.7300,100
34642796139983,09:37:22.796,23.7400,200
34642796139983,09:37:22.796,23.7400,100
34645017129741,09:37:25.017,23.7400,200
34717739694755,09:38:37.739,23.7400,100
34717739694755,09:38:37.739,23.7400,100
34717740076276,09:38:37.740,23.7400,125
34717745064229,09:38:37.745,23.7400,75
34717745064229,09:38:37.745,23.7400,125
34717749223951,09:38:37.749,23.7400,200
34798395613082,09:39:58.395,23.7500,100
34798395613082,09:39:58.395,23.7500,100
34798398163105,09:39:58.398,23.7500,200
34834366564705,09:40:34.366,23.7500,100
34895435389824,09:41:35.435,23.7400,100
34924075122678,09:42:04.075,23.7400,100
34924075122678,09:42:04.075,23.7400,100
34924075507682,09:42:04.075,23.7400,100
34924080221581,09:42:04.080,23.7400,200
35110611423739,09:45:10.611,23.7400,100
35177882757163,09:46:17.882,23.7350,300
35756003460527,09:55:56.003,23.7300,100
35756003460527,09:55:56.003,23.7300,100
35887200816288,09:58:07.200,23.7200,100
35887200816288,09:58:07.200,23.7200,100
35887200816288,09:58:07.200,23.7200,100
36020888140496,10:00:20.888,23.7150,400
36020888140496,10:00:20.888,23.7100,100
36020888140496,10:00:20.888,23.7100,100
36114529594394,10:01:54.529,23.7200,100
36114529594394,10:01:54.529,23.7200,100
36114981584041,10:01:54.981,23.7200,200
36114992277658,10:01:54.992,23.7200,100
36166694816648,10:02:46.694,23.7100,74
36166700005646,10:02:46.700,23.7100,226
36166700005646,10:02:46.700,23.7100,100
36166700005646,10:02:46.700,23.7100,100
36228705943409,10:03:48.705,23.7100,100
36228705943409,10:03:48.705,23.7100,100
36228705943409,10:03:48.705,23.7100,100
36228705943409,10:03:48.705,23.7100,100
36228705943409,10:03:48.705,23.7100,300
36228705943409,10:03:48.705,23.7100,200
36228706534490,10:03:48.706,23.7100,100
36249703393089,10:04:09.703,23.7100,100
36249703393089,10:04:09.703,23.7100,100
36249707020497,10:04:09.707,23.7100,100
36249707020497,10:04:09.707,23.7100,100
36249707020497,10:04:09.707,23.7100,100
36461687048061,10:07:41.687,23.7100,100
36461687048061,10:07:41.687,23.7100,100
36461687048061,10:07:41.687,23.7100,100
36461687048061,10:07:41.687,23.7100,100
36464209644612,10:07:44.209,23.7050,100
36702420802040,10:11:42.420,23.7100,230
36702420855440,10:11:42.420,23.7100,170
36727728586715,10:12:07.728,23.7150,200
36844284224004,10:14:04.284,23.7150,400
37011110517481,10:16:51.110,23.7100,100
37011110517481,10:16:51.110,23.7100,100
37011110517481,10:16:51.110,23.7100,100
37011110517481,10:16:51.110,23.7100,41
37011110843521,10:16:51.110,23.7100,159
37310833164669,10:21:50.833,23.7000,100
37310833164669,10:21:50.833,23.7000,100
37310833164669,10:21:50.833,23.7000,100
37310833164669,10:21:50.833,23.7000,100
37310833164669,10:21:50.833,23.7000,12
37310833164669,10:21:50.833,23.7000,100
37310833164669,10:21:50.833,23.7000,100
37310833164669,10:21:50.833,23.7000,88
37310853738057,10:21:50.853,23.7000,100
37310853738057,10:21:50.853,23.7000,100
37329420906754,10:22:09.420,23.7100,400
37329420906754,10:22:09.420,23.7100,100
37563222958116,10:26:03.222,23.7100,149
37563222967351,10:26:03.222,23.7100,1
37563223355657,10:26:03.223,23.7100,350
37649676902337,10:27:29.676,23.7100,500
37736754704630,10:28:56.754,23.7050,200
37736754704630,10:28:56.754,23.7100,100
37736754704630,10:28:56.754,23.7100,500
37736754704630,10:28:56.754,23.7100,100
37736754704630,10:28:56.754,23.7100,100
37736754704630,10:28:56.754,23.7100,100
37736754704630,10:28:56.754,23.7100,300
37802983487906,10:30:02.983,23.7100,500
38053433407452,10:34:13.433,23.7200,100
38053433407452,10:34:13.433,23.7200,100
38053433407452,10:34:13.433,23.7200,800
38066872552228,10:34:26.872,23.7200,100
38066872552228,10:34:26.872,23.7200,500
38066872552228,10:34:26.872,23.7200,100
38066872552228,10:34:26.872,23.7200,100
38066872552228,10:34:26.872,23.7200,100
38066872552228,10:34:26.872,23.7200,500
38066872552228,10:34:26.872,23.7200,100
38066872552228,10:34:26.872,23.7200,500
38066905368587,10:34:26.905,23.7200,200
38067407284403,10:34:27.407,23.7200,100
38134932677782,10:35:34.932,23.7200,100
38134932677782,10:35:34.932,23.7200,300
38135031286189,10:35:35.031,23.7200,200
38185929680009,10:36:25.929,23.7200,26
38185929866258,10:36:25.929,23.7200,74
38211500222212,10:36:51.500,23.7300,100
38211500222212,10:36:51.500,23.7300,100
38211500222212,10:36:51.500,23.7300,100
38211500222212,10:36:51.500,23.7300,300
38211500222212,10:36:51.500,23.7300,500
38211500222212,10:36:51.500,23.7300,600
38231608673996,10:37:11.608,23.7300,100
38231608673996,10:37:11.608,23.7300,100
38231608673996,10:37:11.608,23.7300,500
38264971165338,10:37:44.971,23.7200,500
38264971165338,10:37:44.971,23.7200,12
38306928665750,10:38:26.928,23.7200,100
38306928665750,10:38:26.928,23.7200,100
38306928918070,10:38:26.928,23.7200,400
38848666532776,10:47:28.666,23.7250,200
38848666532776,10:47:28.666,23.7250,400
39032629341984,10:50:32.629,23.7200,500
39032629341984,10:50:32.629,23.7200,500
39045819618735,10:50:45.819,23.7200,39
39048626648585,10:50:48.626,23.7200,61
39048626648585,10:50:48.626,23.7200,100
39048626648585,10:50:48.626,23.7200,100
39048626648585,10:50:48.626,23.7200,600
39122697187016,10:52:02.697,23.7200,39
39179789359608,10:52:59.789,23.7200,57
39179789365315,10:52:59.789,23.7200,336
39179789376447,10:52:59.789,23.7200,168
39179789376447,10:52:59.789,23.7200,2
39179789419811,10:52:59.789,23.7200,98
39179789419811,10:52:59.789,23.7200,100
39430668966656,10:57:10.668,23.7200,100
39430668966656,10:57:10.668,23.7200,100
39430668966656,10:57:10.668,23.7200,600
39430668966656,10:57:10.668,23.7200,100
39430668966656,10:57:10.668,23.7200,100
39515364018667,10:58:35.364,23.7100,100
39515364018667,10:58:35.364,23.7100,100
39526618063928,10:58:46.618,23.7100,100
39526618063928,10:58:46.618,23.7100,100
39526618063928,10:58:46.618,23.7100,100
39526618063928,10:58:46.618,23.7100,100
39526618063928,10:58:46.618,23.7100,300
39526618124455,10:58:46.618,23.7100,168
39526618147742,10:58:46.618,23.7100,132
39526618147742,10:58:46.618,23.7100,263
39600261160235,11:00:00.261,23.7200,100
39600361638531,11:00:00.361,23.7250,100
39663392050172,11:01:03.392,23.7300,362
39663395645139,11:01:03.395,23.7300,38
39663751810009,11:01:03.751,23.7400,100
39663751810009,11:01:03.751,23.7400,200
39663751810009,11:01:03.751,23.7400,100
39663751810009,11:01:03.751,23.7350,400
39666852439064,11:01:06.852,23.7400,200
39688975689779,11:01:28.975,23.7400,100
39688975689779,11:01:28.975,23.7400,600
39691936198110,11:01:31.936,23.7400,100
39724780043171,11:02:04.780,23.7450,100
39726225043577,11:02:06.225,23.7450,100
39726844038908,11:02:06.844,23.7450,100
39776124433342,11:02:56.124,23.7400,100
39776124433342,11:02:56.124,23.7400,600
39776124433342,11:02:56.124,23.7400,100
39776136829794,11:02:56.136,23.7400,100
39776136829794,11:02:56.136,23.7400,100
39776150760035,11:02:56.150,23.7400,100
39776155493182,11:02:56.155,23.7400,200
39776166123610,11:02:56.166,23.7400,200
39776166123610,11:02:56.166,23.7400,100
39791321077522,11:03:11.321,23.7350,200
39795837044569,11:03:15.837,23.7350,200
39798561041783,11:03:18.561,23.7350,200
39913545861557,11:05:13.545,23.7300,100
39913646425444,11:05:13.646,23.7250,90
39958968627028,11:05:58.968,23.7200,100
39958968627028,11:05:58.968,23.7200,100
39958968627028,11:05:58.968,23.7200,100
40112466737284,11:08:32.466,23.7150,100
40227538312092,11:10:27.538,23.7150,100
40281187445808,11:11:21.187,23.7100,100
40281187445808,11:11:21.187,23.7100,100
40281187445808,11:11:21.187,23.7100,900
40299756689565,11:11:39.756,23.7100,100
40299756689565,11:11:39.756,23.7100,100
40299756689565,11:11:39.756,23.7100,600
40506465379512,11:15:06.465,23.7150,100
40547109213476,11:15:47.109,23.7150,100
40549881437333,11:15:49.881,23.7150,100
41154572055128,11:25:54.572,23.7150,300
41171628001664,11:26:11.628,23.7050,300
41284349479915,11:28:04.349,23.7100,100
41327547293532,11:28:47.547,23.7150,300
41527754963880,11:32:07.754,23.7100,100
41527754963880,11:32:07.754,23.7100,85
41538511017990,11:32:18.511,23.7100,100
41538511017990,11:32:18.511,23.7100,100
41583091994838,11:33:03.091,23.7050,200
41698190279025,11:34:58.190,23.7100,400
41698190279025,11:34:58.190,23.7100,300
42271173826031,11:44:31.173,23.7000,100
42271283494205,11:44:31.283,23.7050,90
42271283494205,11:44:31.283,23.7050,110
42357088005269,11:45:57.088,23.7050,200
42454689076535,11:47:34.689,23.7050,2
42470343535418,11:47:50.343,23.7050,2
42481522834233,11:48:01.522,23.7000,100
42535349538318,11:48:55.349,23.7050,3
42758873322100,11:52:38.873,23.7050,2
42898874218331,11:54:58.874,23.7050,2
42943874354785,11:55:43.874,23.7050,2
43089596151381,11:58:09.596,23.7100,100
43089596151381,11:58:09.596,23.7100,100
43089596151381,11:58:09.596,23.7100,100
43089596151381,11:58:09.596,23.7100,600
43089596151381,11:58:09.596,23.7100,100
43155192286030,11:59:15.192,23.7150,200
43155192286030,11:59:15.192,23.7150,400
43155192286030,11:59:15.192,23.7200,100
44110884241359,12:15:10.884,23.7200,100
44110884241359,12:15:10.884,23.7200,100
44110884241359,12:15:10.884,23.7200,500
44110884241359,12:15:10.884,23.7200,200
44110884241359,12:15:10.884,23.7200,300
44111501029045,12:15:11.501,23.7250,400
44112001021799,12:15:12.001,23.7250,208
44112001022434,12:15:12.001,23.7250,192
44112501024057,12:15:12.501,23.7250,180
44159306905661,12:15:59.306,23.7250,400
44159306905661,12:15:59.306,23.7250,162
44609414565015,12:23:29.414,23.7200,200
44630403007677,12:23:50.403,23.7150,200
44641080085698,12:24:01.080,23.7150,100
44702714750929,12:25:02.714,23.7200,100
44702714750929,12:25:02.714,23.7200,100
44702714750929,12:25:02.714,23.7200,100
44702714750929,12:25:02.714,23.7200,100
44702714750929,12:25:02.714,23.7200,700
44702714750929,12:25:02.714,23.7200,400
44702714750929,12:25:02.714,23.7200,200
44702721383289,12:25:02.721,23.7200,100
44702721383289,12:25:02.721,23.7200,700
44702727116106,12:25:02.727,23.7200,100
44702727116106,12:25:02.727,23.7200,700
45140696861701,12:32:20.696,23.7200,100
45140696904140,12:32:20.696,23.7200,200
45260894935514,12:34:20.894,23.7100,100
45381098899644,12:36:21.098,23.7100,100
45411154612963,12:36:51.154,23.7100,100
45420698901649,12:37:00.698,23.7100,100
45446895037228,12:37:26.895,23.7150,200
45767071645588,12:42:47.071,23.7200,85
46485239006727,12:54:45.239,23.7150,400
46485739007101,12:54:45.739,23.7150,184
47211520633672,13:06:51.520,23.7200,15
47211520633672,13:06:51.520,23.7200,100
47211520633672,13:06:51.520,23.7200,100
47211520633672,13:06:51.520,23.7200,100
47211520633672,13:06:51.520,23.7200,195
48045755520611,13:20:45.755,23.7100,100
48045755520611,13:20:45.755,23.7100,10
48045755520611,13:20:45.755,23.7100,88
48045755537480,13:20:45.755,23.7100,40
48045755537480,13:20:45.755,23.7100,23
48045755537480,13:20:45.755,23.7100,100
48045762603837,13:20:45.762,23.7100,60
48777416690025,13:32:57.416,23.7100,18
48777416690025,13:32:57.416,23.7100,100
48777416690025,13:32:57.416,23.7100,100
49474858250317,13:44:34.858,23.7100,100
49474858250317,13:44:34.858,23.7100,100
49474858250317,13:44:34.858,23.7100,143
50358611723100,13:59:18.611,23.7000,100
50392500306311,13:59:52.500,23.7000,13
50397260139583,13:59:57.260,23.6950,200
50397260139583,13:59:57.260,23.7000,87
50397260139583,13:59:57.260,23.7000,100
50397261295583,13:59:57.261,23.7000,100
50397261761097,13:59:57.261,23.7000,100
50406729689811,14:00:06.729,23.7000,100
50406729689811,14:00:06.729,23.7000,200
50408990416613,14:00:08.990,23.7100,50
50408990416613,14:00:08.990,23.7100,329
50408990434252,14:00:08.990,23.7100,71
50408990434252,14:00:08.990,23.7100,300
50408990434252,14:00:08.990,23.7100,300
50409976322163,14:00:09.976,23.7200,100
50411280712239,14:00:11.280,23.7300,600
50411280712239,14:00:11.280,23.7300,200
50411281001964,14:00:11.281,23.7300,169
50411281008459,14:00:11.281,23.7300,31
50411281008459,14:00:11.281,23.7300,100
50411281008459,14:00:11.281,23.7300,37
50413010071847,14:00:13.010,23.7300,200
50413739545919,14:00:13.739,23.7400,434
50413739728288,14:00:13.739,23.7400,168
50413740190033,14:00:13.740,23.7400,142
50413743157274,14:00:13.743,23.7400,200
50413752187672,14:00:13.752,23.7400,56
50413758377818,14:00:13.758,23.7500,300
50413758377818,14:00:13.758,23.7500,200
50413758521867,14:00:13.758,23.7500,100
50413758641232,14:00:13.758,23.7500,100
50413758770113,14:00:13.758,23.7500,100
50413761059604,14:00:13.761,23.7600,100
50413786983685,14:00:13.786,23.7600,500
50435383129999,14:00:35.383,23.7500,100
50451066297309,14:00:51.066,23.7700,100
50451066912542,14:00:51.066,23.7700,200
50451066912542,14:00:51.066,23.7700,100
50451067055642,14:00:51.067,23.7700,22
50451067731929,14:00:51.067,23.7700,78
50451067731929,14:00:51.067,23.7700,100
50451067731929,14:00:51.067,23.7700,100
50451067731929,14:00:51.067,23.7700,22
50451067832864,14:00:51.067,23.7700,100
50451067927127,14:00:51.067,23.7700,100
50451068020991,14:00:51.068,23.7700,100
50451068106777,14:00:51.068,23.7700,100
50451068197576,14:00:51.068,23.7700,100
50451068525382,14:00:51.068,23.7700,100
50451068609854,14:00:51.068,23.7700,78
50468223123764,14:01:08.223,23.7900,200
50476102209476,14:01:16.102,23.7800,100
50478150544590,14:01:18.150,23.7800,400
50480198978070,14:01:20.198,23.7800,150
50480481452638,14:01:20.481,23.7800,40
50480923250440,14:01:20.923,23.7800,60
50481413376392,14:01:21.413,23.7800,100
50484698676970,14:01:24.698,23.7800,100
50531763383895,14:02:11.763,23.7800,200
50531763383895,14:02:11.763,23.7800,200
50539114191636,14:02:19.114,23.7700,100
50582346834565,14:03:02.346,23.7800,46
50582346909700,14:03:02.346,23.7800,54
50582346909700,14:03:02.346,23.7800,500
50599029229557,14:03:19.029,23.7900,88
50614562908854,14:03:34.562,23.7950,200
50614562908854,14:03:34.562,23.8000,300
50628585163575,14:03:48.585,23.8100,100
50640634252660,14:04:00.634,23.8000,20
50646521180348,14:04:06.521,23.8100,200
50708029077236,14:05:08.029,23.8400,15
50728659668040,14:05:28.659,23.8300,40
50728659697707,14:05:28.659,23.8300,100
50728659983044,14:05:28.659,23.8300,360
50729991175612,14:05:29.991,23.8350,200
50729991175612,14:05:29.991,23.8400,100
50732540697835,14:05:32.540,23.8500,100
50732548338515,14:05:32.548,23.8500,100
50732548355502,14:05:32.548,23.8500,100
50732548385955,14:05:32.548,23.8500,200
50732548472754,14:05:32.548,23.8500,100
50732548472754,14:05:32.548,23.8500,100
50732548472754,14:05:32.548,23.8500,100
50732548813721,14:05:32.548,23.8500,100
50732548861637,14:05:32.548,23.8500,100
50732548861637,14:05:32.548,23.8500,100
50770108059382,14:06:10.108,23.8600,200
50770108059382,14:06:10.108,23.8600,100
50770108059382,14:06:10.108,23.8600,200
50799239220149,14:06:39.239,23.8600,5
50819851134404,14:06:59.851,23.8600,100
50832859787812,14:07:12.859,23.8600,100
50835399404109,14:07:15.399,23.8600,100
50835399433289,14:07:15.399,23.8600,100
50861557817550,14:07:41.557,23.8500,200
50861558226657,14:07:41.558,23.8500,300
50862050642680,14:07:42.050,23.8500,100
50879387006243,14:07:59.387,23.8500,100
50928819085148,14:08:48.819,23.8450,200
50928819085148,14:08:48.819,23.8500,600
50929068623456,14:08:49.068,23.8500,500
50984128086848,14:09:44.128,23.8500,100
51004869570097,14:10:04.869,23.8400,500
51007413210573,14:10:07.413,23.8500,326
51007413211704,14:10:07.413,23.8500,174
51007413211704,14:10:07.413,23.8500,400
51040646438455,14:10:40.646,23.8400,100
51040646438455,14:10:40.646,23.8400,100
51040646438455,14:10:40.646,23.8400,212
51040646473496,14:10:40.646,23.8400,288
51059267869088,14:10:59.267,23.8500,178
51059267911119,14:10:59.267,23.8500,322
51059267911119,14:10:59.267,23.8500,100
51077402439490,14:11:17.402,23.8600,100
51077402439490,14:11:17.402,23.8600,100
51089133145148,14:11:29.133,23.8700,100
51089133145148,14:11:29.133,23.8700,100
51102246090872,14:11:42.246,23.8600,600
51102246090872,14:11:42.246,23.8600,200
51102246090872,14:11:42.246,23.8600,1000
51102246090872,14:11:42.246,23.8600,200
51112136104103,14:11:52.136,23.8600,200
51112136138773,14:11:52.136,23.8600,700
51112136138773,14:11:52.136,23.8600,600
51112136177773,14:11:52.136,23.8600,100
51112325304283,14:11:52.325,23.8550,200
51112325304283,14:11:52.325,23.8600,100
51112325304283,14:11:52.325,23.8600,100
51112325304283,14:11:52.325,23.8600,100
51112325304283,14:11:52.325,23.8600,100
51112325304283,14:11:52.325,23.8600,300
51164967027622,14:12:44.967,23.8600,200
51164967027622,14:12:44.967,23.8600,100
51164967027622,14:12:44.967,23.8600,200
51164967027622,14:12:44.967,23.8600,100
51170903936172,14:12:50.903,23.8700,600
51170903936172,14:12:50.903,23.8700,100
51234881333510,14:13:54.881,23.8700,100
51234881333510,14:13:54.881,23.8700,600
51256278119439,14:14:16.278,23.8800,100
51256278119439,14:14:16.278,23.8800,100
51256278119439,14:14:16.278,23.8800,100
51256278119439,14:14:16.278,23.8800,400
51307011989320,14:15:07.011,23.8800,591
51307012007401,14:15:07.012,23.8800,9
51308596079909,14:15:08.596,23.8800,100
51372449853097,14:16:12.449,23.8900,1000
51417968849416,14:16:57.968,23.8900,600
51421815006167,14:17:01.815,23.8850,100
51423781530728,14:17:03.781,23.8850,200
51423781530728,14:17:03.781,23.8850,400
51423781530728,14:17:03.781,23.8850,100
51423781530728,14:17:03.781,23.8900,100
51423781530728,14:17:03.781,23.8900,100
51423781530728,14:17:03.781,23.8900,100
51423781530728,14:17:03.781,23.8900,200
51423781530728,14:17:03.781,23.8900,100
51423781530728,14:17:03.781,23.8900,100
51423781530728,14:17:03.781,23.8900,600
51423781530728,14:17:03.781,23.8900,100
51423781530728,14:17:03.781,23.8900,100
51423781530728,14:17:03.781,23.8900,200
51423781530728,14:17:03.781,23.8900,200
51423781530728,14:17:03.781,23.8900,100
51423781530728,14:17:03.781,23.9000,200
51423781530728,14:17:03.781,23.9000,200
51423781530728,14:17:03.781,23.9000,200
51423781530728,14:17:03.781,23.9000,100
51423781530728,14:17:03.781,23.9000,100
51423781530728,14:17:03.781,23.9000,65
51423781530728,14:17:03.781,23.9000,100
51423785869265,14:17:03.785,23.9000,200
51477614294844,14:17:57.614,23.9100,100
51477614294844,14:17:57.614,23.9100,100
51517983953181,14:18:37.983,23.9100,582
51546887219501,14:19:06.887,23.9100,54
51546887227251,14:19:06.887,23.9100,46
51559380427188,14:19:19.380,23.9150,210
51559380450291,14:19:19.380,23.9150,190
51559380744067,14:19:19.380,23.9100,100
51559380744067,14:19:19.380,23.9100,100
51559380744067,14:19:19.380,23.9100,100
51559380744067,14:19:19.380,23.9100,200
51559380805513,14:19:19.380,23.9100,400
51571004668349,14:19:31.004,23.9100,100
51571006832957,14:19:31.006,23.9100,100
51571006832957,14:19:31.006,23.9100,100
51635696524661,14:20:35.696,23.9100,100
51654264359566,14:20:54.264,23.9100,100
51654264652097,14:20:54.264,23.9100,100
51654270017086,14:20:54.270,23.9100,100
51677012805251,14:21:17.012,23.9200,200
51724156635316,14:22:04.156,23.9300,100
51724156635316,14:22:04.156,23.9300,200
51785223300720,14:23:05.223,23.9350,400
51785223300720,14:23:05.223,23.9350,200
51802735277185,14:23:22.735,23.9400,100
51802735277185,14:23:22.735,23.9400,100
51802735277185,14:23:22.735,23.9400,200
51802735277185,14:23:22.735,23.9400,100
51802746201758,14:23:22.746,23.9450,100
51805742967798,14:23:25.742,23.9500,25
51805742967798,14:23:25.742,23.9500,200
51805742967798,14:23:25.742,23.9500,1000
51805742967798,14:23:25.742,23.9500,100
51820156099467,14:23:40.156,23.9400,100
51820156099467,14:23:40.156,23.9400,100
51820156099467,14:23:40.156,23.9400,200
51820156099467,14:23:40.156,23.9400,100
51820156099467,14:23:40.156,23.9400,100
51820156099467,14:23:40.156,23.9400,300
51826991475055,14:23:46.991,23.9400,100
51826991475055,14:23:46.991,23.9400,100
51826991475055,14:23:46.991,23.9400,100
51826991475055,14:23:46.991,23.9400,200
51826991475055,14:23:46.991,23.9400,100
51826991475055,14:23:46.991,23.9400,500
51826991475055,14:23:46.991,23.9400,100
51826991475055,14:23:46.991,23.9400,100
51826991475055,14:23:46.991,23.9400,100
51826991475055,14:23:46.991,23.9400,200
51826991475055,14:23:46.991,23.9400,100
51826991475055,14:23:46.991,23.9400,100
51826991475055,14:23:46.991,23.9400,200
51826991475055,14:23:46.991,23.9400,800
51826998203667,14:23:46.998,23.9400,200
51827360131827,14:23:47.360,23.9400,300
51841298699580,14:24:01.298,23.9500,300
51899858364156,14:24:59.858,23.9300,100
51912135666460,14:25:12.135,23.9300,200
51912135666460,14:25:12.135,23.9300,100
52000070727029,14:26:40.070,23.9300,37
52024150302015,14:27:04.150,23.9200,100
52075853698364,14:27:55.853,23.9100,100
52083632455528,14:28:03.632,23.9100,500
52106421501817,14:28:26.421,23.9150,400
52106421501817,14:28:26.421,23.9150,200
52106421528448,14:28:26.421,23.9200,200
52106421528448,14:28:26.421,23.9200,100
52106421528448,14:28:26.421,23.9200,100
52106421528448,14:28:26.421,23.9200,100
52106421528448,14:28:26.421,23.9200,100
52106421528448,14:28:26.421,23.9200,100
52106421528448,14:28:26.421,23.9200,100
52106421528448,14:28:26.421,23.9200,800
52106421904151,14:28:26.421,23.9200,100
52106421904151,14:28:26.421,23.9200,100
52106421904151,14:28:26.421,23.9200,100
52106435814336,14:28:26.435,23.9200,400
52106435814336,14:28:26.435,23.9200,100
52106435814336,14:28:26.435,23.9200,100
52106436198012,14:28:26.436,23.9200,100
52106436198012,14:28:26.436,23.9200,100
52106436198012,14:28:26.436,23.9200,400
52106436486959,14:28:26.436,23.9200,100
52106436486959,14:28:26.436,23.9200,100
52106436845722,14:28:26.436,23.9200,100
52106436845722,14:28:26.436,23.9200,200
52106436965686,14:28:26.436,23.9200,300
52106436965686,14:28:26.436,23.9200,100
52106437245902,14:28:26.437,23.9200,100
52106437245902,14:28:26.437,23.9200,200
52106437383848,14:28:26.437,23.9200,100
52106437638032,14:28:26.437,23.9200,100
52106437762849,14:28:26.437,23.9200,100
52106437762849,14:28:26.437,23.9200,200
52106438194311,14:28:26.438,23.9200,100
52106438573122,14:28:26.438,23.9200,100
52106439378100,14:28:26.439,23.9300,100
52106439378100,14:28:26.439,23.9300,100
52106439378100,14:28:26.439,23.9300,200
52106439378100,14:28:26.439,23.9300,100
52106439378100,14:28:26.439,23.9300,500
52106439378100,14:28:26.439,23.9300,100
52106439378100,14:28:26.439,23.9300,200
52106439378100,14:28:26.439,23.9300,200
52106439378100,14:28:26.439,23.9300,100
52106440080119,14:28:26.440,23.9300,100
52106440080119,14:28:26.440,23.9300,100
52106440080119,14:28:26.440,23.9300,100
52106440080119,14:28:26.440,23.9300,100
52106440080119,14:28:26.440,23.9300,100
52106440080119,14:28:26.440,23.9300,200
52106440599454,14:28:26.440,23.9300,100
52106440599454,14:28:26.440,23.9300,500
52106440599454,14:28:26.440,23.9300,200
52106440599454,14:28:26.440,23.9300,100
52108971744068,14:28:28.971,23.9300,100
52108971744068,14:28:28.971,23.9300,100
52108971744068,14:28:28.971,23.9300,382
52108971761368,14:28:28.971,23.9300,218
52111808961937,14:28:31.808,23.9250,400
52111808961937,14:28:31.808,23.9250,200
52111808964438,14:28:31.808,23.9300,100
52111808964438,14:28:31.808,23.9300,200
52111808964438,14:28:31.808,23.9300,500
52111808964438,14:28:31.808,23.9300,100
52111809332984,14:28:31.809,23.9300,100
52111809332984,14:28:31.809,23.9300,100
52111818067476,14:28:31.818,23.9300,400
52111824065010,14:28:31.824,23.9400,200
52111824065010,14:28:31.824,23.9400,500
52111824065010,14:28:31.824,23.9400,400
52111824065010,14:28:31.824,23.9400,200
52111824065010,14:28:31.824,23.9400,200
52112371246805,14:28:32.371,23.9400,56
52112373551139,14:28:32.373,23.9400,1600
52115907018200,14:28:35.907,23.9400,582
52115907071573,14:28:35.907,23.9400,400
52115907450016,14:28:35.907,23.9400,100
52136238462489,14:28:56.238,23.9350,200
52136238508310,14:28:56.238,23.9400,200
52136238508310,14:28:56.238,23.9400,100
52136238508310,14:28:56.238,23.9400,100
52136238508310,14:28:56.238,23.9400,500
52136238508310,14:28:56.238,23.9400,100
52136238508310,14:28:56.238,23.9400,100
52136238888062,14:28:56.238,23.9400,100
52136239099994,14:28:56.239,23.9400,100
52136239151584,14:28:56.239,23.9400,200
52136253024905,14:28:56.253,23.9400,500
52136253024905,14:28:56.253,23.9400,100
52136253024905,14:28:56.253,23.9400,100
52136903075712,14:28:56.903,23.9400,1900
52164929667372,14:29:24.929,23.9300,100
52164929827319,14:29:24.929,23.9300,100
52276455975272,14:31:16.455,23.9400,400
52281359534444,14:31:21.359,23.9400,100
52312407129266,14:31:52.407,23.9400,63
52312407141455,14:31:52.407,23.9400,137
52377019346192,14:32:57.019,23.9450,400
52377019346192,14:32:57.019,23.9400,100
52377019346192,14:32:57.019,23.9400,100
52377019346192,14:32:57.019,23.9400,100
52377019346192,14:32:57.019,23.9400,200
52377019346192,14:32:57.019,23.9400,200
52377019346192,14:32:57.019,23.9400,100
52377019346192,14:32:57.019,23.9400,100
52377019346192,14:32:57.019,23.9400,100
52377020455096,14:32:57.020,23.9400,100
52377021529057,14:32:57.021,23.9400,200
52377021703420,14:32:57.021,23.9400,200
52377021703420,14:32:57.021,23.9400,100
52377021703420,14:32:57.021,23.9400,300
52377021703420,14:32:57.021,23.9400,100
52377021703420,14:32:57.021,23.9400,100
52377021703420,14:32:57.021,23.9400,100
52466536459378,14:34:26.536,23.9400,100
52466536459378,14:34:26.536,23.9400,100
52466536459378,14:34:26.536,23.9400,200
52466536459378,14:34:26.536,23.9400,100
52466536459378,14:34:26.536,23.9400,500
52466536459378,14:34:26.536,23.9400,200
52466536459378,14:34:26.536,23.9400,100
52466536570386,14:34:26.536,23.9450,200
52466536769214,14:34:26.536,23.9400,100
52466536769214,14:34:26.536,23.9400,100
52466536769214,14:34:26.536,23.9400,100
52466536822456,14:34:26.536,23.9400,100
52466536822456,14:34:26.536,23.9400,100
52466536867524,14:34:26.536,23.9400,100
52466536875563,14:34:26.536,23.9400,100
52466536962220,14:34:26.536,23.9400,137
52466536978958,14:34:26.536,23.9400,163
52466536978958,14:34:26.536,23.9400,37
52472493031539,14:34:32.493,23.9450,100
52473303037008,14:34:33.303,23.9450,100
52474778860753,14:34:34.778,23.9400,63
52474778860753,14:34:34.778,23.9400,100
52474778860753,14:34:34.778,23.9400,100
52474778860753,14:34:34.778,23.9400,200
52474778860753,14:34:34.778,23.9400,100
52496881378216,14:34:56.881,23.9400,200
52496881378216,14:34:56.881,23.9400,300
52496881416300,14:34:56.881,23.9400,200
52504141024563,14:35:04.141,23.9450,100
52505828024818,14:35:05.828,23.9450,100
52514997019950,14:35:14.997,23.9450,100
52519005019238,14:35:19.005,23.9450,100
52575938303552,14:36:15.938,23.9200,100
52575938303552,14:36:15.938,23.9200,200
52575938303552,14:36:15.938,23.9200,100
52575938303552,14:36:15.938,23.9200,100
52575938303552,14:36:15.938,23.9200,100
52578576511322,14:36:18.576,23.9200,100
52578576511322,14:36:18.576,23.9200,200
52578576511322,14:36:18.576,23.9200,400
52642602562825,14:37:22.602,23.9300,100
52642602562825,14:37:22.602,23.9300,200
52642602562825,14:37:22.602,23.9300,100
52678436941015,14:37:58.436,23.9400,299
52678436991413,14:37:58.436,23.9400,1
52678436991413,14:37:58.436,23.9400,100
52678436991413,14:37:58.436,23.9400,262
52678437024385,14:37:58.437,23.9400,238
52728237660894,14:38:48.237,23.9500,100
52728237660894,14:38:48.237,23.9500,100
52770338734986,14:39:30.338,23.9400,100
52770338734986,14:39:30.338,23.9400,100
52770338734986,14:39:30.338,23.9400,200
52770343928736,14:39:30.343,23.9400,200
52772094598451,14:39:32.094,23.9400,200
52776955498606,14:39:36.955,23.9400,600
52790076045262,14:39:50.076,23.9500,200
52790076045262,14:39:50.076,23.9500,100
52790076045262,14:39:50.076,23.9500,100
52790076752046,14:39:50.076,23.9500,100
52790076752046,14:39:50.076,23.9500,400
52790076752046,14:39:50.076,23.9500,300
52883945190825,14:41:23.945,23.9500,10
52940490808818,14:42:20.490,23.9500,200
52973295681181,14:42:53.295,23.9600,200
52973295681181,14:42:53.295,23.9600,100
52986903573406,14:43:06.903,23.9500,100
52986903573406,14:43:06.903,23.9500,400
52991143071853,14:43:11.143,23.9500,100
52991143071853,14:43:11.143,23.9500,100
52991143071853,14:43:11.143,23.9500,200
52991143071853,14:43:11.143,23.9500,100
52993518951276,14:43:13.518,23.9500,100
52993518951276,14:43:13.518,23.9500,400
52993518951276,14:43:13.518,23.9500,100
52995071145540,14:43:15.071,23.9500,100
53001735719340,14:43:21.735,23.9450,500
53001736588361,14:43:21.736,23.9450,100
53015969673423,14:43:35.969,23.9500,200
53015969673423,14:43:35.969,23.9500,100
53015969673423,14:43:35.969,23.9500,100
53099000017669,14:44:59.000,23.9500,600
53099000017669,14:44:59.000,23.9500,100
53101877418551,14:45:01.877,23.9500,331
53101877430960,14:45:01.877,23.9500,69
53189262895864,14:46:29.262,23.9550,100
53240396395470,14:47:20.396,23.9700,3
53262064036707,14:47:42.064,23.9700,200
53373174570608,14:49:33.174,23.9600,100
53373174754848,14:49:33.174,23.9550,200
53445074866706,14:50:45.074,23.9400,100
53445074866706,14:50:45.074,23.9400,100
53465120592108,14:51:05.120,23.9300,100
53465120592108,14:51:05.120,23.9300,100
53545706602414,14:52:25.706,23.9200,800
53545706602414,14:52:25.706,23.9200,400
53545706602414,14:52:25.706,23.9200,100
53545706602414,14:52:25.706,23.9200,100
53545707593345,14:52:25.707,23.9200,100
53545707593345,14:52:25.707,23.9200,100
53545707593345,14:52:25.707,23.9200,100
53545708417040,14:52:25.708,23.9200,100
53548466133127,14:52:28.466,23.9200,100
53578948610257,14:52:58.948,23.9250,100
53578948610257,14:52:58.948,23.9200,100
53578948610257,14:52:58.948,23.9200,600
53578948610257,14:52:58.948,23.9200,300
53578948610257,14:52:58.948,23.9200,100
53578948610257,14:52:58.948,23.9200,100
53578948610257,14:52:58.948,23.9200,100
53578948610257,14:52:58.948,23.9200,600
53578948610257,14:52:58.948,23.9200,400
53578948610257,14:52:58.948,23.9200,100
53578948610257,14:52:58.948,23.9200,600
53578948610257,14:52:58.948,23.9200,100
53578948610257,14:52:58.948,23.9200,100
53578949190600,14:52:58.949,23.9200,100
53578949190600,14:52:58.949,23.9200,500
53605811935866,14:53:25.811,23.9200,100
53605811935866,14:53:25.811,23.9200,400
53605811935866,14:53:25.811,23.9200,200
53605811935866,14:53:25.811,23.9200,100
53605811935866,14:53:25.811,23.9200,800
53605914650597,14:53:25.914,23.9200,400
53605914650597,14:53:25.914,23.9200,100
53605914650597,14:53:25.914,23.9200,100
53605914650597,14:53:25.914,23.9200,200
53606074570262,14:53:26.074,23.9200,100
53626222433447,14:53:46.222,23.9200,200
53626222433447,14:53:46.222,23.9200,200
53628611136242,14:53:48.611,23.9250,100
53628611136242,14:53:48.611,23.9250,800
53628611136242,14:53:48.611,23.9200,600
53628611136242,14:53:48.611,23.9200,300
53628611136242,14:53:48.611,23.9200,100
53628611136242,14:53:48.611,23.9200,200
53628611136242,14:53:48.611,23.9200,100
53628612211423,14:53:48.612,23.9200,100
53628612211423,14:53:48.612,23.9200,200
53629635154469,14:53:49.635,23.9200,200
53629635154469,14:53:49.635,23.9200,100
53629635154469,14:53:49.635,23.9200,100
53629635154469,14:53:49.635,23.9200,200
53629635154469,14:53:49.635,23.9200,100
53629635326346,14:53:49.635,23.9200,100
53629635326346,14:53:49.635,23.9200,600
53629635992188,14:53:49.635,23.9200,400
53629635992188,14:53:49.635,23.9200,100
53629635992188,14:53:49.635,23.9200,100
53629636110947,14:53:49.636,23.9200,100
53629636110947,14:53:49.636,23.9200,100
53629636317120,14:53:49.636,23.9200,100
53629636360689,14:53:49.636,23.9200,100
53629636391974,14:53:49.636,23.9200,100
53629636460023,14:53:49.636,23.9200,100
53629636460023,14:53:49.636,23.9200,600
53629636460023,14:53:49.636,23.9200,100
53635838559562,14:53:55.838,23.9200,100
53635838559562,14:53:55.838,23.9200,100
53636768977938,14:53:56.768,23.9200,100
53650051386034,14:54:10.051,23.9200,200
53650051386034,14:54:10.051,23.9200,100
53650051386034,14:54:10.051,23.9200,100
53650051386034,14:54:10.051,23.9200,100
53650051386034,14:54:10.051,23.9200,100
53650051386034,14:54:10.051,23.9200,600
53650051386034,14:54:10.051,23.9200,100
53650051386034,14:54:10.051,23.9200,400
53650051577626,14:54:10.051,23.9200,100
53650051824712,14:54:10.051,23.9200,100
53650051969959,14:54:10.051,23.9200,100
53650052446751,14:54:10.052,23.9200,400
53650052446751,14:54:10.052,23.9200,100
53650052446751,14:54:10.052,23.9200,100
53650230582501,14:54:10.230,23.9200,100
53683099651175,14:54:43.099,23.9100,800
53683099651175,14:54:43.099,23.9100,400
53683099651175,14:54:43.099,23.9100,100
53683099651175,14:54:43.099,23.9100,100
53683099878760,14:54:43.099,23.9100,100
53683099978091,14:54:43.099,23.9100,100
53683100120303,14:54:43.100,23.9100,100
53683100145691,14:54:43.100,23.9100,100
53683100184579,14:54:43.100,23.9100,100
53684531413074,14:54:44.531,23.9100,400
53684531413074,14:54:44.531,23.9100,100
53684531413074,14:54:44.531,23.9100,100
53684531413074,14:54:44.531,23.9100,100
53684531413074,14:54:44.531,23.9100,100
53684531413074,14:54:44.531,23.9100,300
53684531413074,14:54:44.531,23.9100,100
53684531413074,14:54:44.531,23.9100,210
53684531413074,14:54:44.531,23.9100,100
53684531413074,14:54:44.531,23.9100,100
53684531413074,14:54:44.531,23.9100,190
53684531519895,14:54:44.531,23.9100,10
53695175040925,14:54:55.175,23.9100,200
53695175040925,14:54:55.175,23.9100,100
53695175040925,14:54:55.175,23.9100,600
53695175040925,14:54:55.175,23.9100,100
53789710017296,14:56:29.710,23.9200,100
53789710017296,14:56:29.710,23.9200,74
53789710584665,14:56:29.710,23.9200,226
53801771340935,14:56:41.771,23.9300,100
53823982210483,14:57:03.982,23.9300,6
53823982221795,14:57:03.982,23.9300,94
53823982221795,14:57:03.982,23.9300,75
53823982264702,14:57:03.982,23.9300,25
53823982264702,14:57:03.982,23.9300,300
53940917905782,14:59:00.917,23.9300,100
53940917905782,14:59:00.917,23.9300,37
53940918566790,14:59:00.918,23.9300,100
53940918566790,14:59:00.918,23.9300,700
53940918566790,14:59:00.918,23.9300,200
53940920858772,14:59:00.920,23.9300,500
54139275598980,15:02:19.275,23.9350,800
54139275598980,15:02:19.275,23.9400,100
54139275598980,15:02:19.275,23.9400,100
54139275598980,15:02:19.275,23.9400,200
54139275598980,15:02:19.275,23.9400,500
54139275598980,15:02:19.275,23.9400,200
54139275598980,15:02:19.275,23.9400,100
54139275617802,15:02:19.275,23.9400,100
54139275617802,15:02:19.275,23.9400,500
54139275617802,15:02:19.275,23.9400,100
54139275617802,15:02:19.275,23.9400,100
54139275617802,15:02:19.275,23.9400,100
54139275793739,15:02:19.275,23.9400,200
54139275793739,15:02:19.275,23.9400,244
54139275833795,15:02:19.275,23.9400,200
54139275902703,15:02:19.275,23.9400,200
54139275932319,15:02:19.275,23.9400,200
54139276104698,15:02:19.276,23.9400,156
54146616784904,15:02:26.616,23.9400,700
54146616784904,15:02:26.616,23.9400,100
54146616784904,15:02:26.616,23.9400,400
54146616784904,15:02:26.616,23.9400,100
54190657415541,15:03:10.657,23.9400,100
54190657415541,15:03:10.657,23.9400,200
54190657449732,15:03:10.657,23.9400,100
54191378134127,15:03:11.378,23.9400,100
54191378134127,15:03:11.378,23.9400,300
54193058993767,15:03:13.058,23.9400,100
54193058993767,15:03:13.058,23.9400,700
54246636323954,15:04:06.636,23.9300,100
54303946174446,15:05:03.946,23.9250,800
54303946174446,15:05:03.946,23.9200,200
54303946174446,15:05:03.946,23.9200,100
54303946174446,15:05:03.946,23.9200,100
54303946174446,15:05:03.946,23.9200,100
54303946174446,15:05:03.946,23.9200,100
54303946174446,15:05:03.946,23.9200,700
54303946340214,15:05:03.946,23.9200,100
54303947219841,15:05:03.947,23.9200,100
54303947241498,15:05:03.947,23.9200,100
54304628738721,15:05:04.628,23.9200,500
54308078461476,15:05:08.078,23.9100,100
54308078461476,15:05:08.078,23.9100,600
54308078461476,15:05:08.078,23.9100,400
54308079617375,15:05:08.079,23.9100,100
54308079617375,15:05:08.079,23.9100,400
54308079617375,15:05:08.079,23.9100,400
54308079617375,15:05:08.079,23.9100,100
54308079617375,15:05:08.079,23.9100,200
54308079617375,15:05:08.079,23.9100,200
54308080229384,15:05:08.080,23.9100,100
54308080229384,15:05:08.080,23.9100,100
54308080229384,15:05:08.080,23.9100,400
54308080229384,15:05:08.080,23.9100,100
54308080229384,15:05:08.080,23.9100,400
54308080229384,15:05:08.080,23.9100,100
54308080229384,15:05:08.080,23.9100,400
54312084176159,15:05:12.084,23.9100,200
54312084176159,15:05:12.084,23.9100,300
54312084176159,15:05:12.084,23.9100,100
54312084176159,15:05:12.084,23.9100,100
54312084980086,15:05:12.084,23.9100,100
54312085019575,15:05:12.085,23.9100,300
54312085211674,15:05:12.085,23.9100,200
54346803771610,15:05:46.803,23.9050,150
54346803771610,15:05:46.803,23.9050,60
54346803771610,15:05:46.803,23.9050,800
54346803771610,15:05:46.803,23.9100,200
54346803771610,15:05:46.803,23.9100,100
54346803771610,15:05:46.803,23.9100,6190
54429299430127,15:07:09.299,23.9000,100
54449393943065,15:07:29.393,23.9000,2200
54449394338637,15:07:29.394,23.9000,2500
54477110644270,15:07:57.110,23.9000,931
54477110688187,15:07:57.110,23.9000,6
54477110697547,15:07:57.110,23.9000,1326
54477111016410,15:07:57.111,23.9000,150
54538887992076,15:08:58.887,23.9000,7000
54538888363389,15:08:58.888,23.9000,200
54538888403457,15:08:58.888,23.9000,437
54638593497255,15:10:38.593,23.8900,200
54638593497255,15:10:38.593,23.8900,200
54639638890734,15:10:39.638,23.8800,600
54639638890734,15:10:39.638,23.8800,800
54643086981786,15:10:43.086,23.8750,400
54643087006219,15:10:43.087,23.8750,400
54643087006219,15:10:43.087,23.8800,100
54643087006219,15:10:43.087,23.8800,100
54643087006219,15:10:43.087,23.8800,200
54643087006219,15:10:43.087,23.8800,100
54643087006219,15:10:43.087,23.8800,9100
54643087584071,15:10:43.087,23.8800,2500
54659543645682,15:10:59.543,23.8900,100
54659543645682,15:10:59.543,23.8900,500
54659543645682,15:10:59.543,23.8900,700
54659543705890,15:10:59.543,23.8900,100
54659543732844,15:10:59.543,23.8900,100
54659543738293,15:10:59.543,23.8900,100
54659543750989,15:10:59.543,23.8900,600
54724640840515,15:12:04.640,23.8950,736
54724640840515,15:12:04.640,23.9000,100
54724640840515,15:12:04.640,23.9000,100
54724640840515,15:12:04.640,23.9000,100
54724640840515,15:12:04.640,23.9000,100
54724640840515,15:12:04.640,23.9000,200
54724640840515,15:12:04.640,23.9000,300
54724640840515,15:12:04.640,23.9000,500
54724640840515,15:12:04.640,23.9000,200
54724640840515,15:12:04.640,23.9000,100
54724643979399,15:12:04.643,23.9100,195
54727111774240,15:12:07.111,23.9000,100
54733019792249,15:12:13.019,23.9000,100
54733019792249,15:12:13.019,23.9000,200
54733019792249,15:12:13.019,23.9000,100
54733019792249,15:12:13.019,23.9000,100
54733019792249,15:12:13.019,23.9000,800
54733019792249,15:12:13.019,23.9000,800
54733020373191,15:12:13.020,23.9000,100
54733020373191,15:12:13.020,23.9000,100
54733020373191,15:12:13.020,23.9000,200
54733020373191,15:12:13.020,23.9000,100
54733020373191,15:12:13.020,23.9000,800
54733020592530,15:12:13.020,23.9000,100
54733020592530,15:12:13.020,23.9000,100
54733020592530,15:12:13.020,23.9000,800
54733020783326,15:12:13.020,23.9000,100
54999132445031,15:16:39.132,23.9100,200
54999132445031,15:16:39.132,23.9100,200
54999132445031,15:16:39.132,23.9100,100
54999132445031,15:16:39.132,23.9100,200
54999132445031,15:16:39.132,23.9100,100
54999132445031,15:16:39.132,23.9100,186
55209310378902,15:20:09.310,23.9100,500
55209310709510,15:20:09.310,23.9200,700
55209310709510,15:20:09.310,23.9200,200
55209310709510,15:20:09.310,23.9200,200
55209310709510,15:20:09.310,23.9200,200
55209310709510,15:20:09.310,23.9200,288
55209311620054,15:20:09.311,23.9200,100
55209311677064,15:20:09.311,23.9200,100
55209311677064,15:20:09.311,23.9200,700
55331261572270,15:22:11.261,23.9200,461
55331261595897,15:22:11.261,23.9200,39
55439415865948,15:23:59.415,23.9150,60
55439415865948,15:23:59.415,23.9150,100
55439415865948,15:23:59.415,23.9200,100
55439415865948,15:23:59.415,23.9200,200
55439415865948,15:23:59.415,23.9200,100
55439415865948,15:23:59.415,23.9200,200
55439415865948,15:23:59.415,23.9200,200
55439415865948,15:23:59.415,23.9200,100
55439415865948,15:23:59.415,23.9200,200
55439415865948,15:23:59.415,23.9200,100
55439415865948,15:23:59.415,23.9200,100
55439415865948,15:23:59.415,23.9200,200
55439417645734,15:23:59.417,23.9200,200
55439417645734,15:23:59.417,23.9200,90
55439417645734,15:23:59.417,23.9200,100
55439418132682,15:23:59.418,23.9200,1000
55439418132682,15:23:59.418,23.9200,100
55439418132682,15:23:59.418,23.9200,100
55439418132682,15:23:59.418,23.9200,300
55439418132682,15:23:59.418,23.9200,600
55441415491238,15:24:01.415,23.9200,100
55441415507970,15:24:01.415,23.9200,37
55441415548981,15:24:01.415,23.9200,100
55441415628399,15:24:01.415,23.9200,400
55441415631082,15:24:01.415,23.9200,300
55441415631688,15:24:01.415,23.9200,100
55441415710767,15:24:01.415,23.9200,1000
55441415710767,15:24:01.415,23.9200,100
55441415788809,15:24:01.415,23.9200,100
55441415788809,15:24:01.415,23.9200,200
55441415788809,15:24:01.415,23.9200,500
55441415788809,15:24:01.415,23.9200,200
55441415788809,15:24:01.415,23.9200,200
55441415788809,15:24:01.415,23.9200,800
55441415788809,15:24:01.415,23.9200,100
55441415788809,15:24:01.415,23.9200,100
55441415788809,15:24:01.415,23.9200,200
55441415788809,15:24:01.415,23.9200,100
55441415788809,15:24:01.415,23.9200,700
55441415788809,15:24:01.415,23.9200,100
55441415788809,15:24:01.415,23.9200,100
55441415788809,15:24:01.415,23.9200,200
55441415788809,15:24:01.415,23.9200,100
55441415829277,15:24:01.415,23.9200,100
55441415829277,15:24:01.415,23.9200,400
55441419777075,15:24:01.419,23.9200,388
55673116804536,15:27:53.116,23.9300,100
55673116804536,15:27:53.116,23.9300,69
55673116967195,15:27:53.116,23.9300,431
55696503768375,15:28:16.503,23.9400,100
55762022252113,15:29:22.022,23.9400,167
55762022261599,15:29:22.022,23.9400,533
55801931522081,15:30:01.931,23.9300,100
55801931522081,15:30:01.931,23.9300,83
55801931522081,15:30:01.931,23.9300,800
55983892794712,15:33:03.892,23.9500,100
55983892794712,15:33:03.892,23.9500,100
55983892794712,15:33:03.892,23.9500,428
55983892794712,15:33:03.892,23.9500,200
55983892794712,15:33:03.892,23.9500,200
55983892794712,15:33:03.892,23.9500,200
55983892794712,15:33:03.892,23.9500,100
55983894892171,15:33:03.894,23.9500,200
56046588884635,15:34:06.588,23.9500,100
56046588884635,15:34:06.588,23.9500,249
56046588905665,15:34:06.588,23.9500,51
56046589059624,15:34:06.589,23.9500,100
56046589778040,15:34:06.589,23.9500,400
56046589778040,15:34:06.589,23.9500,38
56046589815783,15:34:06.589,23.9500,14
56046589852843,15:34:06.589,23.9500,48
56046589864765,15:34:06.589,23.9500,100
56046590042103,15:34:06.590,23.9500,500
56046590122599,15:34:06.590,23.9500,200
56046590122599,15:34:06.590,23.9500,400
56046590122599,15:34:06.590,23.9500,200
56046590122599,15:34:06.590,23.9500,100
56046590122599,15:34:06.590,23.9500,200
56046590122599,15:34:06.590,23.9500,200
56046590122599,15:34:06.590,23.9500,200
56046590122599,15:34:06.590,23.9500,200
56046590122599,15:34:06.590,23.9500,200
56046590122599,15:34:06.590,23.9500,100
56046590122599,15:34:06.590,23.9500,700
56046590122599,15:34:06.590,23.9500,200
56046590122599,15:34:06.590,23.9500,100
56046593402413,15:34:06.593,23.9500,200
56046593402413,15:34:06.593,23.9500,200
56046593402413,15:34:06.593,23.9500,300
56046593402413,15:34:06.593,23.9500,100
56046593402413,15:34:06.593,23.9500,100
56092216504233,15:34:52.216,23.9500,62
56092216695028,15:34:52.216,23.9500,38
56092216695028,15:34:52.216,23.9500,131
56149247696858,15:35:49.247,23.9600,300
56255826619661,15:37:35.826,23.9600,200
56255830240559,15:37:35.830,23.9650,800
56315655564116,15:38:35.655,23.9600,200
56315655564116,15:38:35.655,23.9600,100
56315655564116,15:38:35.655,23.9600,300
56326154012807,15:38:46.154,23.9650,800
56451413719497,15:40:51.413,23.9600,100
56451413719497,15:40:51.413,23.9600,200
56451413719497,15:40:51.413,23.9600,100
56451413719497,15:40:51.413,23.9600,200
56451413719497,15:40:51.413,23.9600,200
56451414250082,15:40:51.414,23.9600,200
56451634849369,15:40:51.634,23.9600,200
56454437914492,15:40:54.437,23.9600,100
56480488849755,15:41:20.488,23.9500,100
56498844602380,15:41:38.844,23.9400,100
56519333047334,15:41:59.333,23.9400,100
56519333047334,15:41:59.333,23.9400,900
56519333047334,15:41:59.333,23.9400,101
56531780972414,15:42:11.780,23.9450,200
56554254565346,15:42:34.254,23.9500,100
56554254565346,15:42:34.254,23.9500,400
56636496309064,15:43:56.496,23.9500,200
56636496309064,15:43:56.496,23.9500,200
56636496309064,15:43:56.496,23.9500,100
56636496309064,15:43:56.496,23.9500,200
56636496309064,15:43:56.496,23.9500,500
56694221499020,15:44:54.221,23.9500,200
56694221499020,15:44:54.221,23.9500,100
56702217075277,15:45:02.217,23.9500,100
56756165234289,15:45:56.165,23.9650,100
56832423993729,15:47:12.423,23.9600,200
56832423993729,15:47:12.423,23.9600,100
56832423993729,15:47:12.423,23.9600,200
56948345438023,15:49:08.345,23.9500,500
56948345610096,15:49:08.345,23.9500,100
56948345610096,15:49:08.345,23.9500,100
56948345610096,15:49:08.345,23.9500,200
56948345610096,15:49:08.345,23.9500,200
56964648896194,15:49:24.648,23.9500,200
56964648896194,15:49:24.648,23.9500,200
56964648896194,15:49:24.648,23.9500,400
56964648896194,15:49:24.648,23.9500,100
56964648896194,15:49:24.648,23.9500,200
56964648946189,15:49:24.648,23.9500,400
56964648946189,15:49:24.648,23.9500,100
56964649234714,15:49:24.649,23.9500,200
56964649244542,15:49:24.649,23.9500,200
56964649247591,15:49:24.649,23.9500,200
56964649289629,15:49:24.649,23.9500,200
57065707225237,15:51:05.707,23.9450,60
57113388246330,15:51:53.388,23.9400,253
57113388253381,15:51:53.388,23.9400,170
57113388650027,15:51:53.388,23.9400,277
57113388677009,15:51:53.388,23.9400,277
57113395041493,15:51:53.395,23.9350,323
57113395041493,15:51:53.395,23.9350,323
57243773994432,15:54:03.773,23.9350,60
57344003706638,15:55:44.003,23.9400,400
57344003706638,15:55:44.003,23.9400,100
57344003706638,15:55:44.003,23.9400,200
57344003824625,15:55:44.003,23.9400,1800
57344003824625,15:55:44.003,23.9400,284
57344004062498,15:55:44.004,23.9400,516
57344004062498,15:55:44.004,23.9400,11
57344004471509,15:55:44.004,23.9400,389
57442895582304,15:57:22.895,23.9400,100
57442895582304,15:57:22.895,23.9400,400
57442895582304,15:57:22.895,23.9400,100
57442895728337,15:57:22.895,23.9400,100
57442895838511,15:57:22.895,23.9400,100
57442895838511,15:57:22.895,23.9400,200
57491667321977,15:58:11.667,23.9300,900
57491667361406,15:58:11.667,23.9300,100
57491667361406,15:58:11.667,23.9300,148
57526119379206,15:58:46.119,23.9300,689
57526119379206,15:58:46.119,23.9300,11
57526119380122,15:58:46.119,23.9300,89
57526119380122,15:58:46.119,23.9300,610
57526119554346,15:58:46.119,23.9300,690
57540392148319,15:59:00.392,23.9400,400
57540392148319,15:59:00.392,23.9400,400
57540392148319,15:59:00.392,23.9400,100
57545179115824,15:59:05.179,23.9400,100
57545179115824,15:59:05.179,23.9400,100
57546178856621,15:59:06.178,23.9400,200
57548178216691,15:59:08.178,23.9400,200
57548179582053,15:59:08.179,23.9400,326
57574500318342,15:59:34.500,23.9500,200
57574500318342,15:59:34.500,23.9500,400
57574691003684,15:59:34.691,23.9600,400
57574691003684,15:59:34.691,23.9600,100
57577685214890,15:59:37.685,23.9600,100
57577685214890,15:59:37.685,23.9600,500
57587080231505,15:59:47.080,23.9600,166
57590297642106,15:59:50.297,23.9600,234
57590371624989,15:59:50.371,23.9600,26
57590371731035,15:59:50.371,23.9600,70
57591175378951,15:59:51.175,23.9600,304
57591175378951,15:59:51.175,23.9600,100
57591175378951,15:59:51.175,23.9600,300
57591175378951,15:59:51.175,23.9600,100
57591175378951,15:59:51.175,23.9600,200
57591176432907,15:59:51.176,23.9600,700
57592001289266,15:59:52.001,23.9600,200
57592001862272,15:59:52.001,23.9600,2000
57592001862272,15:59:52.001,23.9600,400
57592001862272,15:59:52.001,23.9600,300
57592001862272,15:59:52.001,23.9600,300
57593915057167,15:59:53.915,23.9600,100
57594853437124,15:59:54.853,23.9600,400
57594853437124,15:59:54.853,23.9600,400
57594956602879,15:59:54.956,23.9650,100
57595700934343,15:59:55.700,23.9650,100
57596028542380,15:59:56.028,23.9650,100
57600299220906,16:00:00.299,0.0000,0
57691026346065,16:01:31.026,23.9800,9820
