timestamp,time,price,volume
34060805619540,09:27:40.805,68.5500,1
34200185264504,09:30:00.185,69.0100,3236
34230501439530,09:30:30.501,69.0900,10
34258116833071,09:30:58.116,69.7000,5
34298936334126,09:31:38.936,69.4400,365
34298936388805,09:31:38.936,69.4900,50
34298936390053,09:31:38.936,69.4900,50
34380614993219,09:33:00.614,69.5800,100
34380902023411,09:33:00.902,69.7100,20
34400060931204,09:33:20.060,69.6900,100
34400060931204,09:33:20.060,69.6800,100
34400060931204,09:33:20.060,69.6700,5
34400060959699,09:33:20.060,69.6700,95
34400060959699,09:33:20.060,69.6700,57
34400060959699,09:33:20.060,69.6700,48
34400061010926,09:33:20.061,69.6200,90
34400061020172,09:33:20.061,69.6200,10
34443541429016,09:34:03.541,69.5000,100
34449820956987,09:34:09.820,69.7000,100
34449820991852,09:34:09.820,69.7500,400
34449821010171,09:34:09.821,69.7600,100
34449822154290,09:34:09.822,69.6800,100
34468614668794,09:34:28.614,69.4900,1
34556615236898,09:35:56.615,69.4600,1
34569765938587,09:36:09.765,69.6000,3
34613357785029,09:36:53.357,69.2100,20
34613357785029,09:36:53.357,69.2100,47
34613357785029,09:36:53.357,69.2100,33
34625444921277,09:37:05.444,69.7000,79
34686246616951,09:38:06.246,69.2100,67
34686246698229,09:38:06.246,69.2000,150
34686246698229,09:38:06.246,69.2000,14
34715310401588,09:38:35.310,69.3100,1
34732635124116,09:38:52.635,69.1600,1
34748997380421,09:39:08.997,69.3200,100
34820611972276,09:40:20.611,69.2300,1
34908612121476,09:41:48.612,69.2200,1
34927830453729,09:42:07.830,69.0000,100
34979288755899,09:42:59.288,69.0700,32
35000695253403,09:43:20.695,68.9000,1
35031605054053,09:43:51.605,68.5900,60
35083784362625,09:44:43.784,68.8100,20
35083784362625,09:44:43.784,68.8200,80
35096144265742,09:44:56.144,68.7600,100
35096144304389,09:44:56.144,68.7800,5
35096144312104,09:44:56.144,68.8100,95
35096144316184,09:44:56.144,68.8100,5
35096144662195,09:44:56.144,68.8300,18
35096618559208,09:44:56.618,68.8300,82
35098618411306,09:44:58.618,68.8800,1
35172613875801,09:46:12.613,68.8700,1
35183461108679,09:46:23.461,68.6800,728
35209494016620,09:46:49.494,68.6000,100
35261253005668,09:47:41.253,68.6600,1
35273263162797,09:47:53.263,68.7700,100
35371270246109,09:49:31.270,68.7700,1
35465122207528,09:51:05.122,68.7100,1
35484399120428,09:51:24.399,68.5700,4
35485550600157,09:51:25.550,68.5700,4
35495036304056,09:51:35.036,68.6100,1
35496023372259,09:51:36.023,68.6700,100
35507855435828,09:51:47.855,68.8500,73
35507855435828,09:51:47.855,68.8500,93
35507855437787,09:51:47.855,68.8500,7
35508007389268,09:51:48.007,68.9800,100
35531633729981,09:52:11.633,68.8900,4
35531776627772,09:52:11.776,68.8900,4
35532523028108,09:52:12.523,68.8800,4
35532676438933,09:52:12.676,68.8800,4
35590736149733,09:53:10.736,68.8200,1
35743898663488,09:55:43.898,68.7700,2
35743898663488,09:55:43.898,68.7000,98
35743898690961,09:55:43.898,68.7000,2
35743898690961,09:55:43.898,68.7000,118
35747338239203,09:55:47.338,68.7800,100
35749540704044,09:55:49.540,68.8400,100
35788061709129,09:56:28.061,68.7000,1
35788061709129,09:56:28.061,68.7000,100
35788061811364,09:56:28.061,68.7500,29
35788062066642,09:56:28.062,68.7500,30
35788062519685,09:56:28.062,68.7500,30
35789339345280,09:56:29.339,68.7500,70
35789339345280,09:56:29.339,68.7500,30
35789339387060,09:56:29.339,68.7500,9
35793261070347,09:56:33.261,68.7900,200
35793261104130,09:56:33.261,68.7900,100
35793261386594,09:56:33.261,68.7900,92
35793261386594,09:56:33.261,68.8000,8
35793261497739,09:56:33.261,68.8000,92
35793831281348,09:56:33.831,68.7300,200
35797596776899,09:56:37.596,68.7800,100
35798357441687,09:56:38.357,68.7800,100
35798801666621,09:56:38.801,68.7900,100
35798802164766,09:56:38.802,68.7500,100
35799219928155,09:56:39.219,68.8000,30
35799220047262,09:56:39.220,68.8000,70
35799711414797,09:56:39.711,68.8000,100
35800841816097,09:56:40.841,68.8000,100
35804418364159,09:56:44.418,68.7500,150
35805125771826,09:56:45.125,68.6700,100
35805261807732,09:56:45.261,68.6700,100
35805261875085,09:56:45.261,68.6600,100
35844926598012,09:57:24.926,68.5600,1
35844926598012,09:57:24.926,68.5600,100
35844926666782,09:57:24.926,68.5600,23
35844926747847,09:57:24.926,68.5600,23
35844927722455,09:57:24.927,68.5500,299
35844927722455,09:57:24.927,68.5500,301
35844927747016,09:57:24.927,68.5500,199
35853823562564,09:57:33.823,68.4600,100
35876707893481,09:57:56.707,68.4500,54
35876707893481,09:57:56.707,68.4500,46
35876707924661,09:57:56.707,68.4500,54
35876708338882,09:57:56.708,68.4500,100
35876708338882,09:57:56.708,68.4500,100
35876708449652,09:57:56.708,68.4500,8
35879383125848,09:57:59.383,68.3500,20
35881608202202,09:58:01.608,68.3300,100
35881608202202,09:58:01.608,68.3100,21
35881608202202,09:58:01.608,68.3100,1
35881608229961,09:58:01.608,68.3100,100
35957380368719,09:59:17.380,68.1900,1
35961213687402,09:59:21.213,68.2200,22
35961213702009,09:59:21.213,68.2200,22
35961213703438,09:59:21.213,68.2200,22
35961213709824,09:59:21.213,68.2200,34
35961213709824,09:59:21.213,68.2200,66
35961213712585,09:59:21.213,68.2200,34
35961213712585,09:59:21.213,68.2400,22
35961213712585,09:59:21.213,68.2500,44
35961213764330,09:59:21.213,68.2500,34
35961213798834,09:59:21.213,68.2100,100
35961214011860,09:59:21.214,68.2300,10
35961214011860,09:59:21.214,68.2300,100
35961214121431,09:59:21.214,68.2100,10
35963442764658,09:59:23.442,68.1200,100
35963442823439,09:59:23.442,68.1200,71
35963442870965,09:59:23.442,68.1200,29
35963443339632,09:59:23.443,68.1000,100
35964108286068,09:59:24.108,68.0400,100
36007716182697,10:00:07.716,68.1000,10
36007716224809,10:00:07.716,68.1500,50
36007716227796,10:00:07.716,68.1500,50
36053614870433,10:00:53.614,68.3000,100
36053615326454,10:00:53.615,68.3200,100
36054618241803,10:00:54.618,68.3600,1
36140612804076,10:02:20.612,68.4800,1
36166690011182,10:02:46.690,68.3500,42
36230055343601,10:03:50.055,68.3600,1
36281491307889,10:04:41.491,68.4500,2
36281491307889,10:04:41.491,68.4500,37
36313613845399,10:05:13.613,68.1800,100
36396120603529,10:06:36.120,68.4600,100
36396120603529,10:06:36.120,68.4500,1
36396120603529,10:06:36.120,68.4500,200
36396121241038,10:06:36.121,68.4400,100
36396121286253,10:06:36.121,68.4500,199
36415840154152,10:06:55.840,68.4000,1
36415840178638,10:06:55.840,68.4000,499
36495222334724,10:08:15.222,68.3500,1
36524488333485,10:08:44.488,68.4400,100
36524488871844,10:08:44.488,68.4900,100
36541636107524,10:09:01.636,68.5700,100
36541636157893,10:09:01.636,68.5700,100
36579842366104,10:09:39.842,68.5400,100
36587671792927,10:09:47.671,68.5000,1
36587671792927,10:09:47.671,68.5000,100
36622761074182,10:10:22.761,68.3850,100
36622761125938,10:10:22.761,68.4900,100
36637132378659,10:10:37.132,68.5400,37
36778546868793,10:12:58.546,68.6400,1
36870898090170,10:14:30.898,68.6700,1
36932614554442,10:15:32.614,68.7000,1
36934937561185,10:15:34.937,68.6200,100
36935673458362,10:15:35.673,68.6200,100
36936347028827,10:15:36.347,68.6200,100
36960929408773,10:16:00.929,68.6700,100
36960929408773,10:16:00.929,68.6600,100
36960929408773,10:16:00.929,68.6600,82
36960929576349,10:16:00.929,68.6600,18
36960929576349,10:16:00.929,68.6600,8
36960929637516,10:16:00.929,68.6600,92
36960929637516,10:16:00.929,68.6600,8
36960929664053,10:16:00.929,68.6600,92
36960929664053,10:16:00.929,68.6600,66
36960929707708,10:16:00.929,68.6600,33
36960932142049,10:16:00.932,68.6800,10
36960932142049,10:16:00.932,68.6700,90
36961110100767,10:16:01.110,68.6800,100
36961110124986,10:16:01.110,68.6800,100
36961110557529,10:16:01.110,68.6700,1
36971626015776,10:16:11.626,68.7900,100
36971626069871,10:16:11.626,68.7900,100
36971626102999,10:16:11.626,68.7900,91
36971626102999,10:16:11.626,68.7900,47
36971626105383,10:16:11.626,68.7900,53
36971626105383,10:16:11.626,68.7900,138
36971626214223,10:16:11.626,68.7900,100
36971626214223,10:16:11.626,68.7900,62
36971626601472,10:16:11.626,68.8000,100
36971626697540,10:16:11.626,68.8000,100
36971627270793,10:16:11.627,68.8300,5
36976999584897,10:16:16.999,68.7500,100
36977001578106,10:16:17.001,68.7400,100
36983118199055,10:16:23.118,68.7400,60
36983118224027,10:16:23.118,68.7400,1
36983118732790,10:16:23.118,68.7400,91
37108613811498,10:18:28.613,68.7000,1
37221617583028,10:20:21.617,68.9600,100
37221617583028,10:20:21.617,68.9600,100
37284013543407,10:21:24.013,69.0100,1
37430028405673,10:23:50.028,69.2000,100
37446686959332,10:24:06.686,69.2000,62
37547368250171,10:25:47.368,69.3800,20
37719012317113,10:28:39.012,69.3200,1
37795473263891,10:29:55.473,69.2600,42
37835067842900,10:30:35.067,69.3800,1
37872541271980,10:31:12.541,69.3100,100
37915439791768,10:31:55.439,69.2800,100
37915439791768,10:31:55.439,69.2800,100
37915440812914,10:31:55.440,69.2700,30
37918128832941,10:31:58.128,69.2600,58
37980011958651,10:33:00.011,69.2100,1
38003045335498,10:33:23.045,69.3200,90
38003045335498,10:33:23.045,69.3200,10
38091864904330,10:34:51.864,69.2900,45
38154030257643,10:35:54.030,69.2700,1
38174622446653,10:36:14.622,69.3200,100
38185305232193,10:36:25.305,69.2700,50
38231244719044,10:37:11.244,69.1800,58
38320951265759,10:38:40.951,69.1500,100
38320951333885,10:38:40.951,69.1500,100
38320951367754,10:38:40.951,69.1500,81
38320951680773,10:38:40.951,69.1500,19
38320953776906,10:38:40.953,69.1600,100
38337115260638,10:38:57.115,69.2400,1
38337667759703,10:38:57.667,69.1800,11
38416035121494,10:40:16.035,69.2600,1
38457051081824,10:40:57.051,69.2500,33
38466347519770,10:41:06.347,69.2500,100
38466347573134,10:41:06.347,69.2500,100
38466347584813,10:41:06.347,69.2500,10
38466347994333,10:41:06.347,69.2500,257
38466347994333,10:41:06.347,69.2500,100
38590012159105,10:43:10.012,69.2300,1
38636139456058,10:43:56.139,69.3500,100
38636190334507,10:43:56.190,69.3700,2
38676018286894,10:44:36.018,69.3700,1
38691407246248,10:44:51.407,69.4300,100
38691407246248,10:44:51.407,69.4500,100
38691407273450,10:44:51.407,69.4500,100
38691407339851,10:44:51.407,69.4600,84
38691407799482,10:44:51.407,69.4600,16
38691407815863,10:44:51.407,69.4800,16
38691407968416,10:44:51.407,69.4800,110
38691408084252,10:44:51.408,69.4800,64
38691408117173,10:44:51.408,69.4800,10
38691408117173,10:44:51.408,69.4800,36
38691408155919,10:44:51.408,69.4800,18
38691408187851,10:44:51.408,69.4800,28
38691408201164,10:44:51.408,69.4800,18
38691931843318,10:44:51.931,69.5500,100
38705690430807,10:45:05.690,69.5500,1
38765735398934,10:46:05.735,69.6100,1
38817776559173,10:46:57.776,69.5600,10
38817776559173,10:46:57.776,69.5600,79
38817777264772,10:46:57.777,69.5600,21
38817777264772,10:46:57.777,69.5500,1
38817777264772,10:46:57.777,69.5500,179
38817777276288,10:46:57.777,69.5500,2
38817777282727,10:46:57.777,69.5500,19
38817777282727,10:46:57.777,69.5500,31
38817777288334,10:46:57.777,69.5500,69
38817777715214,10:46:57.777,69.5300,3
38817777905777,10:46:57.777,69.5300,97
38817778417006,10:46:57.778,69.5300,25
38817862929263,10:46:57.862,69.5300,29
38825805267546,10:47:05.805,69.4000,15
38936801479113,10:48:56.801,69.4900,15
38946090993395,10:49:06.090,69.4200,1
38983668443358,10:49:43.668,69.4600,1
38983668443358,10:49:43.668,69.4600,99
39094523637626,10:51:34.523,69.5000,63
39095520947514,10:51:35.520,69.5000,1
39117147948868,10:51:57.147,69.4600,1
39117700369816,10:51:57.700,69.4100,11
39117700369816,10:51:57.700,69.4100,9
39117701310321,10:51:57.701,69.3900,45
39121572365573,10:52:01.572,69.3900,27
39121572638453,10:52:01.572,69.3900,28
39121572638453,10:52:01.572,69.3900,72
39121572665497,10:52:01.572,69.3900,28
39202663825298,10:53:22.663,69.3400,1
39279622440238,10:54:39.622,69.4300,2
39286286484580,10:54:46.286,69.3600,1
39368294197135,10:56:08.294,69.4000,2
39368294222087,10:56:08.294,69.4000,98
39368297548400,10:56:08.297,69.4000,11
39374120578633,10:56:14.120,69.4000,1
39413367668764,10:56:53.367,69.4700,79
39459013000007,10:57:39.013,69.3700,1
39537110773279,10:58:57.110,69.2800,72
39537111164127,10:58:57.111,69.2800,32
39537116550158,10:58:57.116,69.2800,50
39537750237846,10:58:57.750,69.2700,100
39537751364459,10:58:57.751,69.3200,100
39657147549687,11:00:57.147,69.3700,1
39657261590178,11:00:57.261,69.3100,8
39663476686134,11:01:03.476,69.4400,57
39663492775625,11:01:03.492,69.4400,43
39663492775625,11:01:03.492,69.4400,5
39663492775625,11:01:03.492,69.4400,52
39663521906183,11:01:03.521,69.4500,100
39673538939042,11:01:13.538,69.4100,100
39673538966947,11:01:13.538,69.4100,100
39714122989362,11:01:54.122,69.3400,50
39720238188865,11:02:00.238,69.4000,1
39720238188865,11:02:00.238,69.4000,86
39720238215449,11:02:00.238,69.4000,14
39807589863387,11:03:27.589,69.3800,1
39807589863387,11:03:27.589,69.3800,13
39870971770430,11:04:30.971,69.4400,100
39894026595862,11:04:54.026,69.4600,1
39908772621887,11:05:08.772,69.3700,100
39908795094384,11:05:08.795,69.3600,100
39981054616789,11:06:21.054,69.3700,1
39981054687645,11:06:21.054,69.3700,1
40014523170424,11:06:54.523,69.4500,100
40036370741774,11:07:16.370,69.4100,100
40052617220933,11:07:32.617,69.3300,17
40052617220933,11:07:32.617,69.3200,6
40052617317606,11:07:32.617,69.3200,94
40052881322833,11:07:32.881,69.3200,10
40053974708493,11:07:33.974,69.3100,50
40053974708493,11:07:33.974,69.2900,50
40053975548758,11:07:33.975,69.3100,100
40053975858155,11:07:33.975,69.3100,50
40053978227525,11:07:33.978,69.3000,100
40053978643489,11:07:33.978,69.3100,100
40053978643489,11:07:33.978,69.3100,30
40054649737353,11:07:34.649,69.3000,30
40055708601850,11:07:35.708,69.2600,100
40057158532923,11:07:37.158,69.3200,100
40084527520635,11:08:04.527,69.3200,100
40156300601478,11:09:16.300,69.3600,1
40245520379696,11:10:45.520,69.4200,1
40331484211760,11:12:11.484,69.4700,100
40331484211760,11:12:11.484,69.4700,100
40332032714881,11:12:12.032,69.5000,36
40332033889608,11:12:12.033,69.5000,25
40338374629691,11:12:18.374,69.4400,100
40373565558830,11:12:53.565,69.4700,100
40416298321008,11:13:36.298,69.3800,1
40430048424206,11:13:50.048,69.4400,100
40430048424206,11:13:50.048,69.4400,100
40432013140183,11:13:52.013,69.4600,3
40432013140183,11:13:52.013,69.4600,97
40432013176631,11:13:52.013,69.4600,103
40432013176631,11:13:52.013,69.4600,100
40432013176631,11:13:52.013,69.4600,100
40441907092858,11:14:01.907,69.4600,100
40460594059915,11:14:20.594,69.3100,100
40460594059915,11:14:20.594,69.3100,100
40465552441706,11:14:25.552,69.3600,100
40468145745767,11:14:28.145,69.3100,100
40471601348480,11:14:31.601,69.3100,100
40471601348480,11:14:31.601,69.3100,100
40479445054824,11:14:39.445,69.3000,100
40544153714683,11:15:44.153,69.3100,100
40581246112006,11:16:21.246,69.3000,10
40631244183025,11:17:11.244,69.2600,1
40677049850783,11:17:57.049,69.2400,1
40680251718829,11:18:00.251,69.3000,100
40711723086601,11:18:31.723,69.3200,100
40718294135397,11:18:38.294,69.3000,55
40783378227071,11:19:43.378,69.2300,1
40790576868895,11:19:50.576,69.1600,100
40790577675766,11:19:50.577,69.1000,100
40851312415667,11:20:51.312,69.0600,1
40870864119729,11:21:10.864,69.1200,100
40941311353385,11:22:21.311,69.0300,1
40989228219017,11:23:09.228,69.0400,100
40989228653677,11:23:09.228,69.0500,3
40989228902672,11:23:09.228,69.0500,100
41043288237142,11:24:03.288,69.0300,1
41043288237142,11:24:03.288,69.0300,1
41109650706759,11:25:09.650,69.0900,100
41109650706759,11:25:09.650,69.0900,100
41123078567400,11:25:23.078,69.0700,1
41138261330792,11:25:38.261,69.0500,200
41156405717819,11:25:56.405,69.1400,100
41158962922938,11:25:58.962,69.1500,4
41201033638015,11:26:41.033,69.1000,1
41261323540389,11:27:41.323,69.1100,1
41286029132099,11:28:06.029,69.0500,3
41286029936096,11:28:06.029,69.1000,1
41341651134990,11:29:01.651,69.1500,88
41341651326765,11:29:01.651,69.1500,8
41374462388078,11:29:34.462,69.0600,1
41374462388078,11:29:34.462,69.0600,1
41423442968240,11:30:23.442,69.0100,1
41423742289250,11:30:23.742,69.0100,100
41423836180590,11:30:23.836,69.0100,1
41438555188252,11:30:38.555,68.9700,100
41441313473602,11:30:41.313,68.9700,36
41446796367466,11:30:46.796,68.9300,28
41446796382355,11:30:46.796,68.9300,37
41484247113840,11:31:24.247,69.0200,100
41549129959173,11:32:29.129,68.9500,1
41602035276246,11:33:22.035,68.9900,95
41602035311795,11:33:22.035,68.9900,5
41602035311795,11:33:22.035,68.9900,13
41602065641468,11:33:22.065,69.0200,100
41608871173774,11:33:28.871,69.0400,100
41636703302692,11:33:56.703,69.1000,1
41700418336375,11:35:00.418,69.1000,1
41700418336375,11:35:00.418,69.1000,1
41700418336375,11:35:00.418,69.1000,1
41700418336375,11:35:00.418,69.1000,34
41703299839087,11:35:03.299,69.0500,100
41783597434278,11:36:23.597,69.0200,100
41783597460015,11:36:23.597,69.0200,393
41783616018594,11:36:23.616,69.0000,100
41792970435773,11:36:32.970,69.0000,100
41849606987192,11:37:29.606,68.9400,1
41849606987192,11:37:29.606,68.9400,99
41907332764431,11:38:27.332,68.9200,1
41910052099697,11:38:30.052,68.9700,99
41991320932646,11:39:51.320,68.9000,1
42000983811901,11:40:00.983,68.9400,1
42000983811901,11:40:00.983,68.9400,100
42071192998562,11:41:11.192,68.9200,1
42083504742435,11:41:23.504,68.9600,127
42122013352187,11:42:02.013,68.9900,100
42156323153713,11:42:36.323,68.9800,1
42170852368476,11:42:50.852,68.9800,1
42170852368476,11:42:50.852,68.9500,49
42208114612472,11:43:28.114,69.0500,100
42213092149724,11:43:33.092,69.0400,20
42260539518082,11:44:20.539,69.0600,1
42260539518082,11:44:20.539,69.0800,24
42261326147809,11:44:21.326,69.0500,1
42330145094298,11:45:30.145,69.1300,100
42332028027307,11:45:32.028,69.2100,1
42389707993771,11:46:29.707,69.2700,13
42433713239789,11:47:13.713,69.2900,1
42435023147054,11:47:15.023,69.3000,1
42487773541812,11:48:07.773,69.3400,100
42526304867183,11:48:46.304,69.2600,1
42526304902694,11:48:46.304,69.2600,1
42538136791232,11:48:58.136,69.2100,15
42540404601917,11:49:00.404,69.2000,100
42546959549631,11:49:06.959,69.1900,100
42591322391151,11:49:51.322,69.1600,1
42678921977397,11:51:18.921,69.1200,1
42764714048541,11:52:44.714,69.1600,100
42764715728599,11:52:44.715,69.2000,100
42765016330677,11:52:45.016,69.2000,1
42765016372520,11:52:45.016,69.2000,29
42841712146838,11:54:01.712,69.2700,1
42858663883918,11:54:18.663,69.2700,1
42905520722163,11:55:05.520,69.3300,100
42941459279480,11:55:41.459,69.2700,1
42941459281397,11:55:41.459,69.2300,98
42941459289347,11:55:41.459,69.2300,2
42941459289347,11:55:41.459,69.2200,24
42941459290078,11:55:41.459,69.2200,2
42941459305859,11:55:41.459,69.2200,50
42941459306398,11:55:41.459,69.2200,2
42941459336358,11:55:41.459,69.2200,2
42941459340454,11:55:41.459,69.2200,4
42941459362332,11:55:41.459,69.2200,16
43050208407674,11:57:30.208,69.3100,100
43051892787297,11:57:31.892,69.3100,100
43053329011789,11:57:33.329,69.2700,1
43060630765489,11:57:40.630,69.2300,100
43061065739469,11:57:41.065,69.2200,100
43067057231075,11:57:47.057,69.2000,100
43067061546115,11:57:47.061,69.1700,100
43116332576044,11:58:36.332,69.2100,1
43185006692960,11:59:45.006,69.2400,1
43185009046483,11:59:45.009,69.2500,100
43185009073215,11:59:45.009,69.2500,14
43185010028378,11:59:45.010,69.2600,100
43185010077366,11:59:45.010,69.2600,100
43185061039901,11:59:45.061,69.3100,20
43230743247308,12:00:30.743,69.2700,1
43322659564566,12:02:02.659,69.2800,100
43375049622952,12:02:55.049,69.3500,100
43383072843555,12:03:03.072,69.4000,1
43425765152273,12:03:45.765,69.3300,1
43425765152273,12:03:45.765,69.3300,99
43425765179557,12:03:45.765,69.3300,1
43425765240595,12:03:45.765,69.3300,1
43425765272106,12:03:45.765,69.3300,19
43438063415432,12:03:58.063,69.3500,100
43438063657049,12:03:58.063,69.3500,53
43692772984450,12:08:12.772,69.3200,100
43693008381950,12:08:13.008,69.3400,100
43693008408070,12:08:13.008,69.3400,19
43737830830394,12:08:57.830,69.3300,1
43737830830394,12:08:57.830,69.3300,100
43758702940506,12:09:18.702,69.4000,1
43809047074016,12:10:09.047,69.3900,1
43896354962235,12:11:36.354,69.3600,1
43971733580928,12:12:51.733,69.3700,1
43973505485448,12:12:53.505,69.4000,100
43982297852305,12:13:02.297,69.4000,1
43989050935364,12:13:09.050,69.3800,1
44032235151284,12:13:52.235,69.4100,99
44062088339042,12:14:22.088,69.3600,1
44062088339042,12:14:22.088,69.3600,1
44062088339042,12:14:22.088,69.3600,98
44062088485620,12:14:22.088,69.3600,9
44062088511682,12:14:22.088,69.3600,93
44158039307827,12:15:58.039,69.3600,1
44158039307827,12:15:58.039,69.3600,99
44213470705400,12:16:53.470,69.4200,100
44213472427685,12:16:53.472,69.4200,100
44247271642461,12:17:27.271,69.4400,100
44247732629744,12:17:27.732,69.4500,1
44248019720234,12:17:28.019,69.4500,1
44279462725326,12:17:59.462,69.4600,10
44315337139919,12:18:35.337,69.4700,10
44315337139919,12:18:35.337,69.4700,90
44315337168806,12:18:35.337,69.4700,10
44315339441707,12:18:35.339,69.4800,10
44328014493603,12:18:48.014,69.4400,1
44328014493603,12:18:48.014,69.4400,1
44328014660742,12:18:48.014,69.4400,2
44346410693459,12:19:06.410,69.4900,10
44346410693459,12:19:06.410,69.4900,100
44373868045290,12:19:33.868,69.5000,450
44373868045290,12:19:33.868,69.5000,10
44373868045290,12:19:33.868,69.5000,3
44373868784638,12:19:33.868,69.5200,10
44373868844051,12:19:33.868,69.5300,10
44373981434601,12:19:33.981,69.5400,1
44421461166091,12:20:21.461,69.5600,10
44421462281143,12:20:21.462,69.5700,10
44425461121860,12:20:25.461,69.5800,2
44425461121860,12:20:25.461,69.5800,100
44425461121860,12:20:25.461,69.5800,100
44425462190752,12:20:25.462,69.5900,10
44426043964152,12:20:26.043,69.6000,1
44475633954577,12:21:15.633,69.5700,1
44505014175753,12:21:45.014,69.5900,1
44514166162818,12:21:54.166,69.6000,9
44514166162818,12:21:54.166,69.6000,91
44533207746313,12:22:13.207,69.6000,14
44539212560337,12:22:19.212,69.6100,10
44541087371153,12:22:21.087,69.6200,10
44546503761734,12:22:26.503,69.6300,10
44546504851682,12:22:26.504,69.6400,10
44546506681807,12:22:26.506,69.6500,10
44592015219014,12:23:12.015,69.6000,1
44622279529986,12:23:42.279,69.5600,2
44622286799366,12:23:42.286,69.5600,41
44648699407766,12:24:08.699,69.5600,1
44648699430939,12:24:08.699,69.5600,1
44669335291042,12:24:29.335,69.5900,100
44674860333244,12:24:34.860,69.5900,100
44747825702039,12:25:47.825,69.5600,1
44754309864415,12:25:54.309,69.5800,100
44754412221367,12:25:54.412,69.5800,100
44787861223104,12:26:27.861,69.6000,100
44787862026145,12:26:27.862,69.6100,100
44834822633142,12:27:14.822,69.6100,1
44853016998658,12:27:33.016,69.6100,1
44859821310523,12:27:39.821,69.5700,100
44874700926114,12:27:54.700,69.5800,1
44874918418114,12:27:54.918,69.5500,100
44882006865468,12:28:02.006,69.5200,112
44882006872228,12:28:02.006,69.5200,88
44882006872228,12:28:02.006,69.5200,100
44882006872228,12:28:02.006,69.5200,100
44940015275330,12:29:00.015,69.5300,1
45008832383773,12:30:08.832,69.5200,1
45027041182069,12:30:27.041,69.5300,1
45096825904220,12:31:36.825,69.5600,1
45100705382701,12:31:40.705,69.5400,1
45114052277386,12:31:54.052,69.5400,1
45115552702201,12:31:55.552,69.4700,3
45182824127988,12:33:02.824,69.5200,1
45182830113963,12:33:02.830,69.4400,1
45263652140022,12:34:23.652,69.5300,12
45269924328405,12:34:29.924,69.5100,1
45288032967395,12:34:48.032,69.5100,1
45321917268719,12:35:21.917,69.5000,10
45321917268719,12:35:21.917,69.5000,13
45321947375688,12:35:21.947,69.4800,1
45321947400331,12:35:21.947,69.4800,99
45375044983333,12:36:15.044,69.4700,1
45375661192367,12:36:15.661,69.4100,200
45421302403710,12:37:01.302,69.3900,100
45421304808704,12:37:01.304,69.4200,15
45421304810032,12:37:01.304,69.4200,15
45421304833293,12:37:01.304,69.4200,13
45441116859757,12:37:21.116,69.4800,1
45534660928596,12:38:54.660,69.4000,1
45534861027816,12:38:54.861,69.3500,1
45534861027816,12:38:54.861,69.3500,1
45537942466581,12:38:57.942,69.3300,1
45539420733220,12:38:59.420,69.3700,100
45539420733220,12:38:59.420,69.3700,100
45539420770250,12:38:59.420,69.3700,95
45539420789798,12:38:59.420,69.3700,5
45571598751784,12:39:31.598,69.3500,19
45631796078443,12:40:31.796,69.4600,6
45633043482844,12:40:33.043,69.4800,1
45633043959221,12:40:33.043,69.4600,100
45636130181859,12:40:36.130,69.4600,1
45658112340843,12:40:58.112,69.4400,100
45660891308160,12:41:00.891,69.4100,100
45661665961441,12:41:01.665,69.3800,100
45662326637119,12:41:02.326,69.3800,100
45663202352617,12:41:03.202,69.3800,100
45665090755517,12:41:05.090,69.3900,109
45692399180321,12:41:32.399,69.4500,117
45692399180321,12:41:32.399,69.4500,100
45692527859979,12:41:32.527,69.4900,100
45710915571569,12:41:50.915,69.4500,1
45710961675908,12:41:50.961,69.4500,91
45723049801278,12:42:03.049,69.4400,1
45723080730248,12:42:03.080,69.4100,1
45778699504364,12:42:58.699,69.4500,1
45791823110182,12:43:11.823,69.4400,1
45813624114488,12:43:33.624,69.4600,1
45817135925572,12:43:37.135,69.3700,100
45868987654638,12:44:28.987,69.4000,100
45871740979430,12:44:31.740,69.3500,260
45871740979430,12:44:31.740,69.3500,100
45886736751466,12:44:46.736,69.2800,89
45886736837763,12:44:46.736,69.2800,7
45965841205054,12:46:05.841,69.3000,1
45987303829898,12:46:27.303,69.3100,1
46093736829181,12:48:13.736,69.3100,1
46093736829181,12:48:13.736,69.3100,1
46116742947433,12:48:36.742,69.3200,1
46167346082608,12:49:27.346,69.3400,100
46168661674173,12:49:28.661,69.3200,1
46168661674173,12:49:28.661,69.3200,1
46170642665858,12:49:30.642,69.3000,100
46190127975761,12:49:50.127,69.3000,35
46245129503182,12:50:45.129,69.3300,1
46325041295310,12:52:05.041,69.3600,1
46346233425827,12:52:26.233,69.3900,5
46346233425827,12:52:26.233,69.4000,10
46346233425827,12:52:26.233,69.4000,53
46374051750639,12:52:54.051,69.4000,1
46374051779051,12:52:54.051,69.4000,46
46374051779051,12:52:54.051,69.4000,100
46374051779051,12:52:54.051,69.4000,100
46374082166447,12:52:54.082,69.4100,5
46374082166447,12:52:54.082,69.4100,5
46401825316187,12:53:21.825,69.4200,1
46419013520669,12:53:39.013,69.4100,1
46431691372285,12:53:51.691,69.4300,10
46456706234423,12:54:16.706,69.4300,1
46463854306846,12:54:23.854,69.4400,10
46487827610966,12:54:47.827,69.4300,1
46506017064385,12:55:06.017,69.4300,1
46521071098486,12:55:21.071,69.3900,15
46521071098486,12:55:21.071,69.3900,57
46521071127927,12:55:21.071,69.3900,43
46530937148050,12:55:30.937,69.3400,100
46535371460176,12:55:35.371,69.3300,100
46544300707614,12:55:44.300,69.3300,100
46599467458263,12:56:39.467,69.3800,100
46619307232943,12:56:59.307,69.4000,7
46619307232943,12:56:59.307,69.4000,93
46621023236430,12:57:01.023,69.4000,7
46722062614692,12:58:42.062,69.4500,1
46731380635829,12:58:51.380,69.4700,1
46731380635829,12:58:51.380,69.4700,4
46748825952130,12:59:08.825,69.5000,25
46790833309528,12:59:50.833,69.5300,1
46794728327368,12:59:54.728,69.5500,1
46794728352367,12:59:54.728,69.5500,499
46828499233785,13:00:28.499,69.5600,1
46877842157627,13:01:17.842,69.5800,1
46877842185097,13:01:17.842,69.5800,1
46877842185097,13:01:17.842,69.5800,8
46877842543483,13:01:17.842,69.5900,10
46877844743687,13:01:17.844,69.6000,1
46877844743687,13:01:17.844,69.6000,2
46877844863534,13:01:17.844,69.6000,7
46877845234803,13:01:17.845,69.6100,1
46877845234803,13:01:17.845,69.6100,1
46878038662015,13:01:18.038,69.6100,1
46878038686705,13:01:18.038,69.6100,1
46878038688120,13:01:18.038,69.6100,1
46878151031791,13:01:18.151,69.6100,1
46878151344219,13:01:18.151,69.6200,10
46878152492678,13:01:18.152,69.6100,10
46878152492678,13:01:18.152,69.6100,5
46878153494219,13:01:18.153,69.5800,73
46964858944401,13:02:44.858,69.6200,1
46964858944401,13:02:44.858,69.6200,1
46978203799909,13:02:58.203,69.5900,100
46978203799909,13:02:58.203,69.5800,100
46978204365690,13:02:58.204,69.5800,98
46978204390461,13:02:58.204,69.5800,2
46978204390461,13:02:58.204,69.5800,20
46978204390461,13:02:58.204,69.5800,20
46990070374548,13:03:10.070,69.5200,1
47039001703562,13:03:59.001,69.4800,100
47039001727802,13:03:59.001,69.4800,100
47103826112975,13:05:03.826,69.4700,1
47141818064858,13:05:41.818,69.4700,1
47141818064858,13:05:41.818,69.4700,8
47183824255765,13:06:23.824,69.4700,1
47271174746459,13:07:51.174,69.4700,1
47271176130380,13:07:51.176,69.4400,100
47393848589272,13:09:53.848,69.4600,1
47418054922311,13:10:18.054,69.4500,11
47477463730518,13:11:17.463,69.4300,1
47532527851066,13:12:12.527,69.4200,1
47553007089869,13:12:33.007,69.4000,1
47571061383955,13:12:51.061,69.3700,1
47618945294369,13:13:38.945,69.3400,1
47618945388807,13:13:38.945,69.3200,200
47618945388807,13:13:38.945,69.3200,135
47694351728054,13:14:54.351,69.2700,100
47694351753851,13:14:54.351,69.2700,100
47867709694647,13:17:47.709,69.2500,1
47867709755147,13:17:47.709,69.2300,11
47875517499180,13:17:55.517,69.2000,100
47879841585381,13:17:59.841,69.2100,1
47880524412509,13:18:00.524,69.2100,299
47883231419582,13:18:03.231,69.2300,100
47883233549087,13:18:03.233,69.2400,93
47883233576500,13:18:03.233,69.2400,7
47883241160973,13:18:03.241,69.2500,100
47967483627334,13:19:27.483,69.2300,1
47986348333863,13:19:46.348,69.2200,1
47995362856671,13:19:55.362,69.2000,100
47995366215166,13:19:55.366,69.1900,100
48028378946110,13:20:28.378,69.1500,10
48074828857138,13:21:14.828,69.1400,1
48083871909047,13:21:23.871,69.1300,1
48140856059206,13:22:20.856,69.1000,1
48159017500092,13:22:39.017,69.0900,1
48180519024265,13:23:00.519,69.0800,1
48180519026125,13:23:00.519,69.0800,1
48180519048699,13:23:00.519,69.0800,15
48180519067901,13:23:00.519,69.0800,83
48180519067901,13:23:00.519,69.0700,17
48180519098084,13:23:00.519,69.0700,1
48180519411133,13:23:00.519,69.0700,1
48180519517962,13:23:00.519,69.0700,30
48180519952197,13:23:00.519,69.0700,51
48180537508053,13:23:00.537,69.0500,1
48181989116713,13:23:01.989,69.0500,3
48181991374663,13:23:01.991,69.0500,4
48183989037928,13:23:03.989,69.0500,5
48198989071304,13:23:18.989,69.0500,5
48235184525477,13:23:55.184,69.0500,1
48235184525477,13:23:55.184,69.0200,11
48288045822375,13:24:48.045,69.0700,70
48329490658947,13:25:29.490,69.0500,1
48394838491488,13:26:34.838,69.0900,100
48489860976128,13:28:09.860,69.0400,1
48587795847195,13:29:47.795,69.0100,200
48587795847195,13:29:47.795,69.0000,400
48587795847195,13:29:47.795,69.0000,300
48587795868298,13:29:47.795,69.0000,200
48587796329507,13:29:47.796,69.0000,100
48587796855781,13:29:47.796,68.9600,3
48635603970455,13:30:35.603,68.9600,1
48646055414463,13:30:46.055,68.9500,4
48674247056588,13:31:14.247,69.0100,76
48674247081013,13:31:14.247,69.0100,24
48674249968515,13:31:14.249,69.0200,100
48674442525846,13:31:14.442,68.9700,1
48674443159088,13:31:14.443,68.9600,200
48674445420242,13:31:14.445,68.9600,100
48674446506911,13:31:14.446,68.9500,96
48783974289006,13:33:03.974,68.9000,1
48788519952606,13:33:08.519,68.8600,4
48788519978348,13:33:08.519,68.8600,12
48788519978348,13:33:08.519,68.8600,100
48800378994621,13:33:20.378,68.8500,1
48819332227209,13:33:39.332,68.9000,1
48829270321040,13:33:49.270,68.8700,1
48833033777174,13:33:53.033,68.9100,20
48834732433718,13:33:54.732,68.9300,100
48834732534492,13:33:54.732,68.9300,100
48843035532260,13:34:03.035,68.9600,1
48844159043471,13:34:04.159,68.9800,100
48847554957895,13:34:07.554,68.9800,100
48847554962895,13:34:07.554,68.9900,100
48908245596390,13:35:08.245,69.0100,70
49031015040606,13:37:11.015,69.0800,100
49031015040606,13:37:11.015,69.0800,100
49032359490380,13:37:12.359,69.0900,1
49127023014755,13:38:47.023,69.0500,1
49203051246388,13:40:03.051,69.0100,85
49203051271263,13:40:03.051,69.0100,115
49203051272483,13:40:03.051,69.0100,100
49203051272483,13:40:03.051,69.0100,15
49203051287976,13:40:03.051,69.0100,85
49203053095590,13:40:03.053,69.0500,30
49203053187368,13:40:03.053,69.0100,30
49203053326906,13:40:03.053,69.0800,200
49203053868464,13:40:03.053,69.0200,19
49203053868464,13:40:03.053,69.0200,1
49203053868464,13:40:03.053,69.0200,80
49203053922433,13:40:03.053,69.0900,100
49219186814931,13:40:19.186,69.0700,222
49219186814931,13:40:19.186,69.0700,100
49219187338225,13:40:19.187,69.0700,25
49220461156511,13:40:20.461,69.0700,53
49267693949878,13:41:07.693,69.0400,5
49315051441217,13:41:55.051,69.1000,1
49316037242980,13:41:56.037,69.0800,100
49316438157304,13:41:56.438,69.0400,100
49353275310384,13:42:33.275,68.9800,2
49356717755197,13:42:36.717,68.9700,2
49356718376756,13:42:36.718,68.9600,1
49356718376756,13:42:36.718,68.9600,4
49370884292933,13:42:50.884,68.9500,1
49390026265742,13:43:10.026,68.9600,1
49390027097327,13:43:10.027,68.9400,2
49390027143733,13:43:10.027,68.9400,100
49390027143733,13:43:10.027,68.9300,35
49390027149170,13:43:10.027,68.9300,100
49468015865406,13:44:28.015,68.9400,1
49502360751336,13:45:02.360,68.9100,2
49502360751336,13:45:02.360,68.9100,100
49572887628751,13:46:12.887,68.9600,127
49572887628751,13:46:12.887,68.9600,100
49574824131589,13:46:14.824,68.9700,1
49596003558058,13:46:36.003,68.9400,17
49650014268314,13:47:30.014,68.9700,1
49725010917909,13:48:45.010,68.9500,1
49725648652169,13:48:45.648,68.9100,5
49771156988779,13:49:31.156,68.9100,95
49771156988779,13:49:31.156,68.9000,5
49779988543068,13:49:39.988,68.8900,100
49782995871909,13:49:42.995,68.9500,100
49901018791521,13:51:41.018,68.9300,1
49986022645215,13:53:06.022,69.0100,12
49989241470400,13:53:09.241,68.9900,1
50040088870107,13:54:00.088,69.0000,100
50063701313282,13:54:23.701,69.0100,28
50063701356958,13:54:23.701,69.0100,52
50063701773811,13:54:23.701,69.0100,20
50080925631799,13:54:40.925,68.9800,1
50155279649102,13:55:55.279,68.9300,100
50155279751560,13:55:55.279,68.9300,100
50289059247744,13:58:09.059,69.0300,1
50334012390458,13:58:54.012,69.0000,1
50397797442736,13:59:57.797,68.9600,100
50397797442736,13:59:57.797,68.9600,48
50397797655469,13:59:57.797,68.9600,5
50408991371227,14:00:08.991,69.0400,1
50408991371227,14:00:08.991,69.0400,1
50408991662539,14:00:08.991,69.0600,2
50408991662539,14:00:08.991,69.0700,1
50408991662539,14:00:08.991,69.0700,2
50408991663949,14:00:08.991,69.0800,1
50408991663949,14:00:08.991,69.0800,15
50408991810273,14:00:08.991,69.1000,2
50409627142033,14:00:09.627,69.1100,1
50409627142033,14:00:09.627,69.1100,96
50409627257961,14:00:09.627,69.1100,4
50409627357182,14:00:09.627,69.1200,2
50409627700898,14:00:09.627,69.1300,1
50410418750564,14:00:10.418,69.1400,1
50411021816428,14:00:11.021,69.1500,1
50413022301279,14:00:13.022,69.1600,1
50413035385318,14:00:13.035,69.1700,1
50413035457766,14:00:13.035,69.1800,2
50413062910787,14:00:13.062,69.1900,1
50423344536385,14:00:23.344,69.0900,100
50423345231459,14:00:23.345,69.0800,100
50423345606678,14:00:23.345,69.0800,75
50423345610595,14:00:23.345,69.0800,25
50440016458392,14:00:40.016,69.1100,1
50465002761448,14:01:05.002,69.2000,1
50466035576994,14:01:06.035,69.2300,100
50466035711631,14:01:06.035,69.2400,7
50513014227084,14:01:53.014,69.1300,1
50690312031513,14:04:50.312,69.4300,100
50690312748661,14:04:50.312,69.4800,100
50691054679766,14:04:51.054,69.5900,100
50691084346412,14:04:51.084,69.6000,100
50691084385967,14:04:51.084,69.6000,100
50770011552231,14:06:10.011,69.5800,1
50856015058889,14:07:36.015,69.5600,1
50860082464394,14:07:40.082,69.5300,6
50862922926565,14:07:42.922,69.5300,94
50862922926565,14:07:42.922,69.5100,6
50862923007552,14:07:42.923,69.5100,94
50862923007552,14:07:42.923,69.5100,6
50862923046902,14:07:42.923,69.5100,4
50944791073511,14:09:04.791,69.5200,1
50944791073511,14:09:04.791,69.5200,100
50946014990553,14:09:06.014,69.5300,1
50955274184995,14:09:15.274,69.4900,100
50968240492612,14:09:28.240,69.4400,100
50988862181428,14:09:48.862,69.4400,100
50997300096793,14:09:57.300,69.4200,1
50997300096793,14:09:57.300,69.4200,100
51032338273310,14:10:32.338,69.4100,100
51032339644272,14:10:32.339,69.4000,50
51032339653759,14:10:32.339,69.4000,50
51032339656252,14:10:32.339,69.4000,50
51066094212703,14:11:06.094,69.5700,100
51066096006544,14:11:06.096,69.5700,100
51119014957039,14:11:59.014,69.5800,1
51131769221433,14:12:11.769,69.5800,100
51153662118787,14:12:33.662,69.6700,5
51153662118787,14:12:33.662,69.6700,5
51154733209363,14:12:34.733,69.7200,300
51212868894522,14:13:32.868,69.8300,1
51292420850830,14:14:52.420,69.9200,100
51297072843521,14:14:57.072,69.8800,1
51304262370700,14:15:04.262,69.7900,100
51305503359542,14:15:05.503,69.7500,300
51305503386775,14:15:05.503,69.7500,100
51305503386775,14:15:05.503,69.7500,100
51305855813001,14:15:05.855,69.7700,20
51306283001735,14:15:06.283,69.7700,24
51325954029644,14:15:25.954,69.8000,100
51396316801523,14:16:36.316,69.8900,100
51396439205009,14:16:36.439,69.8600,1
51406745283324,14:16:46.745,69.9300,2
51406745283324,14:16:46.745,69.9300,98
51410779685662,14:16:50.779,69.9400,100
51442950412902,14:17:22.950,69.8400,1
51552017230139,14:19:12.017,69.9000,100
51560347277249,14:19:20.347,69.9300,32
51560347303700,14:19:20.347,69.9300,68
51562359271278,14:19:22.359,69.9300,100
51567014903773,14:19:27.014,69.8900,1
51596259629730,14:19:56.259,69.8400,100
51596259930094,14:19:56.259,69.8400,100
51636280672189,14:20:36.280,69.8000,100
51642756807641,14:20:42.756,69.8200,1
51642756807641,14:20:42.756,69.8200,99
51654274030810,14:20:54.274,69.8700,100
51654274075310,14:20:54.274,69.8700,100
51654274466489,14:20:54.274,69.8700,20
51654274686756,14:20:54.274,69.8700,20
51659478464398,14:20:59.478,69.8300,100
51660463471394,14:21:00.463,69.8300,36
51661242253722,14:21:01.242,69.8300,24
51678472830326,14:21:18.472,69.9400,64
51678472856496,14:21:18.472,69.9400,36
51678472856496,14:21:18.472,69.9400,100
51695136102608,14:21:35.136,69.9100,100
51701338376375,14:21:41.338,69.9000,100
51740382508531,14:22:20.382,69.9000,5
51802929473496,14:23:22.929,69.8800,1
51803823979063,14:23:23.823,69.9300,100
51806022989530,14:23:26.022,69.9600,20
51806023830778,14:23:26.023,69.9500,26
51806023830778,14:23:26.023,69.9400,74
51806023934467,14:23:26.023,69.9600,26
51808541692404,14:23:28.541,69.9400,6
51817201117244,14:23:37.201,69.9600,1
51885427518085,14:24:45.427,69.8900,100
51891864227685,14:24:51.864,69.8900,94
51891864227685,14:24:51.864,69.8900,6
51891864507465,14:24:51.864,69.8900,94
51891864581870,14:24:51.864,69.8500,39
51891864583208,14:24:51.864,69.8500,37
51891865417271,14:24:51.865,69.8500,11
51898700241802,14:24:58.700,69.8400,100
51988039415805,14:26:28.039,69.8400,1
52059703740775,14:27:39.703,69.8200,1
52104558153110,14:28:24.558,69.8000,1
52124300400049,14:28:44.300,69.8300,100
52150550452469,14:29:10.550,69.7700,10
52167021636346,14:29:27.021,69.8500,1
52179925665093,14:29:39.925,69.8300,100
52271039832908,14:31:11.039,69.8700,14
52271039999139,14:31:11.039,69.8700,32
52271040026935,14:31:11.040,69.8700,54
52271040026935,14:31:11.040,69.8700,50
52273809560041,14:31:13.809,69.8500,1
52281275459215,14:31:21.275,69.8400,100
52281275459215,14:31:21.275,69.8200,100
52281275467215,14:31:21.275,69.8200,100
52281305604275,14:31:21.305,69.7900,100
52281305604275,14:31:21.305,69.7900,100
52281306101305,14:31:21.306,69.7900,25
52289570677601,14:31:29.570,69.7600,6
52437046129539,14:33:57.046,69.8100,1
52456685297798,14:34:16.685,69.8300,100
52456685346796,14:34:16.685,69.8400,100
52456685372796,14:34:16.685,69.8400,12
52456685409355,14:34:16.685,69.8400,12
52494409095674,14:34:54.409,69.8800,100
52504179892755,14:35:04.179,69.8750,100
52539047350302,14:35:39.047,69.8900,1
52544072425339,14:35:44.072,69.8400,100
52563183982484,14:36:03.183,69.8100,100
52563184128432,14:36:03.184,69.8000,100
52563184521118,14:36:03.184,69.7900,84
52563184547760,14:36:03.184,69.7900,16
52564232315491,14:36:04.232,69.7600,100
52564515893609,14:36:04.515,69.7300,19
52565932577010,14:36:05.932,69.7300,3
52670045060875,14:37:50.045,69.7700,100
52670045793052,14:37:50.045,69.7800,100
52684334495238,14:38:04.334,69.8000,1
52763290264898,14:39:23.290,69.7200,100
52770402069398,14:39:30.402,69.6700,100
52831783551131,14:40:31.783,69.6700,10
52938702605911,14:42:18.702,69.7500,1
52938702605911,14:42:18.702,69.7500,36
52938702633951,14:42:18.702,69.7500,64
52941548272899,14:42:21.548,69.7300,100
52944444705044,14:42:24.444,69.7300,1
52944444705044,14:42:24.444,69.7300,33
52981460845462,14:43:01.460,69.6900,100
52981460950275,14:43:01.460,69.6600,15
52981460951509,14:43:01.460,69.6600,10
52981460962717,14:43:01.460,69.6600,38
52994983576266,14:43:14.983,69.6500,1
52995001290440,14:43:15.001,69.6400,100
52995002925820,14:43:15.002,69.6400,100
52995008224066,14:43:15.008,69.6600,100
53016316397970,14:43:36.316,69.6750,100
53028309341442,14:43:48.309,69.6750,100
53119059971543,14:45:19.059,69.6700,1
53189255912389,14:46:29.255,69.7100,1
53189258916007,14:46:29.258,69.7200,32
53189259866071,14:46:29.259,69.7200,32
53189260965210,14:46:29.260,69.7200,32
53189262706742,14:46:29.262,69.7200,4
53189262706742,14:46:29.262,69.7200,28
53189264254589,14:46:29.264,69.7200,32
53189264538795,14:46:29.264,69.7200,32
53189264727779,14:46:29.264,69.6750,100
53189265339169,14:46:29.265,69.7200,8
53189265339169,14:46:29.265,69.7200,24
53189265484957,14:46:29.265,69.6900,100
53189265609336,14:46:29.265,69.7200,76
53189318765769,14:46:29.318,69.7000,100
53189595707960,14:46:29.595,69.7200,100
53205011962948,14:46:45.011,69.6800,1
53205014325685,14:46:45.014,69.6800,100
53212599168808,14:46:52.599,69.7100,70
53212599179140,14:46:52.599,69.7100,30
53212599179140,14:46:52.599,69.7200,65
53212615915567,14:46:52.615,69.7000,100
53212874777973,14:46:52.874,69.7000,100
53216219349487,14:46:56.219,69.7000,100
53216219349487,14:46:56.219,69.7200,100
53216224660559,14:46:56.224,69.7200,86
53216303220268,14:46:56.303,69.7000,100
53221422027260,14:47:01.422,69.7000,100
53222110786661,14:47:02.110,69.7000,100
53222114476597,14:47:02.114,69.7100,18
53222114476597,14:47:02.114,69.7300,40
53222114504923,14:47:02.114,69.7300,2
53222114531014,14:47:02.114,69.7300,56
53222114558813,14:47:02.114,69.7300,2
53222114558813,14:47:02.114,69.7300,44
53222114564137,14:47:02.114,69.7300,2
53222114586809,14:47:02.114,69.7300,10
53222114626256,14:47:02.114,69.7300,44
53232118455302,14:47:12.118,69.7350,100
53247255721819,14:47:27.255,69.7600,3
53323031915797,14:48:43.031,69.7300,1
53337016151775,14:48:57.016,69.7350,4
53377064791790,14:49:37.064,69.7600,79
53377064972099,14:49:37.064,69.7300,15
53377065199713,14:49:37.065,69.7400,100
53379041512111,14:49:39.041,69.7700,100
53379041512111,14:49:39.041,69.7700,100
53385881437041,14:49:45.881,69.8100,20
53385886719080,14:49:45.886,69.8200,1
53385886719080,14:49:45.886,69.8200,100
53385906302629,14:49:45.906,69.8300,20
53386041932531,14:49:46.041,69.8400,20
53400932204928,14:50:00.932,69.8500,10
53400932742704,14:50:00.932,69.8600,1
53400932840685,14:50:00.932,69.8500,100
53400932927581,14:50:00.932,69.8500,5
53400933536719,14:50:00.933,69.8400,1
53400933655669,14:50:00.933,69.8500,30
53400933655669,14:50:00.933,69.8600,70
53400933919683,14:50:00.933,69.8400,30
53401243989142,14:50:01.243,69.8200,1
53460940963466,14:51:00.940,69.8200,100
53460940993547,14:51:00.940,69.8200,100
53460971070420,14:51:00.971,69.8100,100
53460971130670,14:51:00.971,69.8000,100
53460977700708,14:51:00.977,69.7900,100
53460977702348,14:51:00.977,69.7900,100
53461225881568,14:51:01.225,69.7800,29
53461225907044,14:51:01.225,69.7800,71
53461236762808,14:51:01.236,69.7800,100
53511111220359,14:51:51.111,69.8600,100
53511117971656,14:51:51.117,69.8700,1
53511117971656,14:51:51.117,69.8700,19
53511144889368,14:51:51.144,69.8800,10
53533125582924,14:52:13.125,69.9000,100
53533125582924,14:52:13.125,69.9000,10
53533126084671,14:52:13.126,69.9100,1
53533126084671,14:52:13.126,69.9100,9
53536215773497,14:52:16.215,69.9200,1
53538534835682,14:52:18.534,69.9300,10
53540749560212,14:52:20.749,69.9400,10
53542042717489,14:52:22.042,69.9500,10
53553026240374,14:52:33.026,69.9600,10
53572020883091,14:52:52.020,69.9700,1
53572020935559,14:52:52.020,69.9800,10
53572023043694,14:52:52.023,69.9900,10
53572023043694,14:52:52.023,69.9900,7
53574349335684,14:52:54.349,70.0000,4
53574349335684,14:52:54.349,70.0000,50
53574349335684,14:52:54.349,70.0000,270
53574349363841,14:52:54.349,70.0000,30
53574349363841,14:52:54.349,70.0000,105
53574349373076,14:52:54.349,70.0000,39
53574349373076,14:52:54.349,70.0000,1
53574349373076,14:52:54.349,70.0000,10
53574349373076,14:52:54.349,70.0000,8
53574349377970,14:52:54.349,70.0000,183
53574349669433,14:52:54.349,70.0000,300
53574349773137,14:52:54.349,70.0000,50
53574349792690,14:52:54.349,70.0000,50
53574349817832,14:52:54.349,70.0000,200
53574349817832,14:52:54.349,70.0000,50
53580346708056,14:53:00.346,69.9800,1
53580347861124,14:53:00.347,69.9800,33
53580348195672,14:53:00.348,69.9500,100
53582860949776,14:53:02.860,69.9300,100
53582860949776,14:53:02.860,69.9300,100
53585179507090,14:53:05.179,69.9800,1
53585861255038,14:53:05.861,69.9100,100
53596859107659,14:53:16.859,69.9900,100
53597039398732,14:53:17.039,70.0000,100
53597039809875,14:53:17.039,70.0000,100
53597040255749,14:53:17.040,70.0000,100
53609058667300,14:53:29.058,69.9500,1
53609058667300,14:53:29.058,69.9500,100
53657000065857,14:54:17.000,69.9000,100
53754086074136,14:55:54.086,69.9500,100
53768973070975,14:56:08.973,69.9500,1
53768978387731,14:56:08.978,69.9600,12
53768978387731,14:56:08.978,69.9600,100
53768998977659,14:56:08.998,69.9700,38
53769057872581,14:56:09.057,69.9700,1
53770829670199,14:56:10.829,69.9700,94
53772707033165,14:56:12.707,69.9300,100
53772707057262,14:56:12.707,69.9300,100
53772707110351,14:56:12.707,69.9000,99
53772707111963,14:56:12.707,69.9000,1
53804625351277,14:56:44.625,69.9600,100
53804625404982,14:56:44.625,69.9700,100
53804625431840,14:56:44.625,69.9700,112
53804855385388,14:56:44.855,69.9700,100
53904027791522,14:58:24.027,69.9900,28
53904027817983,14:58:24.027,69.9900,41
53904028124148,14:58:24.028,69.9900,31
53917026188043,14:58:37.026,69.9700,1
54000975437030,15:00:00.975,70.0000,100
54000975442480,15:00:00.975,70.0000,100
54000975561252,15:00:00.975,70.0000,57
54000975725188,15:00:00.975,70.0000,43
54000975725188,15:00:00.975,70.0000,14
54000975784521,15:00:00.975,70.0000,57
54000976175482,15:00:00.976,70.0000,57
54000998176027,15:00:00.998,70.0000,172
54000998176027,15:00:00.998,70.0000,128
54003042151127,15:00:03.042,69.9900,1
54003615715219,15:00:03.615,69.9800,100
54003615715219,15:00:03.615,69.9800,100
54004034103660,15:00:04.034,69.9700,100
54004384560207,15:00:04.384,69.9700,40
54023354608701,15:00:23.354,69.9500,100
54023354635502,15:00:23.354,69.9500,200
54023354635502,15:00:23.354,69.9500,100
54023354671121,15:00:23.354,69.9500,100
54023355005884,15:00:23.355,69.9400,100
54023355005884,15:00:23.355,69.9400,1
54023356442823,15:00:23.356,69.9400,20
54026356359656,15:00:26.356,69.9400,15
54026805229886,15:00:26.805,69.9500,100
54026806318953,15:00:26.806,69.9600,100
54032418931969,15:00:32.418,69.9400,100
54080903376685,15:01:20.903,69.9600,1
54080903376685,15:01:20.903,69.9300,99
54084005895162,15:01:24.005,69.9300,1
54166470836247,15:02:46.470,69.9100,1
54251487684963,15:04:11.487,69.9000,1
54261461187556,15:04:21.461,69.8700,33
54261461187556,15:04:21.461,69.8500,100
54261461187556,15:04:21.461,69.8500,68
54261461490830,15:04:21.461,69.8500,32
54261461490830,15:04:21.461,69.8500,1
54261461490830,15:04:21.461,69.8500,5
54261461490830,15:04:21.461,69.8500,95
54263993385083,15:04:23.993,69.8200,6
54284161106714,15:04:44.161,69.8200,41
54284161106714,15:04:44.161,69.8200,3
54284161106714,15:04:44.161,69.8200,100
54284163020052,15:04:44.163,69.8400,30
54284163020052,15:04:44.163,69.8400,24
54286847405773,15:04:46.847,69.8500,100
54286847405773,15:04:46.847,69.8500,100
54286847405773,15:04:46.847,69.8500,100
54286859655594,15:04:46.859,69.8400,10
54288977304010,15:04:48.977,69.8500,33
54303472114924,15:05:03.472,69.8700,2
54304535057144,15:05:04.535,69.9200,160
54325713576331,15:05:25.713,69.9300,5
54328362280833,15:05:28.362,69.8900,40
54328362280833,15:05:28.362,69.8900,29
54328362310724,15:05:28.362,69.8900,102
54328362336998,15:05:28.362,69.8900,69
54359247248287,15:05:59.247,69.8500,100
54375365413644,15:06:15.365,69.8000,100
54375366543833,15:06:15.366,69.8100,100
54471035662317,15:07:51.035,69.7800,1
54481204312807,15:08:01.204,69.8000,100
54481204870739,15:08:01.204,69.8000,18
54481204974104,15:08:01.204,69.8000,82
54481205750540,15:08:01.205,69.8100,100
54481206149903,15:08:01.206,69.8200,1
54495660870773,15:08:15.660,69.8300,2
54495660870773,15:08:15.660,69.8300,2
54543537447689,15:09:03.537,69.8300,1
54548220917252,15:09:08.220,69.8100,100
54548220957958,15:09:08.220,69.8100,90
54548220974626,15:09:08.220,69.8100,10
54548220974626,15:09:08.220,69.8100,7
54597036120018,15:09:57.036,69.7600,1
54601198179833,15:10:01.198,69.7100,2
54601198179833,15:10:01.198,69.7100,1
54601198179833,15:10:01.198,69.7100,1
54601198179833,15:10:01.198,69.7100,1
54606479562014,15:10:06.479,69.6900,100
54606479562014,15:10:06.479,69.6900,16
54615213425720,15:10:15.213,69.6900,100
54650221734306,15:10:50.221,69.6200,1
54650221734306,15:10:50.221,69.6200,3
54650221734306,15:10:50.221,69.6200,1
54668677939186,15:11:08.677,69.5500,3
54743012086928,15:12:23.012,69.5350,12
54756898490837,15:12:36.898,69.5800,100
54771128485360,15:12:51.128,69.5900,1
54771128485360,15:12:51.128,69.6000,99
54771128524339,15:12:51.128,69.6000,1
54781590546948,15:13:01.590,69.6200,5
54852331476160,15:14:12.331,69.6400,56
54852331502948,15:14:12.331,69.6400,71
54852331502948,15:14:12.331,69.6400,29
54852331512587,15:14:12.331,69.6400,1
54852331652838,15:14:12.331,69.6700,1
54852331652838,15:14:12.331,69.6700,1
54859039410534,15:14:19.039,69.6800,1
54884781490973,15:14:44.781,69.6900,2
54884781610114,15:14:44.781,69.7000,1
54893125607224,15:14:53.125,69.7200,1
54893125607224,15:14:53.125,69.7200,4
54893125607224,15:14:53.125,69.7300,2
54893125607224,15:14:53.125,69.7400,1
54893125607224,15:14:53.125,69.7400,1
54893125607224,15:14:53.125,69.7500,1
54893125607224,15:14:53.125,69.7500,1
54893125607224,15:14:53.125,69.7600,2
54947015599633,15:15:47.015,69.7500,1
54999121583001,15:16:39.121,69.7200,98
54999121588342,15:16:39.121,69.7200,4
54999121591841,15:16:39.121,69.7200,50
54999121611842,15:16:39.121,69.7200,48
54999121611842,15:16:39.121,69.7200,1
55067429871776,15:17:47.429,69.7000,100
55067429871776,15:17:47.429,69.7000,100
55067429871776,15:17:47.429,69.7000,78
55119178946417,15:18:39.178,69.7200,1
55119178946417,15:18:39.178,69.7200,99
55182809088493,15:19:42.809,69.7350,1
55182809170405,15:19:42.809,69.7350,1
55182809523478,15:19:42.809,69.7500,1
55188751488884,15:19:48.751,69.7500,12
55203685788720,15:20:03.685,69.7800,12
55204627390554,15:20:04.627,69.8300,44
55204627391075,15:20:04.627,69.8300,46
55204627475578,15:20:04.627,69.8300,10
55218467525352,15:20:18.467,69.8200,1
55297012103080,15:21:37.012,69.8500,1
55333228822868,15:22:13.228,69.8000,100
55333228822868,15:22:13.228,69.8000,200
55333228822868,15:22:13.228,69.8000,3
55333228822868,15:22:13.228,69.8000,100
55333229755833,15:22:13.229,69.8000,100
55333230207835,15:22:13.230,69.7900,100
55333230207835,15:22:13.230,69.7800,42
55333230242664,15:22:13.230,69.7800,50
55333259047139,15:22:13.259,69.7800,8
55333259047139,15:22:13.259,69.7800,100
55333259047139,15:22:13.259,69.7800,88
55333259721317,15:22:13.259,69.7700,100
55333440450097,15:22:13.440,69.7450,100
55333440450097,15:22:13.440,69.7000,100
55333440476070,15:22:13.440,69.7000,100
55381202287394,15:23:01.202,69.7000,12
55381202287394,15:23:01.202,69.7000,8
55381202287394,15:23:01.202,69.7000,31
55381202287394,15:23:01.202,69.7000,49
55381202317583,15:23:01.202,69.7000,66
55381202374885,15:23:01.202,69.7100,70
55381202394233,15:23:01.202,69.7100,30
55381202394233,15:23:01.202,69.7100,6
55393896602854,15:23:13.896,69.7200,6
55398057220287,15:23:18.057,69.7000,1
55421479562174,15:23:41.479,69.7000,100
55421479562174,15:23:41.479,69.7100,50
55425145056532,15:23:45.145,69.6700,5
55425145056532,15:23:45.145,69.6700,3
55425145056532,15:23:45.145,69.6600,2
55425145142926,15:23:45.145,69.6600,36
55425147469416,15:23:45.147,69.6600,62
55425150527798,15:23:45.150,69.6600,100
55426157078170,15:23:46.157,69.6100,1
55426157078170,15:23:46.157,69.6100,1
55426157083784,15:23:46.157,69.6100,2
55426157084307,15:23:46.157,69.6100,2
55426157131826,15:23:46.157,69.6000,1
55461928850560,15:24:21.928,69.6900,100
55465843711824,15:24:25.843,69.7000,100
55465843737824,15:24:25.843,69.7000,100
55465843752397,15:24:25.843,69.7100,57
55465843755122,15:24:25.843,69.7100,43
55465843755122,15:24:25.843,69.7100,57
55465843790403,15:24:25.843,69.7100,43
55465843790902,15:24:25.843,69.7200,7
55465843791403,15:24:25.843,69.7200,50
55465843797122,15:24:25.843,69.7200,43
55576480262905,15:26:16.480,69.7100,1
55576480262905,15:26:16.480,69.7100,11
55576481333082,15:26:16.481,69.7000,5
55576481333082,15:26:16.481,69.7000,4
55619775054160,15:26:59.775,69.6700,100
55619775054160,15:26:59.775,69.6700,100
55619775054160,15:26:59.775,69.6700,100
55619775100092,15:26:59.775,69.6500,44
55619775102478,15:26:59.775,69.6500,50
55619775113001,15:26:59.775,69.6500,6
55619775166470,15:26:59.775,69.6400,18
55619775862783,15:26:59.775,69.6400,82
55620277576493,15:27:00.277,69.6200,100
55660699289336,15:27:40.699,69.6400,2
55660699393518,15:27:40.699,69.6100,30
55665554192999,15:27:45.554,69.6300,20
55672125662328,15:27:52.125,69.6300,10
55672125662328,15:27:52.125,69.6300,42
55673120352293,15:27:53.120,69.6500,40
55673120362534,15:27:53.120,69.6500,60
55673120362534,15:27:53.120,69.6500,2
55673120364393,15:27:53.120,69.6500,50
55673120458638,15:27:53.120,69.6500,48
55673133029908,15:27:53.133,69.6200,30
55673139382029,15:27:53.139,69.6600,14
55673143625006,15:27:53.143,69.6500,26
55673143625006,15:27:53.143,69.6500,100
55673143625006,15:27:53.143,69.6600,60
55673534754342,15:27:53.534,69.6600,26
55673534754342,15:27:53.534,69.6600,100
55683057836784,15:28:03.057,69.7100,5
55713828141154,15:28:33.828,69.7200,1
55713828141154,15:28:33.828,69.7200,97
55726486072015,15:28:46.486,69.7500,100
55726486072015,15:28:46.486,69.7600,2
55743144684502,15:29:03.144,69.7600,100
55743145172513,15:29:03.145,69.7400,10
55743392080679,15:29:03.392,69.7500,20
55743392108708,15:29:03.392,69.7500,100
55745487313896,15:29:05.487,69.7500,1
55750021496512,15:29:10.021,69.7100,100
55750021496512,15:29:10.021,69.7100,3
55750021496512,15:29:10.021,69.7100,1
55797661074958,15:29:57.661,69.6700,11
55797661120469,15:29:57.661,69.6600,38
55797661121778,15:29:57.661,69.6600,36
55797661186331,15:29:57.661,69.6600,10
55797661187685,15:29:57.661,69.6600,10
55797661203614,15:29:57.661,69.6600,6
55813486996938,15:30:13.486,69.6100,48
55813487021905,15:30:13.487,69.6100,52
55815497963776,15:30:15.497,69.5800,100
55905189468706,15:31:45.189,69.6300,1
55950821230161,15:32:30.821,69.5900,10
55951486884006,15:32:31.486,69.5900,16
55989018068416,15:33:09.018,69.6400,1
56040522199154,15:34:00.522,69.5900,3
56046196070054,15:34:06.196,69.5800,100
56135814270215,15:35:35.814,69.6500,100
56139461656590,15:35:39.461,69.6600,100
56139461656590,15:35:39.461,69.6600,4
56163034667120,15:36:03.034,69.6900,1
56168642908874,15:36:08.642,69.6600,11
56168642908874,15:36:08.642,69.6600,62
56168642910624,15:36:08.642,69.6600,38
56168642976297,15:36:08.642,69.6500,29
56168642978177,15:36:08.642,69.6500,71
56200814575737,15:36:40.814,69.6300,100
56223695412171,15:37:03.695,69.6500,1
56240292674056,15:37:20.292,69.6600,9
56240292674056,15:37:20.292,69.6600,96
56240292709990,15:37:20.292,69.6600,4
56263128538098,15:37:43.128,69.7000,100
56265869256703,15:37:45.869,69.7000,1
56277372252803,15:37:57.372,69.6700,25
56277372252803,15:37:57.372,69.6700,75
56277372299050,15:37:57.372,69.6700,25
56298986441931,15:38:18.986,69.6600,3
56298986905861,15:38:18.986,69.6500,100
56301564259289,15:38:21.564,69.6500,15
56301564286157,15:38:21.564,69.6500,8
56321307307353,15:38:41.307,69.6700,30
56321308125220,15:38:41.308,69.6700,15
56373651635738,15:39:33.651,69.6700,21
56374543781276,15:39:34.543,69.6500,100
56380006980209,15:39:40.006,69.6500,23
56388679349076,15:39:48.679,69.6200,1
56412346943947,15:40:12.346,69.6200,77
56412346943947,15:40:12.346,69.6200,23
56412346979311,15:40:12.346,69.6200,77
56427337612904,15:40:27.337,69.6100,40
56427337623049,15:40:27.337,69.6100,60
56427337626908,15:40:27.337,69.6000,17
56427337631265,15:40:27.337,69.6000,30
56427345170067,15:40:27.345,69.6000,3
56427345196096,15:40:27.345,69.6000,10
56481093382090,15:41:21.093,69.6000,1
56481655578831,15:41:21.655,69.6000,10
56481662904364,15:41:21.662,69.6000,2
56497473708305,15:41:37.473,69.6000,87
56515097950383,15:41:55.097,69.6100,1
56515099773872,15:41:55.099,69.6000,15
56515099773872,15:41:55.099,69.6000,98
56515116118705,15:41:55.116,69.6000,2
56528028313524,15:42:08.028,69.5800,2
56598070521346,15:43:18.070,69.6600,1
56620838731917,15:43:40.838,69.6400,3
56635886579553,15:43:55.886,69.6900,100
56650548497837,15:44:10.548,69.6800,1
56667907177338,15:44:27.907,69.6700,100
56667907201886,15:44:27.907,69.6700,1
56744710410215,15:45:44.710,69.7000,36
56744710410215,15:45:44.710,69.7000,20
56744710410215,15:45:44.710,69.7000,1
56744710410215,15:45:44.710,69.7000,1
56744716078245,15:45:44.716,69.6900,30
56744716078245,15:45:44.716,69.6800,1
56744716078245,15:45:44.716,69.6800,50
56755806321199,15:45:55.806,69.7000,30
56756800948059,15:45:56.800,69.7100,100
56756800992306,15:45:56.800,69.7200,100
56764710028129,15:46:04.710,69.7600,13
56767977286662,15:46:07.977,69.7500,100
56768199357603,15:46:08.199,69.7500,10
56775797570194,15:46:15.797,69.7300,4
56800705851271,15:46:40.705,69.7200,72
56800705951046,15:46:40.705,69.7200,28
56800705951046,15:46:40.705,69.7200,100
56800705951046,15:46:40.705,69.7200,100
56800706374825,15:46:40.706,69.7200,100
56804922343730,15:46:44.922,69.7000,100
56828169009015,15:47:08.169,69.7200,1
56849665705981,15:47:29.665,69.7200,27
56863580469217,15:47:43.580,69.7000,300
56879226916034,15:47:59.226,69.7200,1
56892978095352,15:48:12.978,69.7600,51
56892978095352,15:48:12.978,69.7600,100
56893016361000,15:48:13.016,69.7600,1
56893016941587,15:48:13.016,69.7600,37
56893017021584,15:48:13.017,69.7600,11
56914141172278,15:48:34.141,69.7600,28
56918861954188,15:48:38.861,69.7800,80
56965710322895,15:49:25.710,69.7900,12
56965710322895,15:49:25.710,69.8000,77
56966146571532,15:49:26.146,69.7900,1
56966176980709,15:49:26.176,69.7800,3
56966177002908,15:49:26.177,69.7800,10
56966177006049,15:49:26.177,69.7800,87
56999306540408,15:49:59.306,69.8000,5
56999306540408,15:49:59.306,69.8000,12
57010799582800,15:50:10.799,69.7500,100
57010799582800,15:50:10.799,69.7500,1
57010799641794,15:50:10.799,69.7500,47
57010799642343,15:50:10.799,69.7500,50
57010799665774,15:50:10.799,69.7500,1
57010799689236,15:50:10.799,69.7500,1
57010799713685,15:50:10.799,69.7500,1
57010799715682,15:50:10.799,69.7500,100
57010799868327,15:50:10.799,69.7400,51
57010799882403,15:50:10.799,69.7400,2
57010799897504,15:50:10.799,69.7400,44
57010799912559,15:50:10.799,69.7400,3
57010799912559,15:50:10.799,69.7400,100
57010799912559,15:50:10.799,69.7400,95
57010799924561,15:50:10.799,69.7400,105
57010800571636,15:50:10.800,69.7200,21
57011093170059,15:50:11.093,69.7200,2
57011093196767,15:50:11.093,69.7200,77
57011093196767,15:50:11.093,69.7200,100
57011093196767,15:50:11.093,69.7200,28
57011093226989,15:50:11.093,69.7200,2
57011590353172,15:50:11.590,69.7000,200
57011590353172,15:50:11.590,69.7000,1
57011590353172,15:50:11.590,69.7000,99
57011590383246,15:50:11.590,69.7000,101
57014592194623,15:50:14.592,69.6900,2
57015890014268,15:50:15.890,69.6800,5
57052598960756,15:50:52.598,69.6800,100
57070398044106,15:51:10.398,69.6800,14
57070398071314,15:51:10.398,69.6800,86
57070398071314,15:51:10.398,69.6800,100
57083696494317,15:51:23.696,69.6700,5
57096406927775,15:51:36.406,69.6700,100
57096407511118,15:51:36.407,69.6800,60
57096407586102,15:51:36.407,69.6800,18
57096460224902,15:51:36.460,69.6800,22
57142621118394,15:52:22.621,69.6800,1
57142621118394,15:52:22.621,69.6700,100
57142621118394,15:52:22.621,69.6700,1
57153628579854,15:52:33.628,69.6500,100
57153628583408,15:52:33.628,69.6500,49
57153628593096,15:52:33.628,69.6500,51
57167649742296,15:52:47.649,69.6200,1
57167649742296,15:52:47.649,69.6200,1
57167649742296,15:52:47.649,69.6200,136
57167649770393,15:52:47.649,69.6200,295
57170590606130,15:52:50.590,69.6200,100
57170590640120,15:52:50.590,69.6200,100
57170590642655,15:52:50.590,69.6300,50
57170592252081,15:52:50.592,69.6200,100
57170592252081,15:52:50.592,69.6200,100
57170593025672,15:52:50.593,69.6100,1
57170593025672,15:52:50.593,69.6100,99
57171461685543,15:52:51.461,69.6100,1
57171461685543,15:52:51.461,69.6100,99
57171461813773,15:52:51.461,69.6100,1
57187637391786,15:53:07.637,69.6000,1
57187638515608,15:53:07.638,69.5800,100
57187724321956,15:53:07.724,69.5700,1
57188469690796,15:53:08.469,69.5300,1
57190019490983,15:53:10.019,69.5200,1
57190403746887,15:53:10.403,69.5300,100
57190407020226,15:53:10.407,69.5400,100
57190407063497,15:53:10.407,69.5400,100
57190407069367,15:53:10.407,69.5500,99
57216503441264,15:53:36.503,69.5500,1
57218370278679,15:53:38.370,69.5600,100
57218370312609,15:53:38.370,69.5600,12
57242004332472,15:54:02.004,69.5500,1
57270718838680,15:54:30.718,69.6000,14
57300046563466,15:55:00.046,69.6600,100
57300046563466,15:55:00.046,69.6700,100
57300161362205,15:55:00.161,69.6600,81
57300283188552,15:55:00.283,69.6600,19
57302987008503,15:55:02.987,69.6700,100
57304657014555,15:55:04.657,69.6600,100
57318893415088,15:55:18.893,69.6700,86
57318924293349,15:55:18.924,69.6500,74
57318924351469,15:55:18.924,69.6500,5
57329995346869,15:55:29.995,69.6800,19
57329995349759,15:55:29.995,69.6800,50
57329995360095,15:55:29.995,69.6800,100
57330238582029,15:55:30.238,69.6600,1
57335600634132,15:55:35.600,69.6700,127
57335600634132,15:55:35.600,69.6700,173
57337029261460,15:55:37.029,69.6700,28
57363686617320,15:56:03.686,69.6700,1
57363686617320,15:56:03.686,69.6700,128
57363686617320,15:56:03.686,69.6700,71
57363686618804,15:56:03.686,69.6700,229
57363686618804,15:56:03.686,69.6700,21
57363686621249,15:56:03.686,69.6700,50
57363686622894,15:56:03.686,69.6700,50
57363686625209,15:56:03.686,69.6700,43
57363686625209,15:56:03.686,69.6700,4
57363686625209,15:56:03.686,69.6700,3
57363686648231,15:56:03.686,69.6700,97
57363686893417,15:56:03.686,69.6700,100
57363688239069,15:56:03.688,69.6700,29
57364996820936,15:56:04.996,69.6900,100
57365601014323,15:56:05.601,69.6700,29
57365601014323,15:56:05.601,69.6700,71
57370116070532,15:56:10.116,69.6900,100
57383800149586,15:56:23.800,69.7500,100
57402127843083,15:56:42.127,69.7400,24
57402127867844,15:56:42.127,69.7400,13
57402193663666,15:56:42.193,69.7400,100
57402275583278,15:56:42.275,69.7400,99
57402275622079,15:56:42.275,69.7400,64
57402275622079,15:56:42.275,69.7400,99
57402275622079,15:56:42.275,69.7400,37
57402275623316,15:56:42.275,69.7400,50
57402275631972,15:56:42.275,69.7400,13
57402275633432,15:56:42.275,69.7200,66
57403967593452,15:56:43.967,69.7300,12
57403974531143,15:56:43.974,69.7300,3
57420010035691,15:57:00.010,69.7300,45
57420011177829,15:57:00.011,69.7300,100
57422688737712,15:57:02.688,69.7400,100
57422688774416,15:57:02.688,69.7400,100
57439599604279,15:57:19.599,69.7500,100
57439600207046,15:57:19.600,69.7500,100
57439600207046,15:57:19.600,69.7500,200
57444207143760,15:57:24.207,69.7400,232
57444210361920,15:57:24.210,69.7400,68
57444210361920,15:57:24.210,69.7400,32
57444210399315,15:57:24.210,69.7400,50
57447607042820,15:57:27.607,69.7400,9
57447607042820,15:57:27.607,69.7400,23
57447607042820,15:57:27.607,69.7400,135
57447607042820,15:57:27.607,69.7400,133
57447607088247,15:57:27.607,69.7400,53
57456099030700,15:57:36.099,69.7300,47
57463709723493,15:57:43.709,69.7300,88
57473445107358,15:57:53.445,69.7400,70
57473445107358,15:57:53.445,69.7400,30
57478203867539,15:57:58.203,69.7400,100
57478617437911,15:57:58.617,69.7400,100
57480503554352,15:58:00.503,69.7400,10
57481214559648,15:58:01.214,69.7400,90
57481214559648,15:58:01.214,69.7400,100
57481214559648,15:58:01.214,69.7400,10
57481214647946,15:58:01.214,69.7400,90
57481214647946,15:58:01.214,69.7400,19
57483458865646,15:58:03.458,69.7500,100
57483458865646,15:58:03.458,69.7500,100
57483458952379,15:58:03.458,69.7500,50
57483465412577,15:58:03.465,69.7500,50
57483465412577,15:58:03.465,69.7500,100
57500677167056,15:58:20.677,69.7450,1
57508824415460,15:58:28.824,69.7500,10
57508824415460,15:58:28.824,69.7500,3
57508824424525,15:58:28.824,69.7600,50
57508824427791,15:58:28.824,69.7600,50
57508824428410,15:58:28.824,69.7600,50
57508824429811,15:58:28.824,69.7600,50
57517712525516,15:58:37.712,69.7600,10
57517712525516,15:58:37.712,69.7600,90
57520071777689,15:58:40.071,69.7600,10
57520071777689,15:58:40.071,69.7600,40
57523149420331,15:58:43.149,69.7600,60
57532709719570,15:58:52.709,69.7900,75
57539555985029,15:58:59.555,69.8100,17
57545795760511,15:59:05.795,69.8500,63
57555646999373,15:59:15.646,69.8600,200
57555646999373,15:59:15.646,69.8600,100
57555646999373,15:59:15.646,69.8600,100
57558066069132,15:59:18.066,69.8700,1
57558552542155,15:59:18.552,69.8700,66
57566839264155,15:59:26.839,69.8400,1
57568442920861,15:59:28.442,69.8700,100
57570062136565,15:59:30.062,69.8800,9
57572608992490,15:59:32.608,69.8500,100
57574832686911,15:59:34.832,69.8650,100
57574832817605,15:59:34.832,69.8800,35
57580615373856,15:59:40.615,69.8800,65
57580615373856,15:59:40.615,69.8800,200
57580615373856,15:59:40.615,69.8800,100
57580840759603,15:59:40.840,69.8900,54
57582678401549,15:59:42.678,69.8900,100
57583356423403,15:59:43.356,69.8700,4
57583358940200,15:59:43.358,69.8700,4
57584097051605,15:59:44.097,69.8900,46
57584097051605,15:59:44.097,69.8900,200
57584097051605,15:59:44.097,69.8900,6
57584097051605,15:59:44.097,69.8900,193
57584097051605,15:59:44.097,69.8900,100
57584097051605,15:59:44.097,69.8900,55
57584097732955,15:59:44.097,69.8900,45
57584097732955,15:59:44.097,69.8900,87
57589009674738,15:59:49.009,69.8900,62
57589611067590,15:59:49.611,69.8700,89
57589611067590,15:59:49.611,69.8700,100
57589611067590,15:59:49.611,69.8700,11
57589611094850,15:59:49.611,69.8700,122
57590303873267,15:59:50.303,69.8300,20
57595453179399,15:59:55.453,69.8500,6
57595735917107,15:59:55.735,69.8500,74
57595735917107,15:59:55.735,69.8500,26
57596364178020,15:59:56.364,69.8400,5
57597617631836,15:59:57.617,69.8400,95
57597617631836,15:59:57.617,69.8300,5
57598977261468,15:59:58.977,69.8300,101
57600550600952,16:00:00.550,69.8700,24892
