timestamp,time,price,volume
34123135924724,09:28:43.135,23.5400,100
34198034394593,09:29:58.034,23.3000,100
34198034394593,09:29:58.034,23.3300,100
34200921503981,09:30:00.921,23.5000,7704
34417161120878,09:33:37.161,23.4600,4
34438767836122,09:33:58.767,23.3300,45
34496950103493,09:34:56.950,23.4500,1
34573012341898,09:36:13.012,23.3200,2
34787526432619,09:39:47.526,23.4200,100
34811438599063,09:40:11.438,23.3500,11
34878999957738,09:41:18.999,23.4300,100
34878999957738,09:41:18.999,23.4300,29
34878999957738,09:41:18.999,23.4300,100
34878999998817,09:41:18.999,23.4300,100
34881519157305,09:41:21.519,23.4400,665
34881519182473,09:41:21.519,23.4400,335
35037262244630,09:43:57.262,23.4700,66
35037262305983,09:43:57.262,23.4700,34
35037262867257,09:43:57.262,23.4800,100
35040020665908,09:44:00.020,23.5000,100
35200441622896,09:46:40.441,23.5200,100
35290545293477,09:48:10.545,23.4700,45
35290545350726,09:48:10.545,23.4600,45
35290545663953,09:48:10.545,23.4600,200
35290545663953,09:48:10.545,23.4600,99
35290545700818,09:48:10.545,23.4600,1
35290545700818,09:48:10.545,23.4600,100
35290545700818,09:48:10.545,23.4600,100
35290545700818,09:48:10.545,23.4600,61
35290545728246,09:48:10.545,23.4600,39
35290545728246,09:48:10.545,23.4600,92
35290545755885,09:48:10.545,23.4600,8
35290546053080,09:48:10.546,23.4600,81
35290546099950,09:48:10.546,23.4600,19
35327866503687,09:48:47.866,23.5000,100
35327866503687,09:48:47.866,23.5100,100
35327866577207,09:48:47.866,23.5100,100
35327866591689,09:48:47.866,23.5100,200
35327866674941,09:48:47.866,23.5100,60
35371237193804,09:49:31.237,23.5100,100
35392140449396,09:49:52.140,23.5100,200
35392140473335,09:49:52.140,23.5100,45
35517982719982,09:51:57.982,23.4800,19
35517982743740,09:51:57.982,23.4800,3
35525020122191,09:52:05.020,23.4800,78
35525020122191,09:52:05.020,23.4800,22
35525020212341,09:52:05.020,23.4800,78
35562437903478,09:52:42.437,23.4600,100
35562438434763,09:52:42.438,23.4600,100
35572828916186,09:52:52.828,23.4600,100
35640021157061,09:54:00.021,23.5000,100
35667840776685,09:54:27.840,23.5100,3
35667840803866,09:54:27.840,23.5100,252
35719298410973,09:55:19.298,23.5900,21
35719298410973,09:55:19.298,23.5800,79
35755963304611,09:55:55.963,23.5700,100
35755963304611,09:55:55.963,23.5700,100
35857626992905,09:57:37.626,23.5600,100
35860023723532,09:57:40.023,23.6000,100
35860023723532,09:57:40.023,23.6000,100
36004182169108,10:00:04.182,23.5800,100
36296459379518,10:04:56.459,23.5400,15
36296459386953,10:04:56.459,23.5400,85
36297236123272,10:04:57.236,23.5050,100
36429611674381,10:07:09.611,23.4900,100
36430787116144,10:07:10.787,23.4900,100
36430834731760,10:07:10.834,23.4900,13
36430834731760,10:07:10.834,23.4900,87
36430835232368,10:07:10.835,23.4900,13
36430835232368,10:07:10.835,23.4900,83
36430835232368,10:07:10.835,23.4900,100
36445025546864,10:07:25.025,23.4900,100
36445026037900,10:07:25.026,23.4700,100
36502148425627,10:08:22.148,23.4100,100
36502148425627,10:08:22.148,23.4100,100
36502152403810,10:08:22.152,23.4100,29
36502152552341,10:08:22.152,23.4100,200
36502152589313,10:08:22.152,23.4100,71
36597653462645,10:09:57.653,23.4000,9
36640261565450,10:10:40.261,23.4100,100
36640261593455,10:10:40.261,23.4100,1
36677436085724,10:11:17.436,23.4100,50
36726456671636,10:12:06.456,23.4200,100
36726527659494,10:12:06.527,23.4400,17
36726958547688,10:12:06.958,23.4400,83
36726958547688,10:12:06.958,23.4700,17
36726958602978,10:12:06.958,23.4700,83
36775563020438,10:12:55.563,23.4900,7
36890636681022,10:14:50.636,23.4550,1
36895661516241,10:14:55.661,23.4900,1
36937667803488,10:15:37.667,23.4500,29
36937668089464,10:15:37.668,23.4100,100
37038920947803,10:17:18.920,23.4200,22
37413647019559,10:23:33.647,23.4300,100
37414117690855,10:23:34.117,23.4100,100
37592532196284,10:26:32.532,23.4400,92
37592532238681,10:26:32.532,23.4400,8
37592532238681,10:26:32.532,23.4400,100
37592532299062,10:26:32.532,23.4400,33
37592532302692,10:26:32.532,23.4400,67
37592532302692,10:26:32.532,23.4400,41
37592532323701,10:26:32.532,23.4400,100
37592532720394,10:26:32.532,23.4400,100
37592532800327,10:26:32.532,23.4400,59
37871368230755,10:31:11.368,23.4200,100
38034330726973,10:33:54.330,23.4200,100
38034330764826,10:33:54.330,23.4200,59
38034330774748,10:33:54.330,23.4200,21
38034330818283,10:33:54.330,23.4300,79
38034330845787,10:33:54.330,23.4300,21
38187193737250,10:36:27.193,23.4900,100
38214629050611,10:36:54.629,23.5000,100
38376816449477,10:39:36.816,23.5800,100
38376816492308,10:39:36.816,23.5800,40
38376816492308,10:39:36.816,23.5800,18
38376816780117,10:39:36.816,23.5800,100
38479191265787,10:41:19.191,23.5300,100
38692827934918,10:44:52.827,23.5900,4
38692828022295,10:44:52.828,23.5900,96
38694168365455,10:44:54.168,23.6000,100
38704165351382,10:45:04.165,23.6500,11
39141137349402,10:52:21.137,23.6500,100
39141137349402,10:52:21.137,23.6500,1
39141137349402,10:52:21.137,23.6500,100
39231516810937,10:53:51.516,23.6200,6
39411158275352,10:56:51.158,23.6600,1
39588768108840,10:59:48.768,23.6500,25
39599966831562,10:59:59.966,23.6600,4
39608739039626,11:00:08.739,23.6600,13
39663506869762,11:01:03.506,23.6800,4
39663875039579,11:01:03.875,23.6800,1
39664691883828,11:01:04.691,23.6900,100
39664692673546,11:01:04.692,23.7000,100
39664844920295,11:01:04.844,23.7000,94
39720240887983,11:02:00.240,23.6700,12
39720245437254,11:02:00.245,23.6700,4
39720254272363,11:02:00.254,23.6700,84
39751275800543,11:02:31.275,23.6700,3
39780071735140,11:03:00.071,23.6800,1
39840004145820,11:04:00.004,23.6700,200
39840004185524,11:04:00.004,23.6700,1
39840004185524,11:04:00.004,23.6700,9
39851674355371,11:04:11.674,23.6900,1
40279285636010,11:11:19.285,23.6600,100
40279286180728,11:11:19.286,23.6600,26
40279286672003,11:11:19.286,23.6800,15
40279286754664,11:11:19.286,23.6800,35
40279286754664,11:11:19.286,23.6700,26
40279286840639,11:11:19.286,23.6600,100
40280773091610,11:11:20.773,23.6400,1
40480294484545,11:14:40.294,23.5500,100
40480294825019,11:14:40.294,23.5500,37
40564975503519,11:16:04.975,23.5200,1
40749306025050,11:19:09.306,23.5200,100
40749306025050,11:19:09.306,23.5200,1
40749306025050,11:19:09.306,23.5200,100
40749306025050,11:19:09.306,23.5200,100
40749306068266,11:19:09.306,23.5100,100
40749306134168,11:19:09.306,23.5000,1
40759439270524,11:19:19.439,23.4700,3
40904146703198,11:21:44.146,23.4500,2
40904146703198,11:21:44.146,23.4500,53
40904146748139,11:21:44.146,23.4300,3
40919686667154,11:21:59.686,23.4500,28
40919686667154,11:21:59.686,23.4500,72
40939818232922,11:22:19.818,23.4100,50
40944031503421,11:22:24.031,23.4000,108
40945087153048,11:22:25.087,23.4000,160
40992616171241,11:23:12.616,23.4100,1
40992616171241,11:23:12.616,23.4100,100
40992616171241,11:23:12.616,23.4100,10
40992616171241,11:23:12.616,23.4100,80
40992616174628,11:23:12.616,23.4100,20
40993377873816,11:23:13.377,23.4100,100
40993377873816,11:23:13.377,23.4100,2
41058716023969,11:24:18.716,23.4400,100
41058716023969,11:24:18.716,23.4400,1
41058716093176,11:24:18.716,23.4400,1
41101874642452,11:25:01.874,23.4500,1
41101874642452,11:25:01.874,23.4500,100
41101874685715,11:25:01.874,23.4600,57
41101874698831,11:25:01.874,23.4600,43
41201916719019,11:26:41.916,23.4700,40
41206275770766,11:26:46.275,23.4700,60
41206275770766,11:26:46.275,23.4700,40
41206275857116,11:26:46.275,23.4700,112
41206275893157,11:26:46.275,23.4700,48
41206275893157,11:26:46.275,23.4700,1
41299935405741,11:28:19.935,23.4800,2
41299935405741,11:28:19.935,23.4800,2
41323232829688,11:28:43.232,23.4800,98
41323232829688,11:28:43.232,23.4800,2
41371276003831,11:29:31.276,23.4800,98
41371276003831,11:29:31.276,23.4800,2
41376260801466,11:29:36.260,23.4800,1
41378969826152,11:29:38.969,23.4900,86
41378969849595,11:29:38.969,23.4900,14
41378969849595,11:29:38.969,23.4900,2
41589528932741,11:33:09.528,23.4700,100
41589528932741,11:33:09.528,23.4700,100
41589528932741,11:33:09.528,23.4700,25
41596275689053,11:33:16.275,23.4700,5
41695032473431,11:34:55.032,23.4800,100
41695032473431,11:34:55.032,23.4800,1
41710815961962,11:35:10.815,23.4900,100
41710815961962,11:35:10.815,23.4900,2
41716333274155,11:35:16.333,23.5000,1
41755716559573,11:35:55.716,23.5000,3
41791275876664,11:36:31.275,23.4900,2
41806275859146,11:36:46.275,23.5000,20
41843999076906,11:37:23.999,23.4500,1
41850598032521,11:37:30.598,23.4300,100
41882316414808,11:38:02.316,23.4100,1
41882316929334,11:38:02.316,23.4000,2
41882317008095,11:38:02.317,23.3900,100
41882454046001,11:38:02.454,23.4100,3
41882551239897,11:38:02.551,23.4400,3
41887710366620,11:38:07.710,23.4400,200
41887710843585,11:38:07.710,23.4400,100
41887711236472,11:38:07.711,23.4500,199
41956133930760,11:39:16.133,23.4900,1
42111834545165,11:41:51.834,23.5100,100
42111834545165,11:41:51.834,23.5100,1
42111836886530,11:41:51.836,23.5300,100
42111836886530,11:41:51.836,23.5300,100
42168241724687,11:42:48.241,23.5600,100
42168241749439,11:42:48.241,23.5600,3
42168242453599,11:42:48.242,23.5700,100
42168598227611,11:42:48.598,23.5800,2
42422508935287,11:47:02.508,23.6100,43
42422508960722,11:47:02.508,23.6100,57
42422508960722,11:47:02.508,23.6100,1
42422509665622,11:47:02.509,23.6200,57
42422509768282,11:47:02.509,23.6200,29
42422509989265,11:47:02.509,23.6200,14
42422514059531,11:47:02.514,23.6200,13
42422514059531,11:47:02.514,23.6200,87
42422514099114,11:47:02.514,23.6200,13
42650185121079,11:50:50.185,23.6000,4
42650185121079,11:50:50.185,23.6000,96
42650185154577,11:50:50.185,23.6000,4
42650185154577,11:50:50.185,23.6000,100
42650185154577,11:50:50.185,23.6000,100
42650185154577,11:50:50.185,23.6000,189
42650185207028,11:50:50.185,23.5900,3
42778444567010,11:52:58.444,23.5900,12
42778444567010,11:52:58.444,23.5900,100
42778474818508,11:52:58.474,23.6100,100
42778474818508,11:52:58.474,23.6100,100
42778475314022,11:52:58.475,23.6100,29
43002250601105,11:56:42.250,23.6100,6
43002250601105,11:56:42.250,23.6100,14
43008154956069,11:56:48.154,23.6100,59
43008154971036,11:56:48.154,23.6100,27
43175630817378,11:59:35.630,23.5900,100
43175630851307,11:59:35.630,23.5900,1
43175630851307,11:59:35.630,23.5900,2
43198328983119,11:59:58.328,23.6100,200
43198329012288,11:59:58.329,23.6100,6
43202101943485,12:00:02.101,23.6200,100
43274166242966,12:01:14.166,23.6300,90
43353805273411,12:02:33.805,23.6200,3
43353990434599,12:02:33.990,23.6100,100
43353990434599,12:02:33.990,23.6100,5
43353994768903,12:02:33.994,23.5800,100
43381413685730,12:03:01.413,23.6100,1
43585662303562,12:06:25.662,23.6200,2
43585662303562,12:06:25.662,23.6200,2
43585662303562,12:06:25.662,23.6200,56
43630256438648,12:07:10.256,23.5900,1
43630256438648,12:07:10.256,23.5900,1
43642895410195,12:07:22.895,23.5800,3
43695261470380,12:08:15.261,23.6000,5
43695261470380,12:08:15.261,23.6000,95
43755240809743,12:09:15.240,23.6100,100
43755240840322,12:09:15.240,23.6100,100
43755240840322,12:09:15.240,23.6100,1
43755240849611,12:09:15.240,23.6100,50
43755240865943,12:09:15.240,23.6100,50
43755240865943,12:09:15.240,23.6100,1
43755240873591,12:09:15.240,23.6100,99
43755243914976,12:09:15.243,23.6200,100
43755244833099,12:09:15.244,23.6200,4
43915371830654,12:11:55.371,23.6400,39
43915371830654,12:11:55.371,23.6400,2
43915371830654,12:11:55.371,23.6400,4
43915371830654,12:11:55.371,23.6400,5
43915372304263,12:11:55.372,23.6400,95
43915749250550,12:11:55.749,23.6400,3
44163036726001,12:16:03.036,23.6100,2
44163043416344,12:16:03.043,23.6000,3
44163043416344,12:16:03.043,23.6000,100
44163043416344,12:16:03.043,23.6000,95
44163051278461,12:16:03.051,23.5850,5
44163051278461,12:16:03.051,23.5700,95
44163114088936,12:16:03.114,23.5900,1
44163491287482,12:16:03.491,23.5700,5
44312548581379,12:18:32.548,23.5600,100
44312548608231,12:18:32.548,23.5600,12
44594350231722,12:23:14.350,23.5200,104
44702829446833,12:25:02.829,23.5000,100
44702893167728,12:25:02.893,23.5100,1
44717195495075,12:25:17.195,23.4900,3
44798398166822,12:26:38.398,23.4900,100
44798398166822,12:26:38.398,23.4900,8
44798398544378,12:26:38.398,23.4800,30
44881074672750,12:28:01.074,23.4900,30
44881074672750,12:28:01.074,23.4900,10
44881074672750,12:28:01.074,23.4900,10
44881074672750,12:28:01.074,23.4900,100
44881074672750,12:28:01.074,23.4900,2
44881105622987,12:28:01.105,23.4900,1
44940759408243,12:29:00.759,23.4800,100
44940759408243,12:29:00.759,23.4800,60
44940759724490,12:29:00.759,23.4800,100
44940760019388,12:29:00.760,23.4700,100
44940760341068,12:29:00.760,23.4700,100
44940761260519,12:29:00.761,23.4500,100
44940761789266,12:29:00.761,23.4500,56
45150194648370,12:32:30.194,23.4200,100
45150194648370,12:32:30.194,23.4300,7
45150194648370,12:32:30.194,23.4300,200
45150195120977,12:32:30.195,23.4300,40
45159468690752,12:32:39.468,23.4300,1
45352134855869,12:35:52.134,23.4300,52
45352134870206,12:35:52.134,23.4300,48
45352134870206,12:35:52.134,23.4300,2
45352134870206,12:35:52.134,23.4300,16
45352135353637,12:35:52.135,23.4300,100
45352137660830,12:35:52.137,23.4200,1
45706625825606,12:41:46.625,23.3800,1
45706632186925,12:41:46.632,23.3500,100
45763693200986,12:42:43.693,23.3500,20
45850945871630,12:44:10.945,23.3000,99
46022932509761,12:47:02.932,23.3300,14
46022932509761,12:47:02.932,23.3300,86
46022932543713,12:47:02.932,23.3300,14
46022933256619,12:47:02.933,23.3400,100
46022933256619,12:47:02.933,23.3400,90
46022933304407,12:47:02.933,23.3400,10
46022933304407,12:47:02.933,23.3400,2
46044825613358,12:47:24.825,23.3400,28
46044825613358,12:47:24.825,23.3400,100
46044825613358,12:47:24.825,23.3400,4
46049628480673,12:47:29.628,23.3500,100
46049628480673,12:47:29.628,23.3500,1
46053355358124,12:47:33.355,23.3500,8
46231486563967,12:50:31.486,23.3700,1
46231486563967,12:50:31.486,23.3700,5
46231486563967,12:50:31.486,23.3700,4
46231486563967,12:50:31.486,23.3700,1
46387102046455,12:53:07.102,23.3800,3
46387102046455,12:53:07.102,23.3800,11
46387102046455,12:53:07.102,23.3800,1
46387102046455,12:53:07.102,23.3800,85
46535008112910,12:55:35.008,23.3700,2
46572289520986,12:56:12.289,23.3800,10
46572289523463,12:56:12.289,23.3800,10
46572289554172,12:56:12.289,23.3800,10
46606148203099,12:56:46.148,23.4000,100
46795571240745,12:59:55.571,23.3900,2
46868278112043,13:01:08.278,23.3800,4
46868278136754,13:01:08.278,23.3800,196
46868278136754,13:01:08.278,23.3800,4
46868278204598,13:01:08.278,23.3900,3
46868281298194,13:01:08.281,23.4000,66
46868281322897,13:01:08.281,23.4000,34
46868281322897,13:01:08.281,23.4000,100
46868281322897,13:01:08.281,23.4000,100
46885086013023,13:01:25.086,23.3900,22
47116616042522,13:05:16.616,23.4300,1
47116616044492,13:05:16.616,23.4300,1
47116616070548,13:05:16.616,23.4300,2
47132055401973,13:05:32.055,23.4100,8
47132063416162,13:05:32.063,23.3900,100
47132063416162,13:05:32.063,23.3900,36
47132074914776,13:05:32.074,23.3900,3
47205450301331,13:06:45.450,23.4100,5
47205450301331,13:06:45.450,23.4100,95
47205450329000,13:06:45.450,23.4100,5
47319861865248,13:08:39.861,23.4300,100
47319861890529,13:08:39.861,23.4300,2
47648293045280,13:14:08.293,23.4600,1
47807969851253,13:16:47.969,23.4600,2
47939720063213,13:18:59.720,23.4500,12
47939848919426,13:18:59.848,23.4400,100
47961158179899,13:19:21.158,23.4600,100
47961158514957,13:19:21.158,23.4600,1
48070477302080,13:21:10.477,23.4700,100
48070477302080,13:21:10.477,23.4700,1
48090509269844,13:21:30.509,23.4800,1
48143069863836,13:22:23.069,23.4600,100
48143072656163,13:22:23.072,23.4500,20
48146138772379,13:22:26.138,23.4700,1
48265622868294,13:24:25.622,23.4500,1
48442116994447,13:27:22.116,23.4400,3
48456299933784,13:27:36.299,23.4400,3
48574531508719,13:29:34.531,23.4500,5
48574535077269,13:29:34.535,23.4600,100
48574535143065,13:29:34.535,23.4600,68
48574535583216,13:29:34.535,23.4600,32
48574535583216,13:29:34.535,23.4600,68
48574574362853,13:29:34.574,23.4500,100
48574574362853,13:29:34.574,23.4500,20
48574575479537,13:29:34.575,23.4400,1
48574575479537,13:29:34.575,23.4400,24
48574575958138,13:29:34.575,23.4400,100
48667497148880,13:31:07.497,23.4500,44
48667497164895,13:31:07.497,23.4500,56
48667497164895,13:31:07.497,23.4500,3
48717754265497,13:31:57.754,23.4400,4
48758744109067,13:32:38.744,23.4300,2
48772307257212,13:32:52.307,23.4400,3
48959593602446,13:35:59.593,23.4300,1
48959593602446,13:35:59.593,23.4300,100
48959593602446,13:35:59.593,23.4300,6
48959593602446,13:35:59.593,23.4300,1
48979870069861,13:36:19.870,23.4000,3
49291765528950,13:41:31.765,23.3600,20
49291765528950,13:41:31.765,23.3500,13
49291765528950,13:41:31.765,23.3500,1
49291765528950,13:41:31.765,23.3500,10
49291766234610,13:41:31.766,23.3500,90
49496544913580,13:44:56.544,23.3600,20
49515423416800,13:45:15.423,23.3500,1
49515423416800,13:45:15.423,23.3500,100
49515423732008,13:45:15.423,23.3500,100
49532691584426,13:45:32.691,23.3500,100
49532691584426,13:45:32.691,23.3500,14
49532693000948,13:45:32.693,23.3600,100
49542697271266,13:45:42.697,23.3600,2
49744716602610,13:49:04.716,23.3300,1
49744716602610,13:49:04.716,23.3300,20
49744716775922,13:49:04.716,23.3200,3
49744716775922,13:49:04.716,23.3200,20
49985691126541,13:53:05.691,23.3200,5
49985691126541,13:53:05.691,23.3200,95
49985691167456,13:53:05.691,23.3200,5
49985691898260,13:53:05.691,23.3300,100
49985691922447,13:53:05.691,23.3300,100
49985820205798,13:53:05.820,23.3200,97
50008929919166,13:53:28.929,23.3300,27
50008929961963,13:53:28.929,23.3300,73
50008929961963,13:53:28.929,23.3400,4
50008929961963,13:53:28.929,23.3400,27
50008953797640,13:53:28.953,23.3400,73
50014116796964,13:53:34.116,23.3300,100
50024242418139,13:53:44.242,23.3200,1
50115418543200,13:55:15.418,23.3300,100
50115418543200,13:55:15.418,23.3300,1
50330811574911,13:58:50.811,23.3200,89
50330811580261,13:58:50.811,23.3200,11
50408996700634,14:00:08.996,23.3400,5
50408996700634,14:00:08.996,23.3400,100
50408996700634,14:00:08.996,23.3400,100
50408999750969,14:00:08.999,23.3500,100
50409000313323,14:00:09.000,23.3400,100
50413023794423,14:00:13.023,23.3600,1
50413753936695,14:00:13.753,23.3800,34
50413754017242,14:00:13.754,23.3800,66
50417629433712,14:00:17.629,23.3500,100
50442918318172,14:00:42.918,23.3700,37
50442918707446,14:00:42.918,23.3700,18
50496047732967,14:01:36.047,23.3800,1
50496047732967,14:01:36.047,23.3800,1
50496047799758,14:01:36.047,23.3800,10
50496047799758,14:01:36.047,23.3900,90
50496047838255,14:01:36.047,23.3900,10
50496048320159,14:01:36.048,23.4000,100
50496459014356,14:01:36.459,23.4100,1
50538028918851,14:02:18.028,23.4000,100
50538028950789,14:02:18.028,23.4000,100
50538029172205,14:02:18.029,23.3900,95
50538029174926,14:02:18.029,23.3900,5
50538029174926,14:02:18.029,23.3900,36
50538029180272,14:02:18.029,23.3900,9
50538029180272,14:02:18.029,23.3900,91
50538029193179,14:02:18.029,23.3900,9
50581020344088,14:03:01.020,23.4200,1
50581020344088,14:03:01.020,23.4200,99
50581020378036,14:03:01.020,23.4200,1
50581020384467,14:03:01.020,23.4200,2
50581020392532,14:03:01.020,23.4200,1
50581020424380,14:03:01.020,23.4200,50
50581020579110,14:03:01.020,23.4200,2
50630106853587,14:03:50.106,23.4500,89
50630106853587,14:03:50.106,23.4600,11
50630106971977,14:03:50.106,23.4600,56
50630107008186,14:03:50.107,23.4600,33
50630107008186,14:03:50.107,23.4600,1
50630107008186,14:03:50.107,23.4600,100
50652398372453,14:04:12.398,23.4900,99
50652398517552,14:04:12.398,23.4900,1
50652398517552,14:04:12.398,23.5000,1
50652398517552,14:04:12.398,23.5000,1
50652398570569,14:04:12.398,23.5000,96
50652398591431,14:04:12.398,23.5000,1
50652398607103,14:04:12.398,23.5000,2
50652398607103,14:04:12.398,23.5000,1
50652398607103,14:04:12.398,23.5000,1
50652398624116,14:04:12.398,23.5000,2
50652398752171,14:04:12.398,23.5000,97
50711591686414,14:05:11.591,23.5500,2
50711591780424,14:05:11.591,23.5500,1
50757061574056,14:05:57.061,23.5300,8
50830913278119,14:07:10.913,23.5400,3
50830913278119,14:07:10.913,23.5400,97
50830913304493,14:07:10.913,23.5400,3
50945845890821,14:09:05.845,23.5500,1
50945845890821,14:09:05.845,23.5600,5
50945845890821,14:09:05.845,23.5600,55
50948346878361,14:09:08.346,23.5400,100
50948347421520,14:09:08.347,23.5300,10
50948347421520,14:09:08.347,23.5300,100
50948347970478,14:09:08.347,23.5300,100
50948348375826,14:09:08.348,23.5200,1
50948348375826,14:09:08.348,23.5200,30
50949971671692,14:09:09.971,23.5300,100
50949971756996,14:09:09.971,23.5200,93
50949972547558,14:09:09.972,23.5300,10
50962447117546,14:09:22.447,23.5900,3
50968251360091,14:09:28.251,23.6100,40
50968251360091,14:09:28.251,23.6000,60
50985703164236,14:09:45.703,23.6000,10
50985703164236,14:09:45.703,23.6000,90
50985703196437,14:09:45.703,23.6000,10
51002579732663,14:10:02.579,23.5600,30
51002579732663,14:10:02.579,23.5600,70
51074924071849,14:11:14.924,23.6100,2
51074924089113,14:11:14.924,23.6100,2
51074924106913,14:11:14.924,23.6100,2
51207519109205,14:13:27.519,23.6500,7
51207519109205,14:13:27.519,23.6500,1
51276422090213,14:14:36.422,23.6800,2
51276423603534,14:14:36.423,23.6800,40
51292024257809,14:14:52.024,23.6900,100
51292024257809,14:14:52.024,23.6900,1
51329515090954,14:15:29.515,23.6500,100
51330623814594,14:15:30.623,23.6500,100
51348163820965,14:15:48.163,23.6500,2
51348163820965,14:15:48.163,23.6500,98
51348163848687,14:15:48.163,23.6500,2
51482192791841,14:18:02.192,23.6300,3
51517982719750,14:18:37.982,23.6100,79
51517982777420,14:18:37.982,23.6100,21
51517982777420,14:18:37.982,23.6100,79
51517982890960,14:18:37.982,23.6100,21
51517982924789,14:18:37.982,23.6100,79
51517983346713,14:18:37.983,23.6100,21
51517985681962,14:18:37.985,23.6100,43
51524397723031,14:18:44.397,23.6200,100
51524397723031,14:18:44.397,23.6200,100
51524397723031,14:18:44.397,23.6200,100
51524397723031,14:18:44.397,23.6200,1
51524397723031,14:18:44.397,23.6200,10
51524397723031,14:18:44.397,23.6200,100
51547618364507,14:19:07.618,23.6300,100
51547618472348,14:19:07.618,23.6300,53
51661270604397,14:21:01.270,23.6600,1
51661270604397,14:21:01.270,23.6600,8
51676358647928,14:21:16.358,23.6550,100
51718609343668,14:21:58.609,23.6300,10
51749727070846,14:22:29.727,23.6700,86
51749727096315,14:22:29.727,23.6700,14
51749727096315,14:22:29.727,23.6700,2
51749727110764,14:22:29.727,23.6700,16
51749727162164,14:22:29.727,23.6700,84
51749728434359,14:22:29.728,23.7000,100
51749728677197,14:22:29.728,23.7000,100
51749878544407,14:22:29.878,23.6800,4
51749880317889,14:22:29.880,23.6600,3
51805253389565,14:23:25.253,23.6500,100
51805253417050,14:23:25.253,23.6500,3
51805253511384,14:23:25.253,23.6600,33
51805253523022,14:23:25.253,23.6600,40
51805253536862,14:23:25.253,23.6600,27
51805757254708,14:23:25.757,23.6600,100
51959179980380,14:25:59.179,23.6900,1
51971555554221,14:26:11.555,23.6600,100
52112785678285,14:28:32.785,23.6300,98
52112785707360,14:28:32.785,23.6300,2
52217579181420,14:30:17.579,23.6200,30
52230260861181,14:30:30.260,23.6300,86
52230260885658,14:30:30.260,23.6300,14
52230260885658,14:30:30.260,23.6300,9
52230260981683,14:30:30.260,23.6400,100
52275176174735,14:31:15.176,23.6600,1
52275176174735,14:31:15.176,23.6600,1
52456305030061,14:34:16.305,23.7100,2
52456305030061,14:34:16.305,23.7100,12
52456305072794,14:34:16.305,23.7100,37
52456305080908,14:34:16.305,23.7100,51
52456305080908,14:34:16.305,23.7100,12
52557783262145,14:35:57.783,23.7300,100
52557783262145,14:35:57.783,23.7300,2
52557783262145,14:35:57.783,23.7300,100
52557783624716,14:35:57.783,23.7400,10
52557783624716,14:35:57.783,23.7400,2
52557783660817,14:35:57.783,23.7400,10
52557783832688,14:35:57.783,23.7400,2
52557783859138,14:35:57.783,23.7400,23
52557783859138,14:35:57.783,23.7400,100
52557784096999,14:35:57.784,23.7400,25
52557784552056,14:35:57.784,23.7400,50
52557858979823,14:35:57.858,23.7500,2
52561302150722,14:36:01.302,23.7600,10
52563741398836,14:36:03.741,23.7700,10
52563741398836,14:36:03.741,23.7700,2
52587422928344,14:36:27.422,23.7500,100
52587422928344,14:36:27.422,23.7500,8
52587422928344,14:36:27.422,23.7500,92
52587423060939,14:36:27.423,23.7500,8
52587423811279,14:36:27.423,23.7400,8
52587423811279,14:36:27.423,23.7400,92
52587424142974,14:36:27.424,23.7400,8
52587426440162,14:36:27.426,23.7500,100
52587568460461,14:36:27.568,23.7500,1
52697633479412,14:38:17.633,23.8000,2
52697633479412,14:38:17.633,23.8000,1
52697633479412,14:38:17.633,23.8000,69
52697633512818,14:38:17.633,23.8000,31
52697633527323,14:38:17.633,23.8000,31
52697633541476,14:38:17.633,23.8000,56
52697633737634,14:38:17.633,23.8200,5
52697633828193,14:38:17.633,23.8300,10
52697633828193,14:38:17.633,23.8300,10
52703668876099,14:38:23.668,23.8400,10
52703668876099,14:38:23.668,23.8400,4
52703668885596,14:38:23.668,23.8400,6
52703668885596,14:38:23.668,23.8400,31
52703668888869,14:38:23.668,23.8400,37
52703668916797,14:38:23.668,23.8400,2
52703668916797,14:38:23.668,23.8400,1
52703725002363,14:38:23.725,23.8300,100
52703743972679,14:38:23.743,23.8400,44
52703743992373,14:38:23.743,23.8400,56
52703744102897,14:38:23.744,23.8500,20
52703744102897,14:38:23.744,23.8500,94
52703744121100,14:38:23.744,23.8500,6
52703744212021,14:38:23.744,23.8500,26
52703744273755,14:38:23.744,23.8600,56
52703744485723,14:38:23.744,23.8600,4
52703744834023,14:38:23.744,23.8700,20
52720015942296,14:38:40.015,23.8800,5
52720015942296,14:38:40.015,23.8800,1
52720015942296,14:38:40.015,23.8800,94
52720016306244,14:38:40.016,23.8800,6
52735478778556,14:38:55.478,23.8900,2
52735478874933,14:38:55.478,23.8800,40
52748047539607,14:39:08.047,23.9000,1
52764233984387,14:39:24.233,23.8700,100
52764233984387,14:39:24.233,23.8700,1
52764235863508,14:39:24.235,23.8700,99
52764235863508,14:39:24.235,23.8700,1
52764236470333,14:39:24.236,23.8600,2
52764236470333,14:39:24.236,23.8600,40
52764236627059,14:39:24.236,23.8400,14
52786075244264,14:39:46.075,23.8700,100
52800250067490,14:40:00.250,23.8800,1
52800250067490,14:40:00.250,23.8900,1
52800250067490,14:40:00.250,23.8900,98
52855364833132,14:40:55.364,23.8500,54
52939582776562,14:42:19.582,23.8800,1
52941079774707,14:42:21.079,23.9000,100
52941080150139,14:42:21.080,23.9000,3
52959206223269,14:42:39.206,23.8700,100
52959707650444,14:42:39.707,23.8600,15
52959707660408,14:42:39.707,23.8600,85
52959707660408,14:42:39.707,23.8600,15
52993776874784,14:43:13.776,23.8100,40
52993780713316,14:43:13.780,23.8000,100
53028651427757,14:43:48.651,23.7900,100
53040976190158,14:44:00.976,23.8000,2
53040976190158,14:44:00.976,23.8000,100
53188430223590,14:46:28.430,23.8100,1
53194279940893,14:46:34.279,23.8100,21
53194279940893,14:46:34.279,23.8100,3
53194279940893,14:46:34.279,23.8200,76
53194551995904,14:46:34.551,23.8100,21
53213436487053,14:46:53.436,23.8100,21
53215265039691,14:46:55.265,23.8200,24
53215265039691,14:46:55.265,23.8200,76
53215265085442,14:46:55.265,23.8200,12
53215268869223,14:46:55.268,23.8200,12
53215268869223,14:46:55.268,23.8200,16
53215268869223,14:46:55.268,23.8200,6
53215268869223,14:46:55.268,23.8200,10
53215268869223,14:46:55.268,23.8200,1
53215517062688,14:46:55.517,23.8100,100
53250008815056,14:47:30.008,23.8200,3
53250008815056,14:47:30.008,23.8200,100
53250008815056,14:47:30.008,23.8200,82
53250008828160,14:47:30.008,23.8200,18
53260647505866,14:47:40.647,23.8100,2
53272759069957,14:47:52.759,23.8000,100
53272759069957,14:47:52.759,23.8000,1
53272759069957,14:47:52.759,23.8000,100
53272759069957,14:47:52.759,23.8000,40
53272759790534,14:47:52.759,23.7900,100
53272759790534,14:47:52.759,23.7900,1
53273430600476,14:47:53.430,23.7900,1
53297186536314,14:48:17.186,23.7800,1
53297404737200,14:48:17.404,23.7800,1
53297404848110,14:48:17.404,23.7800,1
53302629139249,14:48:22.629,23.7700,1
53302630254544,14:48:22.630,23.7700,25
53302630311574,14:48:22.630,23.7600,100
53302631295944,14:48:22.631,23.7400,100
53302632903248,14:48:22.632,23.7400,75
53302633026770,14:48:22.633,23.7400,25
53306440704557,14:48:26.440,23.7500,100
53355191553081,14:49:15.191,23.7500,14
53355191553081,14:49:15.191,23.7500,1
53392194410151,14:49:52.194,23.7500,2
53392194410151,14:49:52.194,23.7500,8
53392194410151,14:49:52.194,23.7500,100
53392194410151,14:49:52.194,23.7500,9
53392194416266,14:49:52.194,23.7500,74
53392194448649,14:49:52.194,23.7500,17
53392580348335,14:49:52.580,23.7500,100
53413461742106,14:50:13.461,23.7700,1
53440495605180,14:50:40.495,23.8000,20
53440495605180,14:50:40.495,23.8000,1
53440495605180,14:50:40.495,23.8000,79
53441067373431,14:50:41.067,23.8100,10
53441067373431,14:50:41.067,23.8100,10
53441067373431,14:50:41.067,23.8100,21
53448911060337,14:50:48.911,23.8300,5
53500288194036,14:51:40.288,23.8100,2
53500288333103,14:51:40.288,23.8000,1
53500288333103,14:51:40.288,23.8000,35
53500288372641,14:51:40.288,23.8000,46
53500288375866,14:51:40.288,23.8000,19
53511893245756,14:51:51.893,23.8300,2
53542020687744,14:52:22.020,23.8600,10
53542020687744,14:52:22.020,23.8600,10
53549633203472,14:52:29.633,23.8700,20
53549633746538,14:52:29.633,23.8800,20
53549633746538,14:52:29.633,23.8800,1
53549634270680,14:52:29.634,23.8900,7
53611911521019,14:53:31.911,23.8700,100
53611911521019,14:53:31.911,23.8700,2
53611919110310,14:53:31.919,23.8600,2
53630278564597,14:53:50.278,23.8600,100
53630278564597,14:53:50.278,23.8600,2
53637715861143,14:53:57.715,23.8400,1
53643129611424,14:54:03.129,23.8700,27
53643129617686,14:54:03.129,23.8700,73
53832215935108,14:57:12.215,23.8600,100
53882935787295,14:58:02.935,23.8300,97
53882935816173,14:58:02.935,23.8300,3
53882935816173,14:58:02.935,23.8300,27
53882935816173,14:58:02.935,23.8300,100
53882935890332,14:58:02.935,23.8200,1
53882935890332,14:58:02.935,23.8200,1
53883413211029,14:58:03.413,23.8150,99
53884142061326,14:58:04.142,23.8100,77
53956066000465,14:59:16.066,23.8300,6
53956066000465,14:59:16.066,23.8300,100
53956094648760,14:59:16.094,23.8400,100
53956094673136,14:59:16.094,23.8400,100
53956094678717,14:59:16.094,23.8400,100
54022148091380,15:00:22.148,23.8200,100
54046634241461,15:00:46.634,23.8100,100
54046634266608,15:00:46.634,23.8100,100
54046634266608,15:00:46.634,23.8100,4
54241265993420,15:04:01.265,23.8200,1
54241265993420,15:04:01.265,23.8200,8
54264146077623,15:04:24.146,23.7900,100
54264146077623,15:04:24.146,23.7900,1
54264146077623,15:04:24.146,23.7900,100
54264146656297,15:04:24.146,23.7800,1
54264929215506,15:04:24.929,23.7800,5
54325633239166,15:05:25.633,23.7700,100
54487970813036,15:08:07.970,23.7700,3
54487970821870,15:08:07.970,23.7800,100
54487970821870,15:08:07.970,23.7800,4
54552795605435,15:09:12.795,23.7500,100
54605157237235,15:10:05.157,23.7200,28
54605157243352,15:10:05.157,23.7200,34
54605157257301,15:10:05.157,23.7200,33
54605157261884,15:10:05.157,23.7200,5
54619566230876,15:10:19.566,23.7100,1
54623548143713,15:10:23.548,23.7200,7
54640627039482,15:10:40.627,23.6900,100
54640627039482,15:10:40.627,23.6900,1
54665937922102,15:11:05.937,23.6700,1
54681172948646,15:11:21.172,23.6900,100
54901664491317,15:15:01.664,23.6900,2
54901664491317,15:15:01.664,23.6900,98
54901664520948,15:15:01.664,23.6900,2
54943382853964,15:15:43.382,23.7000,100
54943824967882,15:15:43.824,23.7000,100
54943825006761,15:15:43.825,23.7000,6
54943825006761,15:15:43.825,23.7000,100
54947276712874,15:15:47.276,23.7100,100
54947276959652,15:15:47.276,23.7100,1
54947276959652,15:15:47.276,23.7100,99
54947277186086,15:15:47.277,23.7100,1
54948006483874,15:15:48.006,23.7200,100
54948020234263,15:15:48.020,23.7200,100
54951716501892,15:15:51.716,23.7000,100
54967539577427,15:16:07.539,23.7200,1
55030227755870,15:17:10.227,23.7000,2
55030227755870,15:17:10.227,23.7000,300
55030228522520,15:17:10.228,23.7000,100
55033228352969,15:17:13.228,23.6900,100
55045123579397,15:17:25.123,23.6700,1
55166671968128,15:19:26.671,23.6600,100
55166672008034,15:19:26.672,23.6600,4
55181276921416,15:19:41.276,23.6700,100
55181276961395,15:19:41.276,23.6700,2
55224505065445,15:20:24.505,23.6900,90
55224574022209,15:20:24.574,23.6900,1
55237511601602,15:20:37.511,23.6900,9
55237511601602,15:20:37.511,23.6900,1
55237511601602,15:20:37.511,23.6900,100
55237511601602,15:20:37.511,23.6900,11
55237511601602,15:20:37.511,23.6900,79
55237511659175,15:20:37.511,23.6900,21
55246674853027,15:20:46.674,23.7100,1
55318325342523,15:21:58.325,23.7400,1
55318325342523,15:21:58.325,23.7400,1
55318325342523,15:21:58.325,23.7400,1
55337065840859,15:22:17.065,23.7400,1
55337065840859,15:22:17.065,23.7400,99
55417813913659,15:23:37.813,23.7400,1
55523372272977,15:25:23.372,23.7400,100
55523463281642,15:25:23.463,23.7400,5
55623279519371,15:27:03.279,23.7500,5
55623584126026,15:27:03.584,23.7500,40
55657332599561,15:27:37.332,23.7600,1
55657332599561,15:27:37.332,23.7600,99
55657340608612,15:27:37.340,23.7600,1
55657340608612,15:27:37.340,23.7600,85
55657340771007,15:27:37.340,23.7600,15
55657356601292,15:27:37.356,23.7700,10
55657356601292,15:27:37.356,23.7700,10
55657356601292,15:27:37.356,23.7700,100
55657356601292,15:27:37.356,23.7700,48
55657356601292,15:27:37.356,23.7700,100
55657356601292,15:27:37.356,23.7700,32
55657356601292,15:27:37.356,23.7700,100
55658947462039,15:27:38.947,23.7900,83
55658947462039,15:27:38.947,23.7900,4
55658948013400,15:27:38.948,23.8000,3
55674282556261,15:27:54.282,23.8400,1
55676970885596,15:27:56.970,23.8500,7
55677248207688,15:27:57.248,23.8500,13
55690712993785,15:28:10.712,23.8700,100
55690713843384,15:28:10.713,23.8600,400
55690713843384,15:28:10.713,23.8600,40
55690713843384,15:28:10.713,23.8600,3
55690713871348,15:28:10.713,23.8600,100
55690713885569,15:28:10.713,23.8500,2
55690713885569,15:28:10.713,23.8500,64
55690713898816,15:28:10.713,23.8500,34
55690713910175,15:28:10.713,23.8500,2
55690840759046,15:28:10.840,23.8400,40
55738886735390,15:28:58.886,23.8700,100
55738886735390,15:28:58.886,23.8700,1
55738886735390,15:28:58.886,23.8700,99
55738886763385,15:28:58.886,23.8700,1
55761122654921,15:29:21.122,23.8800,1
55761122654921,15:29:21.122,23.8800,99
55761122680291,15:29:21.122,23.8800,1
55761122680291,15:29:21.122,23.8800,100
55761417962110,15:29:21.417,23.8800,100
55762592005822,15:29:22.592,23.8800,100
55762643945010,15:29:22.643,23.8700,100
55779269578787,15:29:39.269,23.8400,1
55797939369124,15:29:57.939,23.8500,100
55797939393511,15:29:57.939,23.8500,56
55797944805352,15:29:57.944,23.8500,200
55797944844983,15:29:57.944,23.8500,104
55797944854726,15:29:57.944,23.8500,40
55797944854726,15:29:57.944,23.8500,1
55804198842598,15:30:04.198,23.8400,1
55804198842598,15:30:04.198,23.8400,100
55805806567537,15:30:05.806,23.8500,100
55823269947509,15:30:23.269,23.8300,71
55825642099663,15:30:25.642,23.8400,1
55826020967321,15:30:26.020,23.8500,100
55826022494616,15:30:26.022,23.8500,100
55828566100786,15:30:28.566,23.8700,100
55832857617797,15:30:32.857,23.9000,100
55851825502528,15:30:51.825,23.9000,1
55851826634079,15:30:51.826,23.8700,100
55851826634079,15:30:51.826,23.8700,100
55851827037500,15:30:51.827,23.8700,10
55851827432606,15:30:51.827,23.8700,15
55851827475790,15:30:51.827,23.8700,100
55858626240594,15:30:58.626,23.8800,100
55858626327873,15:30:58.626,23.8800,33
55859985674202,15:30:59.985,23.8800,19
55859985674202,15:30:59.985,23.8800,30
55859985674202,15:30:59.985,23.8800,51
55859985717342,15:30:59.985,23.8800,19
55859985769575,15:30:59.985,23.8800,30
55863371559067,15:31:03.371,23.8900,1
55863371559067,15:31:03.371,23.8900,100
55863634309971,15:31:03.634,23.8700,100
55863634309971,15:31:03.634,23.8700,100
55871006924194,15:31:11.006,23.9100,10
55871006924194,15:31:11.006,23.9100,90
55887964894014,15:31:27.964,23.9100,100
55962729167371,15:32:42.729,23.9000,100
55962729357614,15:32:42.729,23.8900,100
55962730355804,15:32:42.730,23.9000,100
55962730383828,15:32:42.730,23.9000,200
55962730400211,15:32:42.730,23.9000,100
55962730400211,15:32:42.730,23.9000,1
55962733816128,15:32:42.733,23.9000,100
55962733816128,15:32:42.733,23.9000,100
55962733816128,15:32:42.733,23.9000,100
55962733816128,15:32:42.733,23.9000,100
55962875484693,15:32:42.875,23.8900,100
55962875535206,15:32:42.875,23.8900,100
55967125246261,15:32:47.125,23.9000,3
55968001928065,15:32:48.001,23.8800,82
55968001953582,15:32:48.001,23.8800,18
55968001953582,15:32:48.001,23.8800,3
55971227389300,15:32:51.227,23.8700,2
55971227389300,15:32:51.227,23.8700,22
55971427555541,15:32:51.427,23.8600,100
55971427555541,15:32:51.427,23.8600,40
55971428134586,15:32:51.428,23.8600,100
55979188839643,15:32:59.188,23.8600,8
55979188981444,15:32:59.188,23.8600,10
55979188983933,15:32:59.188,23.8600,90
55980777708070,15:33:00.777,23.8700,1
55980777708070,15:33:00.777,23.8700,99
55982179241353,15:33:02.179,23.8700,1
55989033647872,15:33:09.033,23.8600,1
56008534684831,15:33:28.534,23.8400,1
56051085776988,15:34:11.085,23.8100,1
56051086706759,15:34:11.086,23.8000,1
56067033174541,15:34:27.033,23.8000,3
56067033174541,15:34:27.033,23.8000,2
56071909837510,15:34:31.909,23.8100,100
56071910284854,15:34:31.910,23.8100,100
56071910284854,15:34:31.910,23.8100,100
56074923011784,15:34:34.923,23.8200,1
56103078877469,15:35:03.078,23.8200,1
56138324013769,15:35:38.324,23.8300,1
56170584540807,15:36:10.584,23.8500,100
56212054832165,15:36:52.054,23.8500,1
56274516618200,15:37:54.516,23.8600,10
56310163396629,15:38:30.163,23.8600,90
56310163396629,15:38:30.163,23.8600,2
56313994206193,15:38:33.994,23.8800,5
56313994206193,15:38:33.994,23.8800,8
56313994223942,15:38:33.994,23.8800,92
56313994223942,15:38:33.994,23.8800,8
56313994424121,15:38:33.994,23.8800,5
56323481685324,15:38:43.481,23.8900,100
56323481992651,15:38:43.481,23.8900,59
56323482114227,15:38:43.482,23.8900,14
56323495240279,15:38:43.495,23.9000,1
56326224080369,15:38:46.224,23.8900,1
56326224080369,15:38:46.224,23.8900,100
56326224080369,15:38:46.224,23.8900,100
56326224085708,15:38:46.224,23.8900,100
56417272299071,15:40:17.272,23.9100,10
56417272299071,15:40:17.272,23.9100,90
56417272299071,15:40:17.272,23.9100,1
56430471633843,15:40:30.471,23.9000,30
56430471639092,15:40:30.471,23.9000,31
56430471640488,15:40:30.471,23.9000,30
56430471648070,15:40:30.471,23.9100,100
56430471648070,15:40:30.471,23.9000,19
56430471664486,15:40:30.471,23.9000,29
56430471665987,15:40:30.471,23.9000,30
56430471719107,15:40:30.471,23.9100,100
56430471719107,15:40:30.471,23.9000,192
56430471734869,15:40:30.471,23.9000,39
56430471734869,15:40:30.471,23.9000,2
56431454668209,15:40:31.454,23.8850,100
56431454668209,15:40:31.454,23.8850,100
56448428981579,15:40:48.428,23.8700,2
56487308509462,15:41:27.308,23.8600,60
56487942498501,15:41:27.942,23.8500,70
56487942527760,15:41:27.942,23.8500,100
56487945362226,15:41:27.945,23.8500,100
56487951878708,15:41:27.951,23.8500,100
56487951917649,15:41:27.951,23.8500,100
56487988150948,15:41:27.988,23.8500,100
56488012120308,15:41:28.012,23.8400,100
56488012120308,15:41:28.012,23.8400,100
56488819271868,15:41:28.819,23.8300,100
56489019844114,15:41:29.019,23.8300,87
56489069216728,15:41:29.069,23.8400,100
56489069216728,15:41:29.069,23.8400,100
56490418640561,15:41:30.418,23.8600,7
56490418640561,15:41:30.418,23.8600,100
56490418640561,15:41:30.418,23.8600,100
56490707685857,15:41:30.707,23.8600,13
56490707685857,15:41:30.707,23.8600,87
56490708236466,15:41:30.708,23.8600,13
56490708236466,15:41:30.708,23.8600,1
56490708263832,15:41:30.708,23.8600,99
56490708263832,15:41:30.708,23.8600,1
56490726439313,15:41:30.726,23.8600,100
56514559868467,15:41:54.559,23.8600,1
56514559868467,15:41:54.559,23.8600,100
56516593668455,15:41:56.593,23.8500,1
56516593668455,15:41:56.593,23.8500,72
56516593742057,15:41:56.593,23.8500,28
56516596178212,15:41:56.596,23.8500,29
56516596205031,15:41:56.596,23.8500,100
56524150766519,15:42:04.150,23.8600,100
56524150806614,15:42:04.150,23.8600,1
56532292685147,15:42:12.292,23.8700,100
56532294735548,15:42:12.294,23.8800,2
56532294735548,15:42:12.294,23.8800,98
56532294775401,15:42:12.294,23.8800,2
56532294775401,15:42:12.294,23.8800,100
56535932465822,15:42:15.932,23.8900,100
56535932465822,15:42:15.932,23.8900,100
56550899887170,15:42:30.899,23.8800,1
56550899887170,15:42:30.899,23.8700,2
56550982159482,15:42:30.982,23.8600,11
56663176135884,15:44:23.176,23.8900,90
56666413660372,15:44:26.413,23.8800,100
56666415495712,15:44:26.415,23.8700,100
56666415553021,15:44:26.415,23.8700,100
56666415553021,15:44:26.415,23.8700,100
56667757548953,15:44:27.757,23.8600,100
56667758242624,15:44:27.758,23.8550,100
56667761001700,15:44:27.761,23.8600,100
56667883542444,15:44:27.883,23.8700,100
56703318941112,15:45:03.318,23.8700,7
56703318941112,15:45:03.318,23.8700,93
56703318988080,15:45:03.318,23.8700,7
56703318988080,15:45:03.318,23.8700,83
56703318994880,15:45:03.318,23.8700,17
56707895289456,15:45:07.895,23.8700,1
56759303857041,15:45:59.303,23.8700,100
56795546031875,15:46:35.546,23.8700,6
56795546031875,15:46:35.546,23.8700,94
56795546064669,15:46:35.546,23.8700,6
56818108903077,15:46:58.108,23.8600,1
56818108903077,15:46:58.108,23.8600,51
56819810728966,15:46:59.810,23.8700,76
56819810728966,15:46:59.810,23.8700,24
56829679910370,15:47:09.679,23.8600,1
56829680909466,15:47:09.680,23.8600,22
56838476072741,15:47:18.476,23.8600,100
56862573373197,15:47:42.573,23.8600,2
56862573373197,15:47:42.573,23.8600,71
56862573721821,15:47:42.573,23.8600,29
56862573721821,15:47:42.573,23.8600,71
56862574803043,15:47:42.574,23.8600,129
56862574803043,15:47:42.574,23.8600,100
56862576985934,15:47:42.576,23.8600,100
56862576985934,15:47:42.576,23.8600,100
56862576985934,15:47:42.576,23.8600,100
56864984735951,15:47:44.984,23.8700,76
56864984735951,15:47:44.984,23.8700,100
56864984735951,15:47:44.984,23.8700,24
56881520593067,15:48:01.520,23.8700,1
56905059562940,15:48:25.059,23.8600,2
56905059562940,15:48:25.059,23.8600,84
56908663982619,15:48:28.663,23.8600,200
56908664022032,15:48:28.664,23.8600,90
56908664022032,15:48:28.664,23.8600,1
56908668582472,15:48:28.668,23.8600,161
56910894741568,15:48:30.894,23.8600,100
56910894741568,15:48:30.894,23.8600,6
56910894741568,15:48:30.894,23.8600,94
56910897250678,15:48:30.897,23.8600,6
56923825272895,15:48:43.825,23.8600,100
56923868047711,15:48:43.868,23.8600,100
56923868047711,15:48:43.868,23.8600,2
56954816157715,15:49:14.816,23.8700,75
56954816157715,15:49:14.816,23.8700,25
56954816869578,15:49:14.816,23.8700,49
56954816869578,15:49:14.816,23.8700,100
56954816869578,15:49:14.816,23.8700,51
56957060218203,15:49:17.060,23.8700,49
56957060218203,15:49:17.060,23.8700,1
56957476503044,15:49:17.476,23.8800,100
56958536360097,15:49:18.536,23.8800,1
56960186532385,15:49:20.186,23.8800,1
56966026389631,15:49:26.026,23.8800,98
56966026389631,15:49:26.026,23.8800,2
56966026429664,15:49:26.026,23.8800,100
56966026429664,15:49:26.026,23.8800,33
56966026555867,15:49:26.026,23.8800,67
56969449583892,15:49:29.449,23.9000,1
56969449583892,15:49:29.449,23.9000,10
56969846923173,15:49:29.846,23.9000,100
56971647939898,15:49:31.647,23.8950,100
56971647939898,15:49:31.647,23.8900,2
56971647980829,15:49:31.647,23.8900,98
56971647980829,15:49:31.647,23.8900,2
56971647980829,15:49:31.647,23.8900,2
56971648034746,15:49:31.648,23.8900,37
56971748622825,15:49:31.748,23.9000,1
56981024441944,15:49:41.024,23.9100,5
56981024441944,15:49:41.024,23.9100,100
56981024441944,15:49:41.024,23.9100,100
56985997990266,15:49:45.997,23.9200,10
56985997990266,15:49:45.997,23.9200,90
56989930059574,15:49:49.930,23.9200,110
56989930059574,15:49:49.930,23.9200,1
56992070549475,15:49:52.070,23.9300,20
56999008412745,15:49:59.008,23.9400,200
56999008412745,15:49:59.008,23.9400,100
56999102491268,15:49:59.102,23.9500,100
56999102491268,15:49:59.102,23.9500,31
56999102556442,15:49:59.102,23.9500,69
56999102556442,15:49:59.102,23.9500,3
56999103827193,15:49:59.103,23.9400,2
57001597982725,15:50:01.597,23.9450,400
57004569266646,15:50:04.569,23.9400,47
57004569313768,15:50:04.569,23.9400,53
57004570034650,15:50:04.570,23.9300,100
57004598093807,15:50:04.598,23.9300,100
57004601026078,15:50:04.601,23.9200,8
57022996482419,15:50:22.996,23.9250,100
57022996936354,15:50:22.996,23.9200,100
57023476685627,15:50:23.476,23.9300,100
57023476685627,15:50:23.476,23.9300,100
57023476685627,15:50:23.476,23.9300,2
57023476685627,15:50:23.476,23.9300,98
57025073569882,15:50:25.073,23.9300,100
57025073569882,15:50:25.073,23.9300,94
57025073569882,15:50:25.073,23.9300,1
57027790067140,15:50:27.790,23.9500,200
57027825765356,15:50:27.825,23.9400,50
57029968868805,15:50:29.968,23.9200,100
57029968892928,15:50:29.968,23.9200,26
57029968905737,15:50:29.968,23.9200,74
57060532580155,15:51:00.532,23.9200,1
57066577487460,15:51:06.577,23.9200,100
57067149333931,15:51:07.149,23.9200,2
57067149333931,15:51:07.149,23.9200,100
57067151079652,15:51:07.151,23.9250,100
57067151596235,15:51:07.151,23.9250,24
57067151596235,15:51:07.151,23.9250,52
57067179750825,15:51:07.179,23.9200,100
57067180135142,15:51:07.180,23.9100,100
57067180194656,15:51:07.180,23.9200,26
57067180212647,15:51:07.180,23.9200,30
57067180225575,15:51:07.180,23.9200,144
57067954891838,15:51:07.954,23.9200,60
57070924610224,15:51:10.924,23.9200,100
57070924640940,15:51:10.924,23.9200,1
57070924652541,15:51:10.924,23.9200,2
57070924841070,15:51:10.924,23.9200,2
57072926132278,15:51:12.926,23.9200,100
57072927248603,15:51:12.927,23.9200,7
57072927328683,15:51:12.927,23.9200,93
57090099793147,15:51:30.099,23.9250,200
57090099793147,15:51:30.099,23.9250,100
57090100823870,15:51:30.100,23.9200,200
57090100823870,15:51:30.100,23.9200,100
57090101108649,15:51:30.101,23.9200,26
57090101154900,15:51:30.101,23.9200,74
57090101315455,15:51:30.101,23.9200,200
57090101344358,15:51:30.101,23.9200,100
57093103996103,15:51:33.103,23.9200,100
57096756888451,15:51:36.756,23.9300,2
57096756914764,15:51:36.756,23.9300,98
57096756914764,15:51:36.756,23.9300,100
57096756914764,15:51:36.756,23.9300,1
57096807744549,15:51:36.807,23.9500,200
57109899498732,15:51:49.899,23.9400,2
57109901205997,15:51:49.901,23.9500,100
57109901513855,15:51:49.901,23.9400,100
57109923183358,15:51:49.923,23.9400,50
57118370650713,15:51:58.370,23.9400,100
57118370650713,15:51:58.370,23.9400,1
57118370650713,15:51:58.370,23.9400,600
57118371305352,15:51:58.371,23.9500,29
57118371318083,15:51:58.371,23.9500,171
57118779266461,15:51:58.779,23.9400,100
57118785357586,15:51:58.785,23.9400,50
57118785620773,15:51:58.785,23.9400,60
57118785622761,15:51:58.785,23.9400,31
57118785634520,15:51:58.785,23.9400,30
57120900329594,15:52:00.900,23.9400,300
57120900359839,15:52:00.900,23.9400,29
57120900359839,15:52:00.900,23.9400,100
57120900359839,15:52:00.900,23.9400,1
57124311364412,15:52:04.311,23.9400,1
57134671685655,15:52:14.671,23.9400,100
57134671685655,15:52:14.671,23.9400,80
57134671727969,15:52:14.671,23.9400,20
57134671727969,15:52:14.671,23.9400,1
57139710108323,15:52:19.710,23.9600,60
57149613202378,15:52:29.613,23.9500,100
57156767639459,15:52:36.767,23.9550,1
57157368049926,15:52:37.368,23.9500,300
57157368049926,15:52:37.368,23.9500,100
57157368049926,15:52:37.368,23.9500,1
57157368049926,15:52:37.368,23.9500,100
57157368049926,15:52:37.368,23.9500,100
57157368516142,15:52:37.368,23.9400,2
57159165636597,15:52:39.165,23.9400,100
57159165636597,15:52:39.165,23.9400,200
57159165675907,15:52:39.165,23.9400,100
57159166090358,15:52:39.166,23.9300,100
57164485792115,15:52:44.485,23.9200,100
57164485792115,15:52:44.485,23.9200,100
57164485792115,15:52:44.485,23.9200,100
57187212440155,15:53:07.212,23.9000,19
57187212448212,15:53:07.212,23.9000,29
57187212470215,15:53:07.212,23.9000,52
57187212470215,15:53:07.212,23.9000,29
57187213004045,15:53:07.213,23.9000,100
57187213033163,15:53:07.213,23.9000,100
57187213543463,15:53:07.213,23.9000,30
57187232565825,15:53:07.232,23.9000,70
57187232565825,15:53:07.232,23.9000,71
57193986117466,15:53:13.986,23.9100,3
57193986117466,15:53:13.986,23.9100,97
57201108699798,15:53:21.108,23.9100,100
57201108699798,15:53:21.108,23.9100,2
57201310051384,15:53:21.310,23.9200,58
57201310080119,15:53:21.310,23.9200,42
57201310080119,15:53:21.310,23.9200,3
57202724947019,15:53:22.724,23.9500,1
57205951026103,15:53:25.951,23.9600,100
57205953176179,15:53:25.953,23.9600,100
57205954175872,15:53:25.954,23.9500,200
57206003106756,15:53:26.003,23.9400,50
57220734624828,15:53:40.734,23.9500,29
57220734634340,15:53:40.734,23.9500,119
57220734639123,15:53:40.734,23.9500,30
57220734691557,15:53:40.734,23.9500,22
57220758502915,15:53:40.758,23.9500,100
57236371072938,15:53:56.371,23.9600,1
57236371072938,15:53:56.371,23.9600,90
57236371084702,15:53:56.371,23.9600,10
57236371084702,15:53:56.371,23.9600,21
57236371087941,15:53:56.371,23.9600,79
57236588706031,15:53:56.588,23.9600,100
57236592946751,15:53:56.592,23.9600,100
57265628938852,15:54:25.628,23.9600,100
57266189040746,15:54:26.189,23.9600,2
57266343780635,15:54:26.343,23.9600,2
57266345176453,15:54:26.345,23.9500,78
57266345262495,15:54:26.345,23.9500,12
57266345262495,15:54:26.345,23.9500,6
57266345283163,15:54:26.345,23.9500,21
57266345287074,15:54:26.345,23.9500,18
57266345294749,15:54:26.345,23.9500,29
57266345362817,15:54:26.345,23.9500,26
57266345362817,15:54:26.345,23.9500,100
57266345465497,15:54:26.345,23.9500,100
57266345465497,15:54:26.345,23.9500,190
57284274802838,15:54:44.274,23.9500,400
57284274802838,15:54:44.274,23.9500,100
57284274802838,15:54:44.274,23.9500,100
57284274911930,15:54:44.274,23.9500,100
57284275014963,15:54:44.275,23.9500,100
57284275117915,15:54:44.275,23.9500,13
57284275913899,15:54:44.275,23.9400,1
57286534878616,15:54:46.534,23.9100,100
57292670710847,15:54:52.670,23.9000,26
57292670710847,15:54:52.670,23.9000,74
57292670775084,15:54:52.670,23.9000,26
57292903438741,15:54:52.903,23.8850,100
57301225230700,15:55:01.225,23.9000,100
57301225230700,15:55:01.225,23.9000,5
57303262896153,15:55:03.262,23.9000,200
57303262896153,15:55:03.262,23.9000,100
57310121182888,15:55:10.121,23.9100,100
57310123115716,15:55:10.123,23.9100,100
57310125888172,15:55:10.125,23.9100,100
57310165686983,15:55:10.165,23.9100,5
57310610508461,15:55:10.610,23.9100,3
57312467590554,15:55:12.467,23.9100,100
57324291113804,15:55:24.291,23.9150,119
57324291129816,15:55:24.291,23.9150,30
57324291132471,15:55:24.291,23.9150,29
57324291334212,15:55:24.291,23.9150,22
57324291334212,15:55:24.291,23.9100,56
57326286613277,15:55:26.286,23.9200,100
57335987898600,15:55:35.987,23.9150,100
57356780511738,15:55:56.780,23.9200,100
57356780552356,15:55:56.780,23.9200,61
57356780798688,15:55:56.780,23.9200,61
57360905500084,15:56:00.905,23.9200,478
57360905500084,15:56:00.905,23.9200,100
57360905500084,15:56:00.905,23.9200,2
57360905500084,15:56:00.905,23.9200,76
57360905500084,15:56:00.905,23.9200,100
57375808366778,15:56:15.808,23.9300,12
57375808366778,15:56:15.808,23.9300,100
57375821338647,15:56:15.821,23.9400,200
57388885235775,15:56:28.885,23.9400,500
57388885235775,15:56:28.885,23.9400,100
57388885235775,15:56:28.885,23.9400,100
57388885235775,15:56:28.885,23.9400,100
57388885235775,15:56:28.885,23.9400,4
57388885235775,15:56:28.885,23.9400,96
57388885270948,15:56:28.885,23.9400,4
57391310680748,15:56:31.310,23.9500,100
57401689143788,15:56:41.689,23.9450,100
57403927973206,15:56:43.927,23.9500,100
57403927973206,15:56:43.927,23.9500,4
57403927973206,15:56:43.927,23.9500,100
57403927973206,15:56:43.927,23.9500,100
57403927973206,15:56:43.927,23.9500,100
57403927973206,15:56:43.927,23.9500,100
57403939700664,15:56:43.939,23.9600,100
57403939700664,15:56:43.939,23.9600,100
57403948104676,15:56:43.948,23.9500,100
57403948104676,15:56:43.948,23.9500,100
57403948553564,15:56:43.948,23.9500,100
57420642149214,15:57:00.642,23.9500,300
57420642149214,15:57:00.642,23.9500,100
57466954085394,15:57:46.954,23.9600,4
57474732153073,15:57:54.732,23.9600,100
57480198689943,15:58:00.198,23.9500,4
57487720302982,15:58:07.720,23.9600,100
57487770460313,15:58:07.770,23.9600,3
57490420402120,15:58:10.420,23.9550,19
57496952720747,15:58:16.952,23.9600,100
57500196708154,15:58:20.196,23.9600,100
57515835573285,15:58:35.835,23.9600,100
57522474600483,15:58:42.474,23.9600,193
57522474600483,15:58:42.474,23.9600,7
57530253579326,15:58:50.253,23.9600,1
57534816499206,15:58:54.816,23.9600,3
57542684860181,15:59:02.684,23.9600,89
57542684860181,15:59:02.684,23.9600,300
57542684860181,15:59:02.684,23.9600,11
57542684900424,15:59:02.684,23.9600,30
57542684902872,15:59:02.684,23.9600,39
57542684930234,15:59:02.684,23.9600,20
57542684930234,15:59:02.684,23.9600,64
57542684960833,15:59:02.684,23.9600,39
57542684988082,15:59:02.684,23.9600,100
57542684992993,15:59:02.684,23.9600,25
57542684992993,15:59:02.684,23.9600,75
57542685036770,15:59:02.685,23.9600,25
57542685036770,15:59:02.685,23.9600,14
57542685213141,15:59:02.685,23.9600,86
57542685213141,15:59:02.685,23.9600,5
57542685213141,15:59:02.685,23.9600,3
57542685652387,15:59:02.685,23.9600,36
57542685652387,15:59:02.685,23.9600,48
57542685696896,15:59:02.685,23.9600,400
57542685867493,15:59:02.685,23.9600,39
57543436318687,15:59:03.436,23.9600,3
57545068725353,15:59:05.068,23.9600,200
57546711460826,15:59:06.711,23.9600,10
57546711460826,15:59:06.711,23.9600,12
57549401865872,15:59:09.401,23.9600,63
57549401865872,15:59:09.401,23.9600,47
57549913828863,15:59:09.913,23.9600,53
57549913828863,15:59:09.913,23.9600,47
57550111574199,15:59:10.111,23.9550,100
57550722172137,15:59:10.722,23.9600,53
57550722172137,15:59:10.722,23.9600,247
57550722203803,15:59:10.722,23.9600,453
57550751385812,15:59:10.751,23.9600,30
57550754486101,15:59:10.754,23.9600,100
57550754486101,15:59:10.754,23.9700,88
57550754486101,15:59:10.754,23.9700,12
57550757410949,15:59:10.757,23.9700,88
57550757410949,15:59:10.757,23.9700,12
57563233966869,15:59:23.233,23.9600,3
57563245174809,15:59:23.245,23.9600,77
57563245174809,15:59:23.245,23.9600,23
57567657674256,15:59:27.657,23.9700,200
57570951058266,15:59:30.951,23.9500,44
57570951119931,15:59:30.951,23.9500,157
57570951119931,15:59:30.951,23.9500,148
57570951119931,15:59:30.951,23.9500,200
57570951119931,15:59:30.951,23.9500,158
57570951119931,15:59:30.951,23.9500,200
57570951119931,15:59:30.951,23.9500,100
57570951119931,15:59:30.951,23.9500,48
57570951119931,15:59:30.951,23.9500,100
57570951119931,15:59:30.951,23.9500,51
57570951119931,15:59:30.951,23.9500,51
57570951119931,15:59:30.951,23.9500,186
57570951119931,15:59:30.951,23.9500,100
57570951803669,15:59:30.951,23.9500,117
57570955535422,15:59:30.955,23.9400,100
57571000036941,15:59:31.000,23.9200,34
57571000036941,15:59:31.000,23.9200,122
57571000036941,15:59:31.000,23.9200,100
57571000036941,15:59:31.000,23.9200,144
57571034270349,15:59:31.034,23.9600,100
57571037242745,15:59:31.037,23.9700,86
57571037242745,15:59:31.037,23.9700,14
57572034438420,15:59:32.034,23.9600,3
57578633509028,15:59:38.633,23.9600,3
57581044198321,15:59:41.044,23.9600,30
57590046611990,15:59:50.046,23.9600,64
57590046611990,15:59:50.046,23.9600,36
57595293458530,15:59:55.293,23.9500,113
57595678246160,15:59:55.678,23.9600,15
57596022636883,15:59:56.022,23.9500,42
57596023255771,15:59:56.023,23.9500,46
57596023255771,15:59:56.023,23.9500,41
57600576948155,16:00:00.576,23.9700,13645
