timestamp,time,price,volume
34200166756395,09:30:00.166,52.5300,200
34211646441958,09:30:11.646,52.4400,3
34212354078087,09:30:12.354,52.4300,2
34212653930305,09:30:12.653,52.4300,1
34214978687357,09:30:14.978,52.4500,2
34256383195344,09:30:56.383,52.4100,23
34256383195344,09:30:56.383,52.4100,105
34260196836203,09:31:00.196,52.3900,100
34288795080595,09:31:28.795,52.3100,100
34301015543211,09:31:41.015,52.2500,100
34301015550402,09:31:41.015,52.2600,300
34301015588464,09:31:41.015,52.2500,100
34301015604106,09:31:41.015,52.2500,100
34301015846334,09:31:41.015,52.2400,100
34301015848772,09:31:41.015,52.2500,100
34301015873509,09:31:41.015,52.2400,100
34301152384938,09:31:41.152,52.2500,20
34303221726412,09:31:43.221,52.3100,1
34320165577909,09:32:00.165,52.2000,100
34320165577909,09:32:00.165,52.1900,200
34320165577909,09:32:00.165,52.1900,100
34320165577909,09:32:00.165,52.1800,200
34320165577909,09:32:00.165,52.1800,100
34320165577909,09:32:00.165,52.1700,100
34320165772380,09:32:00.165,52.2100,100
34320166675821,09:32:00.166,52.2100,100
34320166701444,09:32:00.166,52.2100,100
34320167451772,09:32:00.167,52.1900,100
34320167594107,09:32:00.167,52.2100,100
34320167594107,09:32:00.167,52.2100,100
34320167594107,09:32:00.167,52.2200,200
34320169679061,09:32:00.169,52.2100,100
34320169679061,09:32:00.169,52.2100,100
34320169679061,09:32:00.169,52.2100,100
34320237661410,09:32:00.237,52.2200,100
34326144364622,09:32:06.144,52.2000,100
34326157428444,09:32:06.157,52.2000,23
34326227494756,09:32:06.227,52.2000,100
34326229615032,09:32:06.229,52.1900,100
34328923042575,09:32:08.923,52.2000,100
34329488379295,09:32:09.488,52.2100,100
34329488379295,09:32:09.488,52.2100,100
34329488404030,09:32:09.488,52.2100,20
34330912017459,09:32:10.912,52.2100,10
34338673142957,09:32:18.673,52.2400,40
34338673189872,09:32:18.673,52.2400,60
34338674100823,09:32:18.674,52.2400,100
34338760909184,09:32:18.760,52.2400,100
34338760909184,09:32:18.760,52.2400,100
34340389321194,09:32:20.389,52.2100,200
34341007029968,09:32:21.007,52.2100,100
34346875729443,09:32:26.875,52.2400,100
34346876269146,09:32:26.876,52.2400,100
34346877120859,09:32:26.877,52.2400,100
34346877187698,09:32:26.877,52.2500,100
34346877205218,09:32:26.877,52.2500,100
34347413322197,09:32:27.413,52.2500,100
34352960651382,09:32:32.960,52.2200,100
34352960651382,09:32:32.960,52.2100,100
34352960651382,09:32:32.960,52.2100,100
34352960651382,09:32:32.960,52.2100,100
34365119763097,09:32:45.119,52.2700,100
34365213313978,09:32:45.213,52.2800,100
34385832598980,09:33:05.832,52.3000,100
34385840373258,09:33:05.840,52.3100,100
34385841031234,09:33:05.841,52.3100,1300
34385841147667,09:33:05.841,52.3100,70
34385841172104,09:33:05.841,52.3100,100
34385841844126,09:33:05.841,52.3100,100
34386756462556,09:33:06.756,52.3000,150
34386756465648,09:33:06.756,52.3000,150
34387510137700,09:33:07.510,52.3000,900
34387510218809,09:33:07.510,52.3000,100
34402220307691,09:33:22.220,52.2000,100
34410249733978,09:33:30.249,52.1800,100
34411875370222,09:33:31.875,52.2000,100
34411875394254,09:33:31.875,52.2000,33
34411888025313,09:33:31.888,52.2000,257
34411888025313,09:33:31.888,52.2000,100
34420191861656,09:33:40.191,52.2000,100
34420192573364,09:33:40.192,52.1900,23
34428360040606,09:33:48.360,52.2000,100
34428433974626,09:33:48.433,52.1900,18
34435157979813,09:33:55.157,52.2000,100
34451117355650,09:34:11.117,52.2600,100
34465125813827,09:34:25.125,52.2100,100
34468555773992,09:34:28.555,52.2200,100
34468556149358,09:34:28.556,52.2200,100
34468752968332,09:34:28.752,52.2250,100
34473555294708,09:34:33.555,52.2500,100
34474362706389,09:34:34.362,52.2600,100
34495293866152,09:34:55.293,52.2300,100
34498849949583,09:34:58.849,52.2400,200
34498850080423,09:34:58.850,52.2400,100
34504441258627,09:35:04.441,52.2800,100
34528547689347,09:35:28.547,52.2800,8
34528547689347,09:35:28.547,52.2800,92
34528547717233,09:35:28.547,52.2800,108
34528547891444,09:35:28.547,52.2800,100
34528547891444,09:35:28.547,52.2800,100
34532061188663,09:35:32.061,52.2800,100
34533554401305,09:35:33.554,52.2700,100
34533559932483,09:35:33.559,52.2600,100
34536700872572,09:35:36.700,52.2400,50
34536700887866,09:35:36.700,52.2400,50
34538143354904,09:35:38.143,52.2100,200
34538143354904,09:35:38.143,52.2100,23
34545514696617,09:35:45.514,52.2100,200
34545514786837,09:35:45.514,52.2100,100
34545514787358,09:35:45.514,52.2100,100
34547369810772,09:35:47.369,52.2200,100
34547369810772,09:35:47.369,52.2200,100
34547371043696,09:35:47.371,52.2100,100
34547371043696,09:35:47.371,52.2100,100
34547384243322,09:35:47.384,52.2000,100
34553457451210,09:35:53.457,52.1800,100
34558953024652,09:35:58.953,52.1900,76
34559516429242,09:35:59.516,52.2000,100
34562900152653,09:36:02.900,52.1900,100
34565381585090,09:36:05.381,52.2000,100
34565381585090,09:36:05.381,52.2000,100
34573103233092,09:36:13.103,52.2000,100
34576593362826,09:36:16.593,52.2100,100
34580873672848,09:36:20.873,52.2000,100
34580873672848,09:36:20.873,52.2000,100
34581016076987,09:36:21.016,52.1800,26
34581078211381,09:36:21.078,52.1800,78
34590586360590,09:36:30.586,52.1300,25
34590586388311,09:36:30.586,52.1300,100
34590592303744,09:36:30.592,52.1300,100
34596151467516,09:36:36.151,52.1200,23
34600500557362,09:36:40.500,52.1300,100
34600665905851,09:36:40.665,52.1300,100
34600665905851,09:36:40.665,52.1300,100
34600665905851,09:36:40.665,52.1300,100
34602594699139,09:36:42.594,52.1300,100
34602594699139,09:36:42.594,52.1300,100
34606889335816,09:36:46.889,52.1100,100
34613161966770,09:36:53.161,52.1200,100
34613162513780,09:36:53.162,52.1200,100
34613162513780,09:36:53.162,52.1200,100
34613162513780,09:36:53.162,52.1200,100
34613162513780,09:36:53.162,52.1200,100
34615228987889,09:36:55.228,52.1200,100
34615228987889,09:36:55.228,52.1200,100
34615228987889,09:36:55.228,52.1200,100
34615228987889,09:36:55.228,52.1200,100
34615228987889,09:36:55.228,52.1200,100
34617611653415,09:36:57.611,52.1200,100
34617611653415,09:36:57.611,52.1200,100
34617611653415,09:36:57.611,52.1200,22
34617611666855,09:36:57.611,52.1200,78
34617612959124,09:36:57.612,52.1300,100
34617613119775,09:36:57.613,52.1300,100
34617613588356,09:36:57.613,52.1300,100
34617630001413,09:36:57.630,52.1300,94
34617829673810,09:36:57.829,52.1300,6
34617944513927,09:36:57.944,52.1300,100
34617944695854,09:36:57.944,52.1300,100
34618029163080,09:36:58.029,52.1300,100
34618030375262,09:36:58.030,52.1300,100
34618030375262,09:36:58.030,52.1300,100
34618030375262,09:36:58.030,52.1300,100
34618030375262,09:36:58.030,52.1300,100
34618429121696,09:36:58.429,52.1300,200
34618429121696,09:36:58.429,52.1300,100
34619948978579,09:36:59.948,52.1200,100
34619949008650,09:36:59.949,52.1200,100
34620208492229,09:37:00.208,52.1200,100
34620208492229,09:37:00.208,52.1200,100
34628422766514,09:37:08.422,52.1300,100
34628422766514,09:37:08.422,52.1300,100
34628422766514,09:37:08.422,52.1300,100
34630692926242,09:37:10.692,52.1400,100
34632556824242,09:37:12.556,52.1600,100
34632557021119,09:37:12.557,52.1600,100
34632557021119,09:37:12.557,52.1600,100
34632733327562,09:37:12.733,52.1600,100
34632733327562,09:37:12.733,52.1600,100
34642074921787,09:37:22.074,52.1600,100
34642075396407,09:37:22.075,52.1600,23
34647005763281,09:37:27.005,52.1600,100
34651461438216,09:37:31.461,52.1700,100
34651466880809,09:37:31.466,52.1600,100
34663669155650,09:37:43.669,52.1500,100
34668086426869,09:37:48.086,52.1100,77
34671089395003,09:37:51.089,52.1000,100
34680780332890,09:38:00.780,52.1300,100
34683993005972,09:38:03.993,52.1400,100
34683993009579,09:38:03.993,52.1400,100
34683993490654,09:38:03.993,52.1400,100
34683993490654,09:38:03.993,52.1400,100
34683993490654,09:38:03.993,52.1400,100
34683993988096,09:38:03.993,52.1400,100
34697129323712,09:38:17.129,52.1400,72
34697129382153,09:38:17.129,52.1400,28
34710438480751,09:38:30.438,52.1700,100
34710438480751,09:38:30.438,52.1700,100
34714073876990,09:38:34.073,52.1800,200
34714073939101,09:38:34.073,52.1800,100
34717109007088,09:38:37.109,52.1900,100
34717109007088,09:38:37.109,52.1900,100
34717109007088,09:38:37.109,52.1900,100
34717472129544,09:38:37.472,52.2000,68
34721550662101,09:38:41.550,52.2000,100
34721550758484,09:38:41.550,52.2000,100
34725437634496,09:38:45.437,52.1700,100
34727159532954,09:38:47.159,52.1600,100
34727159532954,09:38:47.159,52.1600,100
34727159532954,09:38:47.159,52.1600,200
34732020893704,09:38:52.020,52.2000,100
34736769069316,09:38:56.769,52.2100,100
34740369878530,09:39:00.369,52.2200,100
34740369878530,09:39:00.369,52.2200,100
34740375603927,09:39:00.375,52.2100,100
34740375603927,09:39:00.375,52.2100,100
34740874437399,09:39:00.874,52.2100,100
34740874437399,09:39:00.874,52.2100,100
34741740218955,09:39:01.740,52.2100,100
34745801909138,09:39:05.801,52.2000,100
34745801909138,09:39:05.801,52.2000,100
34746476466481,09:39:06.476,52.1900,100
34746476491040,09:39:06.476,52.1900,98
34749929936559,09:39:09.929,52.1900,200
34749929936559,09:39:09.929,52.1900,100
34749929936559,09:39:09.929,52.1900,100
34757659208209,09:39:17.659,52.2100,200
34757659365737,09:39:17.659,52.2100,100
34761908793525,09:39:21.908,52.2100,96
34761908793525,09:39:21.908,52.2100,100
34764507672829,09:39:24.507,52.2200,200
34764507672829,09:39:24.507,52.2200,100
34764507837351,09:39:24.507,52.2200,2
34764507981263,09:39:24.507,52.2200,98
34764507981263,09:39:24.507,52.2200,100
34769535330015,09:39:29.535,52.2200,100
34772227867029,09:39:32.227,52.2100,100
34782827990978,09:39:42.827,52.2300,3
34782827992860,09:39:42.827,52.2300,197
34782827992860,09:39:42.827,52.2300,100
34786121226671,09:39:46.121,52.2400,100
34788759209561,09:39:48.759,52.2100,100
34795549256474,09:39:55.549,52.2100,2
34795549492393,09:39:55.549,52.2100,198
34795549719947,09:39:55.549,52.2100,100
34795549719947,09:39:55.549,52.2100,100
34813372305370,09:40:13.372,52.2100,200
34813372470614,09:40:13.372,52.2100,100
34813372470614,09:40:13.372,52.2100,100
34816199654173,09:40:16.199,52.2100,100
34816776509245,09:40:16.776,52.2000,100
34830611905593,09:40:30.611,52.2200,200
34830611905593,09:40:30.611,52.2200,100
34833088052073,09:40:33.088,52.2300,100
34833088052073,09:40:33.088,52.2300,100
34836499338709,09:40:36.499,52.2100,100
34843199305834,09:40:43.199,52.1900,100
34843705743225,09:40:43.705,52.1800,100
34844451368698,09:40:44.451,52.1700,100
34844451368698,09:40:44.451,52.1700,100
34845137197966,09:40:45.137,52.1700,100
34853806776525,09:40:53.806,52.1800,100
34853806776525,09:40:53.806,52.1800,100
34854901217324,09:40:54.901,52.1700,100
34873424431863,09:41:13.424,52.1200,100
34875164430658,09:41:15.164,52.1400,100
34887851535626,09:41:27.851,52.1500,200
34887851535626,09:41:27.851,52.1500,60
34889177025815,09:41:29.177,52.1500,100
34889177981198,09:41:29.177,52.1600,100
34889177981198,09:41:29.177,52.1600,100
34894980585744,09:41:34.980,52.1700,100
34894980644325,09:41:34.980,52.1700,100
34903210367225,09:41:43.210,52.1800,100
34903210367225,09:41:43.210,52.1800,100
34905747120340,09:41:45.747,52.1800,100
34907122549991,09:41:47.122,52.1900,200
34911684404290,09:41:51.684,52.2100,100
34911684404290,09:41:51.684,52.2100,1000
34920117004824,09:42:00.117,52.2000,100
34920117506730,09:42:00.117,52.2000,100
34920117506730,09:42:00.117,52.2000,100
34921208328528,09:42:01.208,52.2100,100
34925952593430,09:42:05.952,52.2400,100
34927028535072,09:42:07.028,52.2500,100
34927435954993,09:42:07.435,52.2500,100
34928650216565,09:42:08.650,52.2600,100
34936023678754,09:42:16.023,52.2900,100
34936261600195,09:42:16.261,52.2900,100
34936261600195,09:42:16.261,52.2900,100
34936734030319,09:42:16.734,52.2700,100
34957590917077,09:42:37.590,52.2900,100
34957599112541,09:42:37.599,52.2800,100
34959583255007,09:42:39.583,52.2900,100
34970005063423,09:42:50.005,52.2900,100
34989410159292,09:43:09.410,52.2900,100
34991494557642,09:43:11.494,52.3100,100
34993238498902,09:43:13.238,52.3200,100
34993926460251,09:43:13.926,52.3000,100
34993926460251,09:43:13.926,52.3100,100
34993926460251,09:43:13.926,52.3100,100
34993926460251,09:43:13.926,52.3100,100
34993926460251,09:43:13.926,52.3100,100
35007881636369,09:43:27.881,52.2900,200
35007881636369,09:43:27.881,52.2900,100
35030099904244,09:43:50.099,52.3100,100
35030100588493,09:43:50.100,52.3100,100
35030100714465,09:43:50.100,52.3100,100
35032008070566,09:43:52.008,52.3200,100
35032008687269,09:43:52.008,52.3200,100
35041361850362,09:44:01.361,52.3200,96
35047020408236,09:44:07.020,52.3000,100
35047020889660,09:44:07.020,52.3000,100
35047020922161,09:44:07.020,52.3000,100
35047021085855,09:44:07.021,52.3000,100
35047021085855,09:44:07.021,52.3000,100
35047802847777,09:44:07.802,52.2900,100
35048845111105,09:44:08.845,52.2800,100
35059696609523,09:44:19.696,52.2700,100
35059747715465,09:44:19.747,52.2600,100
35059753316930,09:44:19.753,52.2600,100
35061747775203,09:44:21.747,52.2500,100
35061747801882,09:44:21.747,52.2500,100
35069119608597,09:44:29.119,52.2700,20
35077238865781,09:44:37.238,52.2600,100
35077238865781,09:44:37.238,52.2600,100
35082314779820,09:44:42.314,52.2600,19
35088257773303,09:44:48.257,52.2700,100
35090790394133,09:44:50.790,52.2700,83
35092026139367,09:44:52.026,52.2800,100
35092026139367,09:44:52.026,52.2800,100
35095037549806,09:44:55.037,52.3100,100
35098313493241,09:44:58.313,52.3100,97
35098313565029,09:44:58.313,52.3100,3
35116021576745,09:45:16.021,52.2900,100
35117097547815,09:45:17.097,52.3000,100
35117097547815,09:45:17.097,52.3000,60
35121169434234,09:45:21.169,52.3100,100
35155653457883,09:45:55.653,52.3000,100
35160891088537,09:46:00.891,52.3300,100
35160971388175,09:46:00.971,52.3300,100
35165318252265,09:46:05.318,52.3400,100
35171724473100,09:46:11.724,52.3100,100
35195227420390,09:46:35.227,52.3200,100
35195227420390,09:46:35.227,52.3200,200
35195229577047,09:46:35.229,52.3300,114
35219834359618,09:46:59.834,52.3100,100
35219834359618,09:46:59.834,52.3100,7
35222060061118,09:47:02.060,52.2900,2
35222060480964,09:47:02.060,52.2900,98
35233236512692,09:47:13.236,52.2700,100
35246688445787,09:47:26.688,52.2700,100
35248858780044,09:47:28.858,52.2850,100
35261852609533,09:47:41.852,52.2800,100
35282988724346,09:48:02.988,52.2600,200
35285251480686,09:48:05.251,52.2700,96
35285253082519,09:48:05.253,52.2700,8
35292154914629,09:48:12.154,52.2400,100
35292223168260,09:48:12.223,52.2300,100
35303608611869,09:48:23.608,52.2100,200
35303608898820,09:48:23.608,52.2100,100
35303608898820,09:48:23.608,52.2100,100
35306011687567,09:48:26.011,52.2300,100
35330635088114,09:48:50.635,52.2100,100
35330635088114,09:48:50.635,52.2100,100
35330656223760,09:48:50.656,52.2000,38
35333442629981,09:48:53.442,52.2000,100
35340844425192,09:49:00.844,52.2100,100
35340844425192,09:49:00.844,52.2000,200
35340844425192,09:49:00.844,52.2000,100
35340844425192,09:49:00.844,52.2000,100
35340844425192,09:49:00.844,52.2000,100
35340844568363,09:49:00.844,52.2000,400
35345401357958,09:49:05.401,52.2100,200
35350149372426,09:49:10.149,52.2200,100
35358635343471,09:49:18.635,52.2200,100
35358635343471,09:49:18.635,52.2200,7
35358635343471,09:49:18.635,52.2200,100
35358637615955,09:49:18.637,52.2000,100
35358637615955,09:49:18.637,52.2000,100
35358637615955,09:49:18.637,52.2000,100
35358637615955,09:49:18.637,52.2000,100
35358637615955,09:49:18.637,52.2000,100
35358639405604,09:49:18.639,52.1900,100
35358639405604,09:49:18.639,52.1900,100
35358639405604,09:49:18.639,52.1900,100
35358639832925,09:49:18.639,52.1900,100
35358640602401,09:49:18.640,52.1900,200
35358642646263,09:49:18.642,52.1900,100
35358644427584,09:49:18.644,52.2000,100
35358648816705,09:49:18.648,52.2100,60
35365147896482,09:49:25.147,52.2000,95
35365147896482,09:49:25.147,52.2000,10
35373088664816,09:49:33.088,52.1700,24
35398362297110,09:49:58.362,52.1400,38
35398362297110,09:49:58.362,52.1400,100
35398364632050,09:49:58.364,52.1400,100
35398364632050,09:49:58.364,52.1400,100
35398364632050,09:49:58.364,52.1400,100
35398364632050,09:49:58.364,52.1400,14
35398364647709,09:49:58.364,52.1400,86
35425447283654,09:50:25.447,52.1100,100
35425447283654,09:50:25.447,52.1100,100
35425447283654,09:50:25.447,52.1100,100
35425456901584,09:50:25.456,52.1200,200
35429855047115,09:50:29.855,52.1300,100
35458438249105,09:50:58.438,52.1400,100
35458438249105,09:50:58.438,52.1400,100
35458438249105,09:50:58.438,52.1400,100
35458446859457,09:50:58.446,52.1300,100
35458446859457,09:50:58.446,52.1300,100
35458504010713,09:50:58.504,52.1400,100
35458504010713,09:50:58.504,52.1400,100
35464374986800,09:51:04.374,52.1500,100
35470545850085,09:51:10.545,52.1600,100
35483471593143,09:51:23.471,52.1600,100
35483473854141,09:51:23.473,52.1600,8
35484631848868,09:51:24.631,52.1500,8
35492162872379,09:51:32.162,52.1400,76
35492163194010,09:51:32.163,52.1400,24
35508902022993,09:51:48.902,52.1300,100
35509005017506,09:51:49.005,52.1200,100
35509254708278,09:51:49.254,52.1300,100
35509401781961,09:51:49.401,52.1300,100
35509821498208,09:51:49.821,52.1300,100
35523475934926,09:52:03.475,52.1400,100
35524246031269,09:52:04.246,52.1500,200
35531382819402,09:52:11.382,52.1500,100
35533760913405,09:52:13.760,52.1500,96
35543430280297,09:52:23.430,52.1500,50
35544368417482,09:52:24.368,52.1500,32
35544368426373,09:52:24.368,52.1500,18
35544388340881,09:52:24.388,52.1450,200
35544388340881,09:52:24.388,52.1500,100
35544388340881,09:52:24.388,52.1500,100
35544636462439,09:52:24.636,52.1500,8
35544636462439,09:52:24.636,52.1500,100
35556822947120,09:52:36.822,52.1700,100
35558784510240,09:52:38.784,52.1800,100
35558784510240,09:52:38.784,52.1800,100
35558785680190,09:52:38.785,52.1900,100
35558785680190,09:52:38.785,52.1900,100
35558785873768,09:52:38.785,52.1900,78
35585034464325,09:53:05.034,52.1800,39
35585034592480,09:53:05.034,52.1800,61
35588238380045,09:53:08.238,52.1700,100
35592299630151,09:53:12.299,52.1600,100
35597702963951,09:53:17.702,52.1600,100
35612123157445,09:53:32.123,52.1600,100
35625291980242,09:53:45.291,52.1600,78
35625291980242,09:53:45.291,52.1600,100
35626126203663,09:53:46.126,52.1700,100
35626126490498,09:53:46.126,52.1700,100
35626126518828,09:53:46.126,52.1700,100
35633682832489,09:53:53.682,52.1800,100
35633683024631,09:53:53.683,52.1800,100
35633683024631,09:53:53.683,52.1800,100
35644636700593,09:54:04.636,52.2100,100
35650496208067,09:54:10.496,52.2100,7
35650496208067,09:54:10.496,52.2100,60
35664556836306,09:54:24.556,52.2400,100
35664560604280,09:54:24.560,52.2400,100
35666862939014,09:54:26.862,52.2500,100
35667612965613,09:54:27.612,52.2500,2
35668427323591,09:54:28.427,52.2500,100
35668427323591,09:54:28.427,52.2500,100
35668427323591,09:54:28.427,52.2500,100
35670609364075,09:54:30.609,52.2600,100
35675065006681,09:54:35.065,52.2700,100
35675065006681,09:54:35.065,52.2700,31
35677509590466,09:54:37.509,52.2700,100
35677509590466,09:54:37.509,52.2700,100
35679426000099,09:54:39.426,52.2800,100
35691168153844,09:54:51.168,52.2600,8
35700061992510,09:55:00.061,52.2300,100
35731960905647,09:55:31.960,52.2300,100
35745717018613,09:55:45.717,52.1900,76
35746174827648,09:55:46.174,52.1900,24
35746174827648,09:55:46.174,52.1900,236
35746174843010,09:55:46.174,52.1900,64
35755748227350,09:55:55.748,52.1800,100
35755748227350,09:55:55.748,52.1800,8
35755748227350,09:55:55.748,52.1800,100
35758087679030,09:55:58.087,52.1700,300
35767542729361,09:56:07.542,52.1600,100
35767542759314,09:56:07.542,52.1600,22
35767542759314,09:56:07.542,52.1600,70
35767542806343,09:56:07.542,52.1600,30
35767577522678,09:56:07.577,52.1500,100
35775703535322,09:56:15.703,52.1600,100
35775703535322,09:56:15.703,52.1600,100
35806719192186,09:56:46.719,52.1900,100
35819668192811,09:56:59.668,52.2100,100
35819668192811,09:56:59.668,52.2100,100
35825665228168,09:57:05.665,52.2200,100
35841319317963,09:57:21.319,52.2500,8
35842300532978,09:57:22.300,52.2400,32
35842300596605,09:57:22.300,52.2400,68
35847730436126,09:57:27.730,52.2300,100
35857271464545,09:57:37.271,52.2200,100
35861651834980,09:57:41.651,52.2300,100
35875928297017,09:57:55.928,52.1800,100
35876479415878,09:57:56.479,52.1800,100
35881733420541,09:58:01.733,52.1700,32
35881733640954,09:58:01.733,52.1700,68
35910713351015,09:58:30.713,52.1700,100
35910713446830,09:58:30.713,52.1700,100
35924476574408,09:58:44.476,52.1800,100
35924476574408,09:58:44.476,52.1800,100
35929130841900,09:58:49.130,52.1700,100
35933857490394,09:58:53.857,52.1800,100
35946311554294,09:59:06.311,52.1600,100
35946311875456,09:59:06.311,52.1600,100
35947827421779,09:59:07.827,52.1600,100
35962108088969,09:59:22.108,52.1600,100
35993488130253,09:59:53.488,52.1600,100
35994607890353,09:59:54.607,52.1650,25
35999079920820,09:59:59.079,52.1700,100
35999079920820,09:59:59.079,52.1700,100
36000035436359,10:00:00.035,52.1800,100
36000600953129,10:00:00.600,52.1800,100
36000600953129,10:00:00.600,52.1800,100
36000600953129,10:00:00.600,52.1800,100
36004306203803,10:00:04.306,52.1700,100
36010921579191,10:00:10.921,52.1500,100
36010921621852,10:00:10.921,52.1500,100
36010926951761,10:00:10.926,52.1500,100
36010926951761,10:00:10.926,52.1500,100
36010926951761,10:00:10.926,52.1500,100
36012787826040,10:00:12.787,52.1550,1
36015421185197,10:00:15.421,52.1600,100
36015421185197,10:00:15.421,52.1600,100
36015427120221,10:00:15.427,52.1600,100
36018701270213,10:00:18.701,52.1500,100
36018701270213,10:00:18.701,52.1500,100
36018721714706,10:00:18.721,52.1500,31
36018721714706,10:00:18.721,52.1500,26
36021061158578,10:00:21.061,52.1600,100
36023249453904,10:00:23.249,52.1700,100
36023249453904,10:00:23.249,52.1700,100
36027132729115,10:00:27.132,52.1700,100
36027132729115,10:00:27.132,52.1700,100
36027132729115,10:00:27.132,52.1700,100
36033178769364,10:00:33.178,52.1700,100
36033179393203,10:00:33.179,52.1700,100
36040212851184,10:00:40.212,52.1600,100
36043821014075,10:00:43.821,52.1650,17
36047144891236,10:00:47.144,52.1500,100
36047144891236,10:00:47.144,52.1500,100
36050155845393,10:00:50.155,52.1450,100
36050162516016,10:00:50.162,52.1400,96
36052342848976,10:00:52.342,52.1400,100
36054958799427,10:00:54.958,52.1400,100
36055147727096,10:00:55.147,52.1400,100
36066610622831,10:01:06.610,52.1200,100
36066610622831,10:01:06.610,52.1200,100
36070888401925,10:01:10.888,52.1100,39
36070891736652,10:01:10.891,52.1100,61
36080479467731,10:01:20.479,52.1000,100
36103689746488,10:01:43.689,52.1200,100
36105772400185,10:01:45.772,52.1200,100
36109944090952,10:01:49.944,52.1100,100
36117029305398,10:01:57.029,52.1000,100
36117029305398,10:01:57.029,52.1000,200
36117053060521,10:01:57.053,52.1000,100
36117073977281,10:01:57.073,52.1000,100
36117274886026,10:01:57.274,52.1000,100
36119904188867,10:01:59.904,52.1000,100
36119905695114,10:01:59.905,52.1000,100
36135945434309,10:02:15.945,52.1100,200
36135945434309,10:02:15.945,52.1100,100
36142624040193,10:02:22.624,52.1400,100
36151380139433,10:02:31.380,52.1600,17
36154637917787,10:02:34.637,52.1400,18
36158253468070,10:02:38.253,52.1300,100
36158253468070,10:02:38.253,52.1300,17
36163173071475,10:02:43.173,52.1250,5
36166686675697,10:02:46.686,52.1100,100
36166686675697,10:02:46.686,52.1100,100
36166686675697,10:02:46.686,52.1100,100
36166686675697,10:02:46.686,52.1100,5
36166687065976,10:02:46.687,52.1100,95
36166691240679,10:02:46.691,52.1000,100
36166691240679,10:02:46.691,52.1000,100
36166691240679,10:02:46.691,52.1000,50
36166691240679,10:02:46.691,52.1000,100
36166703440370,10:02:46.703,52.1000,76
36166704749210,10:02:46.704,52.1000,24
36166982187041,10:02:46.982,52.1000,100
36167078164066,10:02:47.078,52.1000,100
36167986373374,10:02:47.986,52.0900,100
36169863890578,10:02:49.863,52.0800,100
36175779981031,10:02:55.779,52.0800,100
36189647994849,10:03:09.647,52.0800,2
36189648026172,10:03:09.648,52.0800,98
36189648026172,10:03:09.648,52.0800,200
36189664068960,10:03:09.664,52.0700,100
36193332584057,10:03:13.332,52.0600,96
36193332584057,10:03:13.332,52.0600,100
36195365148002,10:03:15.365,52.0600,200
36195365148002,10:03:15.365,52.0600,100
36195365359035,10:03:15.365,52.0600,100
36195365359035,10:03:15.365,52.0600,100
36198096104929,10:03:18.096,52.0550,79
36198096257493,10:03:18.096,52.0600,100
36198102783902,10:03:18.102,52.0600,100
36198242430220,10:03:18.242,52.0700,93
36198242488374,10:03:18.242,52.0700,107
36199472165551,10:03:19.472,52.0800,100
36204965025272,10:03:24.965,52.0950,100
36207912023785,10:03:27.912,52.1050,100
36208412013108,10:03:28.412,52.1050,100
36229600759974,10:03:49.600,52.1100,100
36237138943476,10:03:57.138,52.1100,100
36238241751043,10:03:58.241,52.1200,100
36260843500605,10:04:20.843,52.1200,17
36260843500605,10:04:20.843,52.1200,100
36267741923040,10:04:27.741,52.1100,100
36300028616922,10:05:00.028,52.1000,100
36303433017608,10:05:03.433,52.1100,100
36308560331484,10:05:08.560,52.1300,100
36310936196077,10:05:10.936,52.1300,200
36311925143766,10:05:11.925,52.1200,100
36315997166240,10:05:15.997,52.1100,96
36319230357548,10:05:19.230,52.1100,100
36337386502928,10:05:37.386,52.1500,100
36340088918934,10:05:40.088,52.1600,32
36344270768851,10:05:44.270,52.1500,15
36344270768851,10:05:44.270,52.1500,100
36344271158626,10:05:44.271,52.1500,100
36344279034114,10:05:44.279,52.1500,200
36344279034114,10:05:44.279,52.1500,100
36344279034114,10:05:44.279,52.1500,100
36344279034114,10:05:44.279,52.1500,100
36346341784310,10:05:46.341,52.1500,100
36346341812492,10:05:46.341,52.1500,46
36346343849871,10:05:46.343,52.1500,100
36346343849871,10:05:46.343,52.1500,100
36346343849871,10:05:46.343,52.1500,100
36346343849871,10:05:46.343,52.1500,100
36346343849871,10:05:46.343,52.1500,100
36361353250795,10:06:01.353,52.1500,100
36369116549476,10:06:09.116,52.1500,200
36386851267766,10:06:26.851,52.1600,100
36386851293095,10:06:26.851,52.1600,100
36395127705691,10:06:35.127,52.1700,100
36395127705691,10:06:35.127,52.1700,100
36403106935787,10:06:43.106,52.1700,100
36403106935787,10:06:43.106,52.1700,100
36405124799013,10:06:45.124,52.1600,17
36411127374065,10:06:51.127,52.1550,100
36415433986596,10:06:55.433,52.1600,100
36417807914491,10:06:57.807,52.1500,100
36421552011695,10:07:01.552,52.1500,100
36421552426066,10:07:01.552,52.1500,100
36432256269901,10:07:12.256,52.1400,100
36432256305968,10:07:12.256,52.1400,117
36432256319767,10:07:12.256,52.1400,83
36434408539047,10:07:14.408,52.1400,100
36437160604270,10:07:17.160,52.1300,100
36437160604270,10:07:17.160,52.1300,100
36437360278185,10:07:17.360,52.1200,100
36469232086579,10:07:49.232,52.1500,100
36487728639028,10:08:07.728,52.1500,100
36489902382190,10:08:09.902,52.1600,100
36513341369114,10:08:33.341,52.1700,1
36518562045230,10:08:38.562,52.1700,99
36518562045230,10:08:38.562,52.1700,100
36518562045230,10:08:38.562,52.1700,100
36519436339125,10:08:39.436,52.1900,100
36522443440829,10:08:42.443,52.2000,100
36524676809482,10:08:44.676,52.1900,17
36536155180631,10:08:56.155,52.1900,100
36547027633288,10:09:07.027,52.2000,100
36547027633288,10:09:07.027,52.2000,100
36547506891422,10:09:07.506,52.2000,200
36548206110273,10:09:08.206,52.2000,100
36548694012820,10:09:08.694,52.2100,300
36552854055637,10:09:12.854,52.2100,100
36557086695552,10:09:17.086,52.2100,100
36565144599873,10:09:25.144,52.2200,100
36565144764726,10:09:25.144,52.2200,100
36565144764726,10:09:25.144,52.2200,100
36565144792141,10:09:25.144,52.2200,100
36565144792141,10:09:25.144,52.2200,100
36578487378066,10:09:38.487,52.1900,100
36578487378066,10:09:38.487,52.1900,100
36578487407995,10:09:38.487,52.1900,100
36578487407995,10:09:38.487,52.1900,100
36578487407995,10:09:38.487,52.1900,100
36582918092089,10:09:42.918,52.1800,100
36582918092089,10:09:42.918,52.1800,100
36601276830772,10:10:01.276,52.1800,200
36601277064004,10:10:01.277,52.1800,100
36601277064004,10:10:01.277,52.1800,100
36602277166485,10:10:02.277,52.1800,5
36623984367063,10:10:23.984,52.1700,100
36623984367063,10:10:23.984,52.1700,17
36623984367063,10:10:23.984,52.1700,200
36626786854048,10:10:26.786,52.1700,100
36626786859964,10:10:26.786,52.1700,100
36629216399574,10:10:29.216,52.1600,100
36629216399574,10:10:29.216,52.1600,100
36629229238209,10:10:29.229,52.1600,100
36629317617446,10:10:29.317,52.1600,100
36629329501510,10:10:29.329,52.1600,100
36629329501510,10:10:29.329,52.1600,100
36631065667627,10:10:31.065,52.1500,76
36631065705445,10:10:31.065,52.1500,24
36631070673222,10:10:31.070,52.1500,100
36631070673222,10:10:31.070,52.1500,100
36631070673222,10:10:31.070,52.1500,100
36634713769431,10:10:34.713,52.1600,100
36634713769431,10:10:34.713,52.1600,100
36653243327419,10:10:53.243,52.1700,100
36653243952310,10:10:53.243,52.1700,100
36659085843869,10:10:59.085,52.1800,100
36659086168573,10:10:59.086,52.1800,100
36667461849599,10:11:07.461,52.1800,40
36667779813943,10:11:07.779,52.1800,160
36667780015693,10:11:07.780,52.1800,100
36697070524329,10:11:37.070,52.1800,200
36697070524329,10:11:37.070,52.1800,100
36697072268241,10:11:37.072,52.1800,100
36708688882023,10:11:48.688,52.2050,106
36708689149078,10:11:48.689,52.2050,94
36708689149078,10:11:48.689,52.2100,200
36708689149078,10:11:48.689,52.2100,6
36708689293196,10:11:48.689,52.2100,94
36721899275434,10:12:01.899,52.2200,100
36721899435469,10:12:01.899,52.2200,100
36721899435469,10:12:01.899,52.2200,100
36734752649132,10:12:14.752,52.2300,200
36734752929360,10:12:14.752,52.2300,100
36734752929360,10:12:14.752,52.2300,100
36736617783892,10:12:16.617,52.2300,100
36750474312243,10:12:30.474,52.2200,17
36750474312243,10:12:30.474,52.2200,100
36750474312243,10:12:30.474,52.2200,75
36750474332580,10:12:30.474,52.2200,25
36752579256954,10:12:32.579,52.2100,200
36752874602787,10:12:32.874,52.2100,34
36757558604043,10:12:37.558,52.2200,100
36757558604043,10:12:37.558,52.2200,2
36757558765095,10:12:37.558,52.2200,98
36757558765095,10:12:37.558,52.2200,98
36757615567437,10:12:37.615,52.2200,100
36762330881436,10:12:42.330,52.2100,100
36770967561608,10:12:50.967,52.2000,100
36770967591185,10:12:50.967,52.2000,100
36775231760472,10:12:55.231,52.1900,200
36775231760472,10:12:55.231,52.1900,100
36778165853347,10:12:58.165,52.1800,100
36783230623070,10:13:03.230,52.1700,6
36785062923912,10:13:05.062,52.1700,100
36791366216647,10:13:11.366,52.1800,200
36797995201859,10:13:17.995,52.2000,94
36797995692363,10:13:17.995,52.2000,6
36811641265473,10:13:31.641,52.1900,100
36816662372105,10:13:36.662,52.1800,100
36816662372105,10:13:36.662,52.1800,100
36817188795823,10:13:37.188,52.1800,100
36824503010935,10:13:44.503,52.1800,31
36824503036226,10:13:44.503,52.1800,69
36842316803951,10:14:02.316,52.1750,10
36845413480965,10:14:05.413,52.1800,200
36848555038803,10:14:08.555,52.1900,100
36849052400929,10:14:09.052,52.1900,100
36850004800247,10:14:10.004,52.1900,5
36850735747471,10:14:10.735,52.1900,95
36852318225184,10:14:12.318,52.1900,17
36852318225184,10:14:12.318,52.1900,78
36852318252196,10:14:12.318,52.1900,22
36856209786964,10:14:16.209,52.1800,100
36862026331927,10:14:22.026,52.1700,100
36864016663593,10:14:24.016,52.1600,34
36869987907917,10:14:29.987,52.1600,100
36869987907917,10:14:29.987,52.1600,100
36911388844908,10:15:11.388,52.1600,100
36911388844908,10:15:11.388,52.1600,100
36929948744152,10:15:29.948,52.1500,100
36929948769854,10:15:29.948,52.1500,100
36929948769854,10:15:29.948,52.1500,100
36939700307537,10:15:39.700,52.1500,100
36939700307537,10:15:39.700,52.1500,200
36942863716111,10:15:42.863,52.1600,100
36942863754408,10:15:42.863,52.1600,100
36942863754408,10:15:42.863,52.1600,200
36942863754408,10:15:42.863,52.1600,25
36942863765810,10:15:42.863,52.1600,75
36942863782880,10:15:42.863,52.1600,100
36942865786806,10:15:42.865,52.1600,100
36943864686004,10:15:43.864,52.1600,100
36947956293435,10:15:47.956,52.1500,100
36949507848056,10:15:49.507,52.1500,100
36949507848056,10:15:49.507,52.1500,100
36949508327916,10:15:49.508,52.1500,100
36950639867991,10:15:50.639,52.1500,100
36957870798900,10:15:57.870,52.1600,200
36957871071827,10:15:57.871,52.1600,43
36957871096396,10:15:57.871,52.1600,57
36962957225594,10:16:02.957,52.1600,100
36962957225594,10:16:02.957,52.1600,100
36965956857701,10:16:05.956,52.1500,100
36965956857701,10:16:05.956,52.1500,200
36965956857701,10:16:05.956,52.1500,111
36965957367516,10:16:05.957,52.1500,100
36967147030901,10:16:07.147,52.1500,100
36977258437341,10:16:17.258,52.1600,100
36977258437341,10:16:17.258,52.1600,100
36977258437341,10:16:17.258,52.1600,10
36977258449772,10:16:17.258,52.1600,90
36977258449772,10:16:17.258,52.1600,100
36977616529533,10:16:17.616,52.1600,100
36977616529533,10:16:17.616,52.1600,100
36977616529533,10:16:17.616,52.1600,33
36977616529533,10:16:17.616,52.1600,100
36982630418151,10:16:22.630,52.1600,200
36982630492705,10:16:22.630,52.1600,17
36990439640034,10:16:30.439,52.1500,100
36991326021879,10:16:31.326,52.1500,100
36994870978188,10:16:34.870,52.1500,100
37013970952498,10:16:53.970,52.1400,100
37013970952498,10:16:53.970,52.1400,100
37014860987492,10:16:54.860,52.1300,100
37014860987492,10:16:54.860,52.1300,100
37014860987492,10:16:54.860,52.1200,100
37014860987492,10:16:54.860,52.1200,100
37014860987492,10:16:54.860,52.1200,100
37014860987492,10:16:54.860,52.1200,100
37014860987492,10:16:54.860,52.1200,200
37014860987492,10:16:54.860,52.1200,100
37015013749193,10:16:55.013,52.1200,30
37015013749193,10:16:55.013,52.1200,70
37018555181869,10:16:58.555,52.1200,91
37018555218176,10:16:58.555,52.1200,9
37018555218176,10:16:58.555,52.1200,100
37030730071133,10:17:10.730,52.1100,100
37033216281161,10:17:13.216,52.1000,100
37033216317552,10:17:13.216,52.1000,100
37033216317552,10:17:13.216,52.1000,51
37033216366265,10:17:13.216,52.1000,49
37033435234029,10:17:13.435,52.1000,100
37034752438321,10:17:14.752,52.1100,100
37039154767574,10:17:19.154,52.1100,100
37044741319816,10:17:24.741,52.1100,100
37044741557595,10:17:24.741,52.1100,100
37047427974824,10:17:27.427,52.1200,53
37054017339357,10:17:34.017,52.1200,100
37054017485591,10:17:34.017,52.1200,100
37068673740060,10:17:48.673,52.1200,100
37079956105381,10:17:59.956,52.1000,100
37079956105381,10:17:59.956,52.1000,100
37087381065893,10:18:07.381,52.0900,100
37087381065893,10:18:07.381,52.0900,17
37087381065893,10:18:07.381,52.0900,200
37090085012798,10:18:10.085,52.0700,200
37090085012798,10:18:10.085,52.0700,42
37090085024706,10:18:10.085,52.0700,58
37090213453564,10:18:10.213,52.0700,100
37090213838370,10:18:10.213,52.0700,200
37093936434043,10:18:13.936,52.0700,100
37099626121606,10:18:19.626,52.0700,7
37100238053192,10:18:20.238,52.0800,100
37131280300384,10:18:51.280,52.0800,2
37139020770510,10:18:59.020,52.0800,98
37139020770510,10:18:59.020,52.0800,67
37139021238697,10:18:59.021,52.0800,33
37139021238697,10:18:59.021,52.0800,100
37142853416220,10:19:02.853,52.0800,100
37142853448213,10:19:02.853,52.0800,100
37148146824786,10:19:08.146,52.0800,100
37149811874262,10:19:09.811,52.0800,33
37150901542954,10:19:10.901,52.0800,100
37150972967846,10:19:10.972,52.0800,100
37170620729527,10:19:30.620,52.0900,100
37170620729527,10:19:30.620,52.0900,104
37170620757691,10:19:30.620,52.0900,296
37170620757691,10:19:30.620,52.0900,72
37170620772697,10:19:30.620,52.0900,128
37170620772697,10:19:30.620,52.0900,85
37170620777584,10:19:30.620,52.0900,15
37170621318605,10:19:30.621,52.0900,100
37170621326424,10:19:30.621,52.0900,100
37171100927526,10:19:31.100,52.1000,100
37171100927526,10:19:31.100,52.1000,58
37171101064266,10:19:31.101,52.1000,42
37178248264398,10:19:38.248,52.1100,71
37178248353482,10:19:38.248,52.1100,102
37178248389334,10:19:38.248,52.1100,7
37178248497132,10:19:38.248,52.1100,20
37178248497132,10:19:38.248,52.1100,27
37178248497132,10:19:38.248,52.1100,200
37178248497132,10:19:38.248,52.1100,100
37179194299078,10:19:39.194,52.1100,100
37184061211167,10:19:44.061,52.1100,100
37184061563859,10:19:44.061,52.1100,200
37184064728576,10:19:44.064,52.1100,100
37187489366305,10:19:47.489,52.1000,2
37189722678545,10:19:49.722,52.1000,98
37189722678545,10:19:49.722,52.1000,183
37195613415608,10:19:55.613,52.0950,91
37195613589086,10:19:55.613,52.1000,100
37195614072175,10:19:55.614,52.1000,200
37195614395712,10:19:55.614,52.1000,200
37195672257046,10:19:55.672,52.1000,100
37196787825297,10:19:56.787,52.1000,23
37199066126169,10:19:59.066,52.1000,77
37199958527421,10:19:59.958,52.1000,100
37199958527421,10:19:59.958,52.1000,100
37199958527421,10:19:59.958,52.1000,100
37209955538894,10:20:09.955,52.0900,100
37209955569876,10:20:09.955,52.0900,100
37209955569876,10:20:09.955,52.0900,17
37211168360613,10:20:11.168,52.0900,100
37211483755169,10:20:11.483,52.0900,200
37211484174494,10:20:11.484,52.0900,100
37211484174494,10:20:11.484,52.0900,200
37211484251487,10:20:11.484,52.0900,100
37214458529504,10:20:14.458,52.0900,100
37227786909890,10:20:27.786,52.0900,100
37227786909890,10:20:27.786,52.0900,100
37227787092324,10:20:27.787,52.0800,100
37227787092324,10:20:27.787,52.0800,80
37234072179269,10:20:34.072,52.0700,21
37234086219709,10:20:34.086,52.0700,79
37234956733724,10:20:34.956,52.0600,100
37234957148351,10:20:34.957,52.0600,100
37239410117912,10:20:39.410,52.0500,100
37245394451356,10:20:45.394,52.0500,200
37245394451356,10:20:45.394,52.0500,58
37245394464034,10:20:45.394,52.0500,42
37250957226118,10:20:50.957,52.0500,100
37250958463109,10:20:50.958,52.0500,200
37250958463109,10:20:50.958,52.0500,100
37250958463109,10:20:50.958,52.0500,100
37250958463109,10:20:50.958,52.0500,100
37250958463109,10:20:50.958,52.0500,100
37250958463109,10:20:50.958,52.0500,35
37250958463109,10:20:50.958,52.0500,100
37253015661430,10:20:53.015,52.0600,100
37253015661430,10:20:53.015,52.0600,100
37258948288246,10:20:58.948,52.0400,100
37263959758867,10:21:03.959,52.0300,100
37263959758867,10:21:03.959,52.0300,100
37271956874474,10:21:11.956,52.0200,150
37271956874474,10:21:11.956,52.0200,100
37278167290001,10:21:18.167,52.0100,100
37282591324889,10:21:22.591,52.0100,1
37283803429215,10:21:23.803,52.0200,100
37283803429215,10:21:23.803,52.0200,100
37286430097995,10:21:26.430,52.0300,100
37286430097995,10:21:26.430,52.0300,200
37287645932000,10:21:27.645,52.0300,100
37295605355176,10:21:35.605,52.0200,200
37295605355176,10:21:35.605,52.0200,100
37295605355176,10:21:35.605,52.0200,200
37295605388925,10:21:35.605,52.0200,200
37297185253186,10:21:37.185,52.0100,100
37297185253186,10:21:37.185,52.0100,216
37297185257693,10:21:37.185,52.0100,84
37297185257693,10:21:37.185,52.0100,66
37297185383817,10:21:37.185,52.0100,134
37297185383817,10:21:37.185,52.0100,100
37297185383817,10:21:37.185,52.0100,50
37297185567434,10:21:37.185,52.0100,50
37297194502662,10:21:37.194,52.0000,100
37297224563026,10:21:37.224,52.0000,600
37297224563026,10:21:37.224,52.0000,100
37297224563026,10:21:37.224,52.0000,200
37297224563026,10:21:37.224,52.0000,100
37297224563026,10:21:37.224,52.0000,14
37314644767036,10:21:54.644,52.0000,200
37314644767036,10:21:54.644,52.0000,100
37319259356670,10:21:59.259,52.0100,100
37319259834060,10:21:59.259,52.0100,200
37319259834060,10:21:59.259,52.0100,100
37325893178929,10:22:05.893,52.0200,2
37325895010053,10:22:05.895,52.0200,72
37326581708699,10:22:06.581,52.0200,26
37326956001517,10:22:06.956,52.0200,43
37326956001517,10:22:06.956,52.0200,26
37329415006429,10:22:09.415,52.0200,200
37336956162450,10:22:16.956,52.0200,71
37336956162450,10:22:16.956,52.0200,18
37336956162450,10:22:16.956,52.0200,11
37347930100673,10:22:27.930,52.0100,100
37347930100673,10:22:27.930,52.0100,29
37347930100673,10:22:27.930,52.0100,31
37353332587254,10:22:33.332,52.0100,200
37353332587254,10:22:33.332,52.0100,100
37353333013485,10:22:33.333,52.0100,200
37355646084800,10:22:35.646,52.0100,100
37361389618946,10:22:41.389,52.0000,100
37361389622165,10:22:41.389,52.0000,100
37361389651664,10:22:41.389,52.0000,100
37361389651664,10:22:41.389,52.0000,100
37367175794914,10:22:47.175,51.9900,100
37367175794914,10:22:47.175,51.9900,100
37370025093388,10:22:50.025,51.9800,100
37372627512672,10:22:52.627,51.9800,100
37373875052980,10:22:53.875,51.9700,100
37373875052980,10:22:53.875,51.9700,100
37373875052980,10:22:53.875,51.9700,100
37373875498966,10:22:53.875,51.9700,200
37373875498966,10:22:53.875,51.9700,100
37373875498966,10:22:53.875,51.9700,36
37373875498966,10:22:53.875,51.9700,100
37373875498966,10:22:53.875,51.9700,100
37373875498966,10:22:53.875,51.9700,100
37373875498966,10:22:53.875,51.9700,36
37378235096079,10:22:58.235,51.9700,100
37385759119419,10:23:05.759,51.9650,200
37386514573489,10:23:06.514,51.9700,6
37386514573489,10:23:06.514,51.9700,100
37389959706355,10:23:09.959,51.9900,300
37389959706355,10:23:09.959,51.9900,100
37391504583984,10:23:11.504,52.0000,200
37393753811271,10:23:13.753,52.0000,100
37412529470698,10:23:32.529,52.0000,200
37412529470698,10:23:32.529,52.0000,100
37415214543362,10:23:35.214,52.0100,100
37415214543362,10:23:35.214,52.0100,100
37415214543362,10:23:35.214,52.0100,30
37415231821512,10:23:35.231,52.0100,100
37424562130831,10:23:44.562,52.0000,100
37424562173202,10:23:44.562,52.0000,100
37424562173202,10:23:44.562,52.0000,100
37434625672291,10:23:54.625,51.9900,100
37434628741855,10:23:54.628,51.9900,100
37434628741855,10:23:54.628,51.9900,100
37434628781099,10:23:54.628,51.9900,100
37441895350641,10:24:01.895,52.0000,100
37441895350641,10:24:01.895,52.0000,100
37441895350641,10:24:01.895,52.0000,100
37442958363301,10:24:02.958,52.0000,100
37442958363301,10:24:02.958,52.0000,719
37446777379160,10:24:06.777,51.9900,78
37446777592858,10:24:06.777,51.9900,122
37446777592858,10:24:06.777,51.9900,100
37446777592858,10:24:06.777,51.9900,80
37446777607438,10:24:06.777,51.9900,20
37446777607438,10:24:06.777,51.9900,100
37447028537876,10:24:07.028,51.9900,193
37447028542831,10:24:07.028,51.9900,107
37447028542831,10:24:07.028,51.9900,40
37447028542831,10:24:07.028,51.9900,3
37447028547224,10:24:07.028,51.9900,101
37447028547224,10:24:07.028,51.9900,49
37474723422787,10:24:34.723,52.0000,100
37474723422787,10:24:34.723,52.0000,51
37474723422787,10:24:34.723,52.0000,6
37475593885976,10:24:35.593,52.0000,100
37475594699352,10:24:35.594,52.0000,100
37475594699352,10:24:35.594,52.0000,18
37475594699352,10:24:35.594,52.0000,200
37488089850705,10:24:48.089,52.0000,100
37488089850705,10:24:48.089,52.0000,100
37490715891851,10:24:50.715,52.0000,100
37491606620948,10:24:51.606,52.0000,100
37509116842571,10:25:09.116,52.0100,100
37509116842571,10:25:09.116,52.0100,100
37509116842571,10:25:09.116,52.0100,161
37509116842571,10:25:09.116,52.0100,9
37513293716853,10:25:13.293,52.0200,100
37513293716853,10:25:13.293,52.0200,100
37513293739895,10:25:13.293,52.0200,100
37516123447234,10:25:16.123,52.0300,100
37516123447234,10:25:16.123,52.0300,200
37516123949658,10:25:16.123,52.0300,200
37516404549502,10:25:16.404,52.0400,100
37516404549502,10:25:16.404,52.0400,100
37516408516491,10:25:16.408,52.0400,100
37518749450986,10:25:18.749,52.0300,100
37518749450986,10:25:18.749,52.0300,100
37518749450986,10:25:18.749,52.0300,100
37518749483275,10:25:18.749,52.0300,54
37518749786826,10:25:18.749,52.0300,46
37518751282623,10:25:18.751,52.0300,100
37540143337270,10:25:40.143,52.0200,100
37540144001921,10:25:40.144,52.0200,100
37540144001921,10:25:40.144,52.0200,100
37540144001921,10:25:40.144,52.0200,100
37540144001921,10:25:40.144,52.0200,200
37540958117752,10:25:40.958,52.0100,100
37552204367677,10:25:52.204,52.0100,200
37556959061509,10:25:56.959,52.0100,47
37556959061509,10:25:56.959,52.0100,100
37556959061509,10:25:56.959,52.0100,53
37556959623677,10:25:56.959,52.0100,47
37557498603637,10:25:57.498,52.0100,200
37557498603637,10:25:57.498,52.0100,100
37563222745428,10:26:03.222,52.0100,200
37563227809726,10:26:03.227,52.0100,100
37569122227764,10:26:09.122,52.0000,200
37569122227764,10:26:09.122,52.0000,100
37569122227764,10:26:09.122,52.0000,18
37569123148965,10:26:09.123,52.0000,100
37569123148965,10:26:09.123,52.0000,100
37569353753000,10:26:09.353,52.0000,100
37569353753000,10:26:09.353,52.0000,100
37582103321023,10:26:22.103,52.0000,100
37605143975619,10:26:45.143,52.0000,100
37605144005169,10:26:45.144,52.0000,100
37605144005169,10:26:45.144,52.0000,100
37605144468074,10:26:45.144,52.0000,100
37605144632074,10:26:45.144,52.0000,100
37605434444501,10:26:45.434,52.0000,100
37605434444501,10:26:45.434,52.0000,100
37605434444501,10:26:45.434,52.0000,100
37605658945002,10:26:45.658,52.0000,100
37605658945002,10:26:45.658,52.0000,100
37605681673668,10:26:45.681,52.0000,100
37605681673668,10:26:45.681,52.0000,37
37605681673668,10:26:45.681,52.0000,100
37607932908207,10:26:47.932,52.0100,100
37607932908207,10:26:47.932,52.0100,200
37607932908207,10:26:47.932,52.0100,100
37613466262905,10:26:53.466,52.0100,100
37630977609031,10:27:10.977,52.0000,100
37630977609031,10:27:10.977,52.0000,41
37630977648128,10:27:10.977,52.0000,59
37630977648128,10:27:10.977,52.0000,100
37630983151635,10:27:10.983,52.0000,200
37630983151635,10:27:10.983,52.0000,100
37630983151635,10:27:10.983,52.0000,100
37630983151635,10:27:10.983,52.0000,100
37630983151635,10:27:10.983,52.0000,100
37630983151635,10:27:10.983,52.0000,100
37632740243984,10:27:12.740,52.0100,6
37632740243984,10:27:12.740,52.0100,100
37632740629427,10:27:12.740,52.0100,200
37632956733670,10:27:12.956,52.0100,100
37634902252236,10:27:14.902,52.0000,100
37634902252236,10:27:14.902,52.0000,100
37634902252236,10:27:14.902,52.0000,100
37636861019610,10:27:16.861,52.0000,200
37636861019610,10:27:16.861,52.0000,100
37636861019610,10:27:16.861,52.0000,100
37636861976953,10:27:16.861,52.0000,200
37636861976953,10:27:16.861,52.0000,42
37636861976953,10:27:16.861,52.0000,200
37636862010526,10:27:16.862,52.0000,100
37636862010526,10:27:16.862,52.0000,48
37636862878395,10:27:16.862,52.0000,200
37646004562795,10:27:26.004,51.9950,200
37646011318130,10:27:26.011,51.9900,100
37646011452091,10:27:26.011,51.9900,100
37654051170508,10:27:34.051,52.0000,100
37654051198568,10:27:34.051,52.0000,8
37660022265584,10:27:40.022,52.0200,48
37660022271254,10:27:40.022,52.0200,7
37666740103302,10:27:46.740,52.0200,100
37666740165112,10:27:46.740,52.0200,100
37666740191125,10:27:46.740,52.0200,100
37666740191125,10:27:46.740,52.0200,92
37680275337133,10:28:00.275,52.0200,100
37682217116273,10:28:02.217,52.0300,100
37682217116273,10:28:02.217,52.0300,100
37682217125465,10:28:02.217,52.0300,7
37682218328652,10:28:02.218,52.0300,100
37704153125406,10:28:24.153,52.0400,100
37704153160961,10:28:24.153,52.0400,13
37704153357543,10:28:24.153,52.0400,13
37704153446895,10:28:24.153,52.0400,74
37704153446895,10:28:24.153,52.0400,100
37704153446895,10:28:24.153,52.0400,100
37708846903535,10:28:28.846,52.0200,4
37708846903535,10:28:28.846,52.0200,96
37708876317556,10:28:28.876,52.0200,4
37708876317556,10:28:28.876,52.0200,96
37708876674284,10:28:28.876,52.0200,4
37708928188865,10:28:28.928,52.0200,20
37733258737456,10:28:53.258,52.0100,100
37751047162609,10:29:11.047,52.0200,100
37756957670011,10:29:16.957,52.0100,200
37767530293954,10:29:27.530,52.0200,100
37769958071384,10:29:29.958,52.0200,100
37772406148724,10:29:32.406,52.0200,100
37772406148724,10:29:32.406,52.0200,100
37772406672946,10:29:32.406,52.0200,1
37772406796247,10:29:32.406,52.0200,99
37773320540060,10:29:33.320,52.0200,100
37773323879903,10:29:33.323,52.0200,38
37773323879903,10:29:33.323,52.0200,62
37782956038642,10:29:42.956,52.0100,100
37785633459286,10:29:45.633,52.0100,71
37785633477643,10:29:45.633,52.0100,129
37785633477643,10:29:45.633,52.0100,17
37785633477643,10:29:45.633,52.0100,200
37792927172109,10:29:52.927,52.0100,100
37792927172109,10:29:52.927,52.0100,100
37792961712866,10:29:52.961,52.0000,10
37792961729207,10:29:52.961,52.0000,90
37792961729207,10:29:52.961,52.0100,39
37792961729207,10:29:52.961,52.0100,100
37792961729207,10:29:52.961,52.0100,13
37792961730748,10:29:52.961,52.0100,87
37792961730748,10:29:52.961,52.0100,13
37792961746223,10:29:52.961,52.0100,87
37792961746223,10:29:52.961,52.0100,63
37792961748232,10:29:52.961,52.0100,37
37792961748232,10:29:52.961,52.0100,47
37792961748232,10:29:52.961,52.0100,100
37792961748232,10:29:52.961,52.0100,67
37792961779583,10:29:52.961,52.0100,33
37792963833359,10:29:52.963,52.0200,100
37792964323029,10:29:52.964,52.0200,100
37792964323029,10:29:52.964,52.0200,100
37793927228424,10:29:53.927,52.0200,200
37796475987341,10:29:56.475,52.0200,100
37800092243521,10:30:00.092,52.0200,100
37801918830083,10:30:01.918,52.0300,9
37804029359966,10:30:04.029,52.0400,17
37804047414506,10:30:04.047,52.0400,100
37806857305330,10:30:06.857,52.0400,76
37806858067926,10:30:06.858,52.0400,24
37806858067926,10:30:06.858,52.0400,52
37806858117646,10:30:06.858,52.0400,48
37806863184667,10:30:06.863,52.0300,76
37806883484277,10:30:06.883,52.0300,124
37806885645067,10:30:06.885,52.0200,76
37806886072642,10:30:06.886,52.0200,100
37806886072642,10:30:06.886,52.0200,100
37806887478016,10:30:06.887,52.0100,76
37806888951327,10:30:06.888,52.0100,24
37806888951327,10:30:06.888,52.0100,52
37809750991891,10:30:09.750,52.0200,100
37809750991891,10:30:09.750,52.0200,100
37828760979877,10:30:28.760,52.0200,200
37828760979877,10:30:28.760,52.0200,100
37846042768628,10:30:46.042,52.0400,100
37848576792356,10:30:48.576,52.0400,100
37851957486406,10:30:51.957,52.0300,100
37851957578381,10:30:51.957,52.0300,100
37855035457115,10:30:55.035,52.0100,100
37856128617042,10:30:56.128,52.0100,100
37856816853883,10:30:56.816,52.0200,77
37869779312474,10:31:09.779,52.0300,100
37871957732980,10:31:11.957,52.0200,100
37871957732980,10:31:11.957,52.0200,100
37884609253829,10:31:24.609,52.0300,100
37886951522548,10:31:26.951,52.0400,200
37898211403561,10:31:38.211,52.0500,100
37911212680395,10:31:51.212,52.0500,100
37911212680395,10:31:51.212,52.0500,47
37911212749357,10:31:51.212,52.0500,53
37911212749357,10:31:51.212,52.0500,97
37911212880613,10:31:51.212,52.0500,100
37911213151329,10:31:51.213,52.0500,2
37911213209340,10:31:51.213,52.0500,1
37918118754821,10:31:58.118,52.0400,100
37918118754821,10:31:58.118,52.0400,100
37918119425233,10:31:58.119,52.0400,100
37918119425233,10:31:58.119,52.0400,100
37918119425233,10:31:58.119,52.0400,100
37918120884867,10:31:58.120,52.0300,100
37918120884867,10:31:58.120,52.0300,100
37918129918939,10:31:58.129,52.0300,100
37918129918939,10:31:58.129,52.0300,38
37918129918939,10:31:58.129,52.0300,100
37918129918939,10:31:58.129,52.0300,46
37918129918939,10:31:58.129,52.0300,100
37927173093645,10:32:07.173,52.0300,100
37927173146209,10:32:07.173,52.0300,17
37934050087093,10:32:14.050,52.0200,76
37945085856744,10:32:25.085,52.0300,100
37945085856744,10:32:25.085,52.0300,100
37945508699581,10:32:25.508,52.0400,95
37945508970055,10:32:25.508,52.0400,2
37945509317951,10:32:25.509,52.0400,3
37945509317951,10:32:25.509,52.0400,97
37945509937937,10:32:25.509,52.0400,3
37946496724694,10:32:26.496,52.0500,100
37946496724694,10:32:26.496,52.0500,9
37952256283820,10:32:32.256,52.0600,100
37952256283820,10:32:32.256,52.0600,100
37952257530877,10:32:32.257,52.0600,100
37952392111438,10:32:32.392,52.0650,100
37994577709612,10:33:14.577,52.0700,100
37994577709612,10:33:14.577,52.0700,100
38010525433504,10:33:30.525,52.0900,100
38012316281239,10:33:32.316,52.1000,100
38018219438908,10:33:38.219,52.1100,100
38018219438908,10:33:38.219,52.1100,200
38020326655169,10:33:40.326,52.1100,100
38025158134970,10:33:45.158,52.1150,9
38026916903850,10:33:46.916,52.1100,100
38026916903850,10:33:46.916,52.1100,100
38026916903850,10:33:46.916,52.1100,100
38029719840260,10:33:49.719,52.1100,200
38029720287631,10:33:49.720,52.1100,200
38029720287631,10:33:49.720,52.1100,100
38029720287631,10:33:49.720,52.1100,100
38048006341075,10:34:08.006,52.1100,100
38048006341075,10:34:08.006,52.1100,100
38048006341075,10:34:08.006,52.1100,16
38048006341075,10:34:08.006,52.1100,9
38048010299952,10:34:08.010,52.1100,91
38050958167120,10:34:10.958,52.0900,100
38050958167120,10:34:10.958,52.0900,100
38052085828145,10:34:12.085,52.0900,100
38052085828145,10:34:12.085,52.0900,100
38052536190584,10:34:12.536,52.0800,40
38059938393806,10:34:19.938,52.0700,100
38064288596567,10:34:24.288,52.0700,200
38064288596567,10:34:24.288,52.0700,100
38064288916171,10:34:24.288,52.0700,100
38064288918233,10:34:24.288,52.0700,100
38065349633240,10:34:25.349,52.0700,100
38065808447526,10:34:25.808,52.0700,46
38068347816877,10:34:28.347,52.0800,22
38068348008306,10:34:28.348,52.0800,78
38068348008306,10:34:28.348,52.0800,100
38076321016668,10:34:36.321,52.0700,100
38076321016668,10:34:36.321,52.0700,100
38076321016668,10:34:36.321,52.0700,100
38076325842468,10:34:36.325,52.0700,100
38076326212262,10:34:36.326,52.0800,100
38076396934757,10:34:36.396,52.0800,96
38077998984443,10:34:37.998,52.0900,100
38077999155311,10:34:37.999,52.0900,54
38078000412084,10:34:38.000,52.0900,46
38087957553309,10:34:47.957,52.0900,100
38087957553309,10:34:47.957,52.0900,100
38095582064150,10:34:55.582,52.0900,200
38096583326983,10:34:56.583,52.0900,100
38096583326983,10:34:56.583,52.0900,100
38101801399152,10:35:01.801,52.0800,100
38108909022058,10:35:08.909,52.0800,100
38118143582063,10:35:18.143,52.0700,100
38121078500921,10:35:21.078,52.0700,18
38121078855888,10:35:21.078,52.0700,49
38123592614913,10:35:23.592,52.0700,33
38123592614913,10:35:23.592,52.0700,67
38124957374678,10:35:24.957,52.0700,33
38124957374678,10:35:24.957,52.0700,67
38127866813088,10:35:27.866,52.0700,33
38127866813088,10:35:27.866,52.0700,67
38127866874014,10:35:27.866,52.0700,33
38152183598518,10:35:52.183,52.0700,100
38152183598518,10:35:52.183,52.0700,134
38152183600490,10:35:52.183,52.0700,66
38160300976247,10:36:00.300,52.0700,100
38167957976699,10:36:07.957,52.0700,100
38167957976699,10:36:07.957,52.0700,100
38167957976699,10:36:07.957,52.0700,16
38174221357098,10:36:14.221,52.0600,100
38174221575527,10:36:14.221,52.0600,38
38174221611361,10:36:14.221,52.0600,62
38174959538246,10:36:14.959,52.0600,100
38182499395736,10:36:22.499,52.0500,54
38182499504046,10:36:22.499,52.0500,46
38187959511322,10:36:27.959,52.0400,4
38187959511322,10:36:27.959,52.0400,96
38187959567338,10:36:27.959,52.0400,4
38187985019055,10:36:27.985,52.0400,100
38187985650930,10:36:27.985,52.0400,200
38205206227863,10:36:45.206,52.0500,6
38206211147926,10:36:46.211,52.0500,100
38234714130595,10:37:14.714,52.0500,100
38234714130595,10:37:14.714,52.0500,100
38238144688508,10:37:18.144,52.0400,100
38238174612192,10:37:18.174,52.0400,200
38248243952862,10:37:28.243,52.0300,42
38248243952862,10:37:28.243,52.0300,10
38248243952862,10:37:28.243,52.0300,48
38256026296911,10:37:36.026,52.0300,52
38256026296911,10:37:36.026,52.0300,100
38256026296911,10:37:36.026,52.0300,48
38256026346177,10:37:36.026,52.0300,145
38256026352844,10:37:36.026,52.0300,7
38268814516129,10:37:48.814,52.0300,100
38268814524763,10:37:48.814,52.0300,9
38271254239651,10:37:51.254,52.0200,100
38273930743781,10:37:53.930,52.0100,100
38277922858260,10:37:57.922,52.0200,100
38287293105626,10:38:07.293,52.0400,100
38290204282499,10:38:10.204,52.0500,160
38290204701856,10:38:10.204,52.0500,200
38298322969842,10:38:18.322,52.0600,13
38298323009648,10:38:18.323,52.0600,87
38298323009648,10:38:18.323,52.0600,200
38301434186926,10:38:21.434,52.0700,8
38301434189518,10:38:21.434,52.0700,92
38304175698271,10:38:24.175,52.0700,200
38304175698271,10:38:24.175,52.0700,100
38305190062532,10:38:25.190,52.0700,100
38309005342055,10:38:29.005,52.0600,95
38309005392779,10:38:29.005,52.0600,5
38309005392779,10:38:29.005,52.0600,100
38318412246355,10:38:38.412,52.0600,200
38318413495010,10:38:38.413,52.0600,100
38318413522634,10:38:38.413,52.0600,100
38318413522634,10:38:38.413,52.0600,81
38318420035599,10:38:38.420,52.0600,19
38322994994356,10:38:42.994,52.0600,81
38322994994356,10:38:42.994,52.0600,16
38322994994356,10:38:42.994,52.0600,100
38322994994356,10:38:42.994,52.0600,100
38325932500656,10:38:45.932,52.0600,100
38328809271675,10:38:48.809,52.0600,200
38329605343708,10:38:49.605,52.0700,91
38329605370826,10:38:49.605,52.0700,80
38329605372318,10:38:49.605,52.0700,29
38331292586143,10:38:51.292,52.0700,100
38334210860185,10:38:54.210,52.0700,100
38338016585334,10:38:58.016,52.0600,100
38342130753426,10:39:02.130,52.0700,100
38350451718316,10:39:10.451,52.0800,100
38350451937891,10:39:10.451,52.0800,100
38350451937891,10:39:10.451,52.0800,100
38358194090232,10:39:18.194,52.0800,100
38358194090232,10:39:18.194,52.0800,100
38361892385355,10:39:21.892,52.0700,200
38361892385355,10:39:21.892,52.0700,100
38393658060217,10:39:53.658,52.0600,8
38393957266222,10:39:53.957,52.0600,92
38393957266222,10:39:53.957,52.0600,100
38402026618015,10:40:02.026,52.0700,300
38402026618015,10:40:02.026,52.0700,100
38402026727183,10:40:02.026,52.0700,100
38404631443087,10:40:04.631,52.0600,5
38404631443087,10:40:04.631,52.0600,95
38404631776760,10:40:04.631,52.0600,5
38404631776760,10:40:04.631,52.0600,100
38404631776760,10:40:04.631,52.0600,200
38404631776760,10:40:04.631,52.0600,17
38414306607340,10:40:14.306,52.0600,400
38414307336904,10:40:14.307,52.0600,200
38430143411754,10:40:30.143,52.0500,100
38446958872049,10:40:46.958,52.0500,100
38446958901652,10:40:46.958,52.0500,200
38446958901652,10:40:46.958,52.0500,100
38447134772120,10:40:47.134,52.0500,100
38447134772120,10:40:47.134,52.0500,42
38447134772120,10:40:47.134,52.0500,100
38447135226081,10:40:47.135,52.0500,200
38447135226081,10:40:47.135,52.0500,100
38461382117930,10:41:01.382,52.0500,100
38461382117930,10:41:01.382,52.0500,100
38461382117930,10:41:01.382,52.0500,100
38461382117930,10:41:01.382,52.0500,72
38461382425522,10:41:01.382,52.0500,28
38464348581536,10:41:04.348,52.0400,100
38465958717532,10:41:05.958,52.0300,100
38472197924334,10:41:12.197,52.0200,100
38472240979002,10:41:12.240,52.0200,100
38472957666946,10:41:12.957,52.0200,100
38472961817156,10:41:12.961,52.0200,100
38472961817156,10:41:12.961,52.0200,100
38472961817156,10:41:12.961,52.0200,200
38472962350515,10:41:12.962,52.0200,200
38476363570891,10:41:16.363,52.0200,100
38476363570891,10:41:16.363,52.0200,100
38476363570891,10:41:16.363,52.0200,2
38476363599155,10:41:16.363,52.0200,5
38476956586444,10:41:16.956,52.0200,100
38495895447289,10:41:35.895,52.0150,2
38500550983677,10:41:40.550,52.0150,20
38505026324218,10:41:45.026,52.0100,100
38505026324218,10:41:45.026,52.0100,100
38510413544236,10:41:50.413,52.0200,100
38510574208948,10:41:50.574,52.0200,100
38511021692900,10:41:51.021,52.0200,100
38514046032554,10:41:54.046,52.0200,100
38514046068727,10:41:54.046,52.0200,100
38514046068727,10:41:54.046,52.0200,9
38515496443434,10:41:55.496,52.0300,100
38535571074307,10:42:15.571,52.0400,100
38535571074307,10:42:15.571,52.0400,200
38536199512992,10:42:16.199,52.0400,100
38544687498680,10:42:24.687,52.0300,100
38544687498680,10:42:24.687,52.0300,17
38544687498680,10:42:24.687,52.0300,100
38544688067834,10:42:24.688,52.0300,18
38544688077855,10:42:24.688,52.0300,82
38550438738743,10:42:30.438,52.0400,100
38550438738743,10:42:30.438,52.0400,100
38550438738743,10:42:30.438,52.0400,100
38550439139914,10:42:30.439,52.0400,42
38551200804071,10:42:31.200,52.0400,58
38554346704967,10:42:34.346,52.0400,100
38590957895025,10:43:10.957,52.0300,100
38590957895025,10:43:10.957,52.0300,100
38600959667731,10:43:20.959,52.0300,100
38600961394139,10:43:20.961,52.0300,100
38605465399812,10:43:25.465,52.0400,100
38605465399812,10:43:25.465,52.0400,200
38605466015033,10:43:25.466,52.0400,100
38656353038959,10:44:16.353,52.0500,200
38656353038959,10:44:16.353,52.0500,100
38656353038959,10:44:16.353,52.0500,200
38656353388833,10:44:16.353,52.0500,184
38656353392524,10:44:16.353,52.0500,16
38656353392524,10:44:16.353,52.0500,100
38656354092149,10:44:16.354,52.0500,100
38657472217760,10:44:17.472,52.0500,100
38657472217760,10:44:17.472,52.0500,100
38657472217760,10:44:17.472,52.0500,100
38658827597652,10:44:18.827,52.0600,1
38659321420954,10:44:19.321,52.0600,100
38659322593033,10:44:19.322,52.0600,200
38659322593033,10:44:19.322,52.0600,100
38668473880245,10:44:28.473,52.0500,100
38668473880245,10:44:28.473,52.0500,100
38696750132546,10:44:56.750,52.0500,200
38696750132546,10:44:56.750,52.0500,100
38705251899087,10:45:05.251,52.0500,100
38705251949079,10:45:05.251,52.0500,97
38709203538354,10:45:09.203,52.0400,100
38709203538354,10:45:09.203,52.0400,25
38709203603082,10:45:09.203,52.0400,75
38709203603082,10:45:09.203,52.0400,100
38713494952385,10:45:13.494,52.0200,100
38715072041330,10:45:15.072,52.0200,200
38715072041330,10:45:15.072,52.0200,100
38716073872223,10:45:16.073,52.0250,100
38723143658703,10:45:23.143,52.0200,100
38732958925616,10:45:32.958,52.0200,100
38732958953789,10:45:32.958,52.0200,100
38739739298194,10:45:39.739,52.0200,100
38747146860774,10:45:47.146,52.0200,100
38781834676361,10:46:21.834,52.0300,100
38781834676361,10:46:21.834,52.0300,100
38781834676361,10:46:21.834,52.0300,6
38817042675854,10:46:57.042,52.0500,100
38817042675854,10:46:57.042,52.0500,100
38817042675854,10:46:57.042,52.0500,100
38826165593701,10:47:06.165,52.0500,200
38826507710006,10:47:06.507,52.0400,100
38826507710006,10:47:06.507,52.0400,100
38829946346725,10:47:09.946,52.0300,100
38830872105788,10:47:10.872,52.0300,100
38836720112843,10:47:16.720,52.0300,100
38838979302072,10:47:18.979,52.0400,9
38859143604858,10:47:39.143,52.0400,100
38859143635708,10:47:39.143,52.0400,49
38859143635708,10:47:39.143,52.0400,100
38884076704316,10:48:04.076,52.0400,100
38889143226903,10:48:09.143,52.0300,100
38904121943296,10:48:24.121,52.0400,100
38904121943296,10:48:24.121,52.0400,100
38907629095777,10:48:27.629,52.0500,100
38908630430013,10:48:28.630,52.0500,60
38908630430013,10:48:28.630,52.0500,100
38908630430013,10:48:28.630,52.0500,17
38925691553150,10:48:45.691,52.0400,100
38933681175835,10:48:53.681,52.0400,77
38936173613934,10:48:56.173,52.0400,23
38936173613934,10:48:56.173,52.0400,100
38952390191857,10:49:12.390,52.0500,100
38952390191857,10:49:12.390,52.0500,100
38952390191857,10:49:12.390,52.0500,100
38952390445218,10:49:12.390,52.0500,100
38952390445218,10:49:12.390,52.0500,100
38952391116893,10:49:12.391,52.0500,50
38952391175652,10:49:12.391,52.0500,50
38960772763264,10:49:20.772,52.0600,100
38960772763264,10:49:20.772,52.0600,100
38969120599513,10:49:29.120,52.0600,100
38995143310408,10:49:55.143,52.0600,100
38995143339597,10:49:55.143,52.0600,100
39000215574313,10:50:00.215,52.0500,100
39022724375357,10:50:22.724,52.0500,100
39022724375357,10:50:22.724,52.0500,100
39022724375357,10:50:22.724,52.0500,5
39022724419967,10:50:22.724,52.0500,95
39022724419967,10:50:22.724,52.0500,5
39022725085478,10:50:22.725,52.0500,95
39022725771171,10:50:22.725,52.0600,100
39022725771171,10:50:22.725,52.0600,100
39035722485397,10:50:35.722,52.0500,100
39035722485397,10:50:35.722,52.0500,100
39036263607642,10:50:36.263,52.0400,21
39036263607642,10:50:36.263,52.0400,100
39040640818109,10:50:40.640,52.0300,100
39040640818109,10:50:40.640,52.0300,29
39044631171051,10:50:44.631,52.0300,200
39044631171051,10:50:44.631,52.0300,100
39065113026655,10:51:05.113,52.0300,100
39066517728166,10:51:06.517,52.0300,100
39066517728166,10:51:06.517,52.0300,100
39066517728166,10:51:06.517,52.0300,100
39066518261427,10:51:06.518,52.0300,200
39068521145643,10:51:08.521,52.0400,100
39068521609906,10:51:08.521,52.0400,100
39068521609906,10:51:08.521,52.0400,100
39082232499873,10:51:22.232,52.0500,100
39082232499873,10:51:22.232,52.0500,6
39082232499873,10:51:22.232,52.0500,100
39100489644314,10:51:40.489,52.0500,100
39100489644314,10:51:40.489,52.0500,200
39100489644314,10:51:40.489,52.0500,100
39111608326551,10:51:51.608,52.0600,103
39111608345415,10:51:51.608,52.0600,64
39111608626904,10:51:51.608,52.0600,33
39111608626904,10:51:51.608,52.0600,100
39111608626904,10:51:51.608,52.0600,9
39111608626904,10:51:51.608,52.0600,99
39111609006379,10:51:51.609,52.0600,101
39111609006379,10:51:51.609,52.0600,100
39111609074005,10:51:51.609,52.0600,100
39112946940687,10:51:52.946,52.0700,100
39112947096489,10:51:52.947,52.0700,100
39112947096489,10:51:52.947,52.0700,100
39121287125293,10:52:01.287,52.0850,17
39125669725149,10:52:05.669,52.0800,124
39125669725149,10:52:05.669,52.0800,100
39125669725149,10:52:05.669,52.0800,100
39139090596385,10:52:19.090,52.0900,200
39140129662440,10:52:20.129,52.0900,100
39144838205389,10:52:24.838,52.0900,100
39146931357764,10:52:26.931,52.0900,100
39146931383347,10:52:26.931,52.0900,100
39153046239360,10:52:33.046,52.0800,96
39153046239360,10:52:33.046,52.0800,100
39153046239360,10:52:33.046,52.0800,100
39153046239360,10:52:33.046,52.0800,100
39153050577689,10:52:33.050,52.0750,100
39169565290796,10:52:49.565,52.0700,17
39169565290796,10:52:49.565,52.0700,21
39169565319844,10:52:49.565,52.0700,79
39169565319844,10:52:49.565,52.0700,100
39179232135165,10:52:59.232,52.0600,300
39179232135165,10:52:59.232,52.0600,100
39179232135165,10:52:59.232,52.0600,40
39179243574048,10:52:59.243,52.0600,100
39179243604777,10:52:59.243,52.0600,17
39179243654911,10:52:59.243,52.0600,83
39196280874571,10:53:16.280,52.0600,200
39196280874571,10:53:16.280,52.0600,100
39196692921016,10:53:16.692,52.0600,100
39199027050466,10:53:19.027,52.0600,100
39199027354326,10:53:19.027,52.0600,100
39201366294405,10:53:21.366,52.0700,100
39201366403531,10:53:21.366,52.0700,100
39201366852846,10:53:21.366,52.0700,171
39204125537154,10:53:24.125,52.0600,6
39214129095739,10:53:34.129,52.0700,29
39214129095739,10:53:34.129,52.0700,200
39214129095739,10:53:34.129,52.0700,200
39220012255128,10:53:40.012,52.0700,100
39220012285902,10:53:40.012,52.0700,4
39220012285902,10:53:40.012,52.0700,100
39228273868918,10:53:48.273,52.0700,100
39240016677974,10:54:00.016,52.0800,9
39244547663469,10:54:04.547,52.0900,26
39244547663469,10:54:04.547,52.0900,200
39274119394079,10:54:34.119,52.1100,100
39274119394079,10:54:34.119,52.1100,100
39283551592098,10:54:43.551,52.1200,16
39283551592098,10:54:43.551,52.1200,35
39283551592098,10:54:43.551,52.1200,100
39308072108418,10:55:08.072,52.1200,10
39308072108418,10:55:08.072,52.1200,100
39311418392183,10:55:11.418,52.1300,100
39367911718157,10:56:07.911,52.1600,100
39367911718157,10:56:07.911,52.1600,100
39367911718157,10:56:07.911,52.1600,16
39379502657811,10:56:19.502,52.1400,100
39379502732193,10:56:19.502,52.1400,100
39379502732193,10:56:19.502,52.1400,100
39379502732193,10:56:19.502,52.1400,47
39379604263616,10:56:19.604,52.1300,100
39384263804867,10:56:24.263,52.1500,100
39384263804867,10:56:24.263,52.1500,9
39390609905979,10:56:30.609,52.1600,100
39394385721956,10:56:34.385,52.1700,100
39398632077104,10:56:38.632,52.1700,300
39421179756014,10:57:01.179,52.1700,100
39421230805979,10:57:01.230,52.1700,100
39427650112922,10:57:07.650,52.1700,100
39443162387302,10:57:23.162,52.1700,100
39443162555170,10:57:23.162,52.1700,100
39445499431995,10:57:25.499,52.1700,100
39447887683935,10:57:27.887,52.1700,100
39452104755317,10:57:32.104,52.1800,100
39466910552337,10:57:46.910,52.1800,100
39466910552337,10:57:46.910,52.1800,100
39501705196162,10:58:21.705,52.1900,100
39518222565226,10:58:38.222,52.1900,16
39518222565226,10:58:38.222,52.1900,100
39521240559582,10:58:41.240,52.1900,100
39535487836600,10:58:55.487,52.2000,100
39535487836600,10:58:55.487,52.2000,100
39535487836600,10:58:55.487,52.2000,9
39544584796442,10:59:04.584,52.2000,200
39544584823406,10:59:04.584,52.2000,100
39544584823406,10:59:04.584,52.2000,100
39551924126559,10:59:11.924,52.2000,32
39551924126559,10:59:11.924,52.2000,100
39560014558313,10:59:20.014,52.2100,37
39560454901896,10:59:20.454,52.2100,100
39576875992100,10:59:36.875,52.2200,4
39576875992100,10:59:36.875,52.2200,96
39576876451479,10:59:36.876,52.2200,4
39576955565600,10:59:36.955,52.2200,100
39584263452098,10:59:44.263,52.2200,373
39601220817775,11:00:01.220,52.2200,173
39601220830525,11:00:01.220,52.2200,27
39612453974392,11:00:12.453,52.2200,100
39612453974392,11:00:12.453,52.2200,2
39612454019955,11:00:12.454,52.2200,13
39615512390748,11:00:15.512,52.2200,100
39615512390748,11:00:15.512,52.2200,400
39630114688150,11:00:30.114,52.2200,100
39655483466277,11:00:55.483,52.2100,100
39655483466277,11:00:55.483,52.2100,100
39658379630950,11:00:58.379,52.2000,100
39658379630950,11:00:58.379,52.2000,100
39658379960358,11:00:58.379,52.2000,100
39658379960358,11:00:58.379,52.2000,100
39658482717474,11:00:58.482,52.1900,200
39658482782358,11:00:58.482,52.1900,100
39658482782358,11:00:58.482,52.1900,100
39658482782358,11:00:58.482,52.1900,100
39658482782358,11:00:58.482,52.1900,300
39658482782358,11:00:58.482,52.1900,100
39658482782358,11:00:58.482,52.1900,200
39658483237493,11:00:58.483,52.1900,100
39662190331589,11:01:02.190,52.1900,100
39662494276422,11:01:02.494,52.1900,300
39662822851868,11:01:02.822,52.2000,200
39662822851868,11:01:02.822,52.2000,9
39662824353409,11:01:02.824,52.2100,100
39662824353409,11:01:02.824,52.2100,100
39662824353409,11:01:02.824,52.2100,100
39662829635627,11:01:02.829,52.2100,10
39662830890536,11:01:02.830,52.2100,90
39662830890536,11:01:02.830,52.2100,100
39662837452220,11:01:02.837,52.2100,100
39662837452220,11:01:02.837,52.2100,7
39662849887951,11:01:02.849,52.2100,93
39663317108468,11:01:03.317,52.2100,94
39663389700037,11:01:03.389,52.2100,6
39663389700037,11:01:03.389,52.2100,100
39663389700037,11:01:03.389,52.2100,100
39663458880529,11:01:03.458,52.2200,100
39663458880529,11:01:03.458,52.2200,100
39663463336224,11:01:03.463,52.2300,90
39663463413797,11:01:03.463,52.2300,10
39663463413797,11:01:03.463,52.2300,100
39663463413797,11:01:03.463,52.2300,100
39663477399912,11:01:03.477,52.2400,90
39663480922753,11:01:03.480,52.2400,10
39663480922753,11:01:03.480,52.2400,80
39663483705449,11:01:03.483,52.2400,10
39663483938246,11:01:03.483,52.2400,10
39664463693202,11:01:04.463,52.2500,36
39664463693202,11:01:04.463,52.2500,64
39666847158596,11:01:06.847,52.2500,100
39666847158596,11:01:06.847,52.2500,100
39666850700483,11:01:06.850,52.2400,200
39666850700483,11:01:06.850,52.2400,100
39666850744512,11:01:06.850,52.2400,100
39666850744512,11:01:06.850,52.2400,200
39667170716472,11:01:07.170,52.2300,100
39667170716472,11:01:07.170,52.2300,100
39667171070082,11:01:07.171,52.2300,100
39667176521743,11:01:07.176,52.2300,1
39667411880511,11:01:07.411,52.2200,1
39668536316231,11:01:08.536,52.2200,100
39671054211635,11:01:11.054,52.2200,100
39671054211635,11:01:11.054,52.2200,100
39671054211635,11:01:11.054,52.2200,200
39676295314215,11:01:16.295,52.2100,100
39680727235771,11:01:20.727,52.2100,100
39684035862603,11:01:24.035,52.2100,100
39722188050752,11:02:02.188,52.2200,100
39722188050752,11:02:02.188,52.2200,62
39722188072228,11:02:02.188,52.2200,38
39722715809909,11:02:02.715,52.2300,100
39722715809909,11:02:02.715,52.2300,100
39733185173654,11:02:13.185,52.2500,100
39733185173654,11:02:13.185,52.2500,100
39754472442230,11:02:34.472,52.2600,15
39754472442230,11:02:34.472,52.2600,100
39754472442230,11:02:34.472,52.2600,87
39754472483610,11:02:34.472,52.2600,13
39762485630361,11:02:42.485,52.2700,100
39771651514392,11:02:51.651,52.2800,100
39771651514392,11:02:51.651,52.2800,100
39771651514392,11:02:51.651,52.2800,300
39792261705050,11:03:12.261,52.2800,300
39792261705050,11:03:12.261,52.2800,100
39792261705050,11:03:12.261,52.2800,100
39792262497255,11:03:12.262,52.2800,100
39799529539130,11:03:19.529,52.2900,100
39799529539130,11:03:19.529,52.2900,100
39801290793089,11:03:21.290,52.2900,100
39801290793089,11:03:21.290,52.2900,60
39803700628329,11:03:23.700,52.3000,9
39803700628329,11:03:23.700,52.3000,100
39809222251832,11:03:29.222,52.3200,100
39826690016439,11:03:46.690,52.3300,39
39826690158952,11:03:46.690,52.3300,61
39827028231373,11:03:47.028,52.3400,100
39833093181937,11:03:53.093,52.3300,100
39833093181937,11:03:53.093,52.3300,100
39845570968207,11:04:05.570,52.3600,100
39852970947446,11:04:12.970,52.3700,100
39852970947446,11:04:12.970,52.3700,100
39859117126770,11:04:19.117,52.3600,12
39859117126770,11:04:19.117,52.3600,100
39859117126770,11:04:19.117,52.3600,100
39859117126770,11:04:19.117,52.3600,14
39859123795459,11:04:19.123,52.3600,100
39859123854060,11:04:19.123,52.3600,26
39859734128288,11:04:19.734,52.3600,51
39878091767359,11:04:38.091,52.3700,100
39878091767359,11:04:38.091,52.3700,5
39880936226603,11:04:40.936,52.3700,100
39895475810877,11:04:55.475,52.3700,100
39897290522155,11:04:57.290,52.3600,100
39897290674802,11:04:57.290,52.3600,100
39905531038048,11:05:05.531,52.3900,700
39905531038048,11:05:05.531,52.3900,100
39911363902417,11:05:11.363,52.3800,100
39944283554065,11:05:44.283,52.3600,60
39949685442831,11:05:49.685,52.3600,40
39949685442831,11:05:49.685,52.3600,13
39958973830623,11:05:58.973,52.3500,300
39958973830623,11:05:58.973,52.3500,14
39966771896324,11:06:06.771,52.3600,7
39966771896324,11:06:06.771,52.3600,58
39966772976513,11:06:06.772,52.3600,42
40023242389746,11:07:03.242,52.3700,100
40023242389746,11:07:03.242,52.3700,100
40029143695581,11:07:09.143,52.3700,100
40029143725431,11:07:09.143,52.3700,100
40029143725431,11:07:09.143,52.3700,100
40034259854425,11:07:14.259,52.3700,100
40034259854425,11:07:14.259,52.3700,50
40037026987524,11:07:17.026,52.3600,100
40037026987524,11:07:17.026,52.3600,17
40037026987524,11:07:17.026,52.3600,100
40037026987524,11:07:17.026,52.3600,14
40048092657057,11:07:28.092,52.3500,100
40050457744740,11:07:30.457,52.3400,100
40055533251996,11:07:35.533,52.3500,35
40055533280736,11:07:35.533,52.3500,65
40083635777460,11:08:03.635,52.3500,100
40083635808770,11:08:03.635,52.3500,18
40083635808770,11:08:03.635,52.3500,14
40083635808770,11:08:03.635,52.3500,100
40083679898849,11:08:03.679,52.3500,100
40086460138578,11:08:06.460,52.3400,100
40095114153256,11:08:15.114,52.3400,100
40095412510971,11:08:15.412,52.3400,6
40102028117687,11:08:22.028,52.3500,100
40102028646972,11:08:22.028,52.3500,82
40120277282022,11:08:40.277,52.3600,100
40133338839951,11:08:53.338,52.3800,100
40134784916733,11:08:54.784,52.3700,300
40147270887386,11:09:07.270,52.3600,100
40147270887386,11:09:07.270,52.3600,100
40149923079805,11:09:09.923,52.3600,200
40149923731801,11:09:09.923,52.3600,100
40169137780008,11:09:29.137,52.3600,26
40187999511868,11:09:47.999,52.3600,174
40187999511868,11:09:47.999,52.3600,100
40187999511868,11:09:47.999,52.3600,100
40187999968228,11:09:47.999,52.3600,100
40187999968228,11:09:47.999,52.3600,100
40188002651913,11:09:48.002,52.3600,100
40188002651913,11:09:48.002,52.3600,45
40188002651913,11:09:48.002,52.3600,100
40188002651913,11:09:48.002,52.3600,38
40188002655355,11:09:48.002,52.3600,62
40214582406846,11:10:14.582,52.3500,100
40214582406846,11:10:14.582,52.3500,100
40214582406846,11:10:14.582,52.3500,26
40214582406846,11:10:14.582,52.3500,14
40218621324207,11:10:18.621,52.3400,100
40218621324207,11:10:18.621,52.3400,100
40225667345004,11:10:25.667,52.3500,100
40225667345004,11:10:25.667,52.3500,66
40225667484317,11:10:25.667,52.3500,34
40231285137244,11:10:31.285,52.3500,100
40231285137244,11:10:31.285,52.3500,100
40242455916597,11:10:42.455,52.3400,100
40242455916597,11:10:42.455,52.3400,22
40243772113683,11:10:43.772,52.3300,100
40243772113683,11:10:43.772,52.3300,100
40253123359186,11:10:53.123,52.3300,8
40253123360658,11:10:53.123,52.3300,92
40255774979310,11:10:55.774,52.3400,100
40255774979310,11:10:55.774,52.3400,102
40255775004485,11:10:55.775,52.3400,10
40255776305755,11:10:55.776,52.3400,88
40268411705716,11:11:08.411,52.3500,100
40268411705716,11:11:08.411,52.3500,32
40270412719527,11:11:10.412,52.3600,100
40270412719527,11:11:10.412,52.3600,32
40281100513101,11:11:21.100,52.3500,100
40298417154158,11:11:38.417,52.3400,100
40298417205741,11:11:38.417,52.3400,100
40340364988393,11:12:20.364,52.4000,100
40358742031214,11:12:38.742,52.4000,100
40358742031214,11:12:38.742,52.4000,100
40375994417008,11:12:55.994,52.4100,100
40375994417008,11:12:55.994,52.4100,100
40377769904082,11:12:57.769,52.4200,100
40377773056951,11:12:57.773,52.4200,100
40378583223492,11:12:58.583,52.4200,100
40391557282559,11:13:11.557,52.4200,100
40393585820341,11:13:13.585,52.4200,38
40393587340307,11:13:13.587,52.4200,38
40393588581356,11:13:13.588,52.4200,38
40393588637543,11:13:13.588,52.4200,86
40433106821221,11:13:53.106,52.4200,100
40433106821221,11:13:53.106,52.4200,100
40435293505625,11:13:55.293,52.4200,100
40435293505625,11:13:55.293,52.4200,14
40436433085260,11:13:56.433,52.4200,100
40445637921892,11:14:05.637,52.4300,100
40448702011303,11:14:08.702,52.4300,100
40455027782354,11:14:15.027,52.4200,100
40487113364891,11:14:47.113,52.4700,100
40488715336505,11:14:48.715,52.4800,100
40488817837433,11:14:48.817,52.4900,100
40488817837433,11:14:48.817,52.4900,100
40488817837433,11:14:48.817,52.4900,100
40488817891462,11:14:48.817,52.4900,100
40488818016560,11:14:48.818,52.4900,100
40488832986516,11:14:48.832,52.4900,100
40488832986516,11:14:48.832,52.4900,100
40488921011660,11:14:48.921,52.4900,100
40488921132668,11:14:48.921,52.4900,100
40488921132668,11:14:48.921,52.4900,52
40488921132668,11:14:48.921,52.4900,100
40488921132668,11:14:48.921,52.4900,52
40488921132668,11:14:48.921,52.4900,27
40488922719928,11:14:48.922,52.4900,73
40531181655896,11:15:31.181,52.4900,100
40531181655896,11:15:31.181,52.4900,300
40531181655896,11:15:31.181,52.4900,100
40531181655896,11:15:31.181,52.4900,100
40531181655896,11:15:31.181,52.4900,100
40531185737831,11:15:31.185,52.4800,100
40531185737831,11:15:31.185,52.4800,4
40531350965829,11:15:31.350,52.4800,38
40531359678858,11:15:31.359,52.4800,38
40531366817651,11:15:31.366,52.4800,38
40531372835772,11:15:31.372,52.4800,38
40531378570202,11:15:31.378,52.4800,38
40531383162297,11:15:31.383,52.4800,6
40531383162297,11:15:31.383,52.4800,32
40531389479141,11:15:31.389,52.4800,38
40531394299715,11:15:31.394,52.4800,38
40531504286237,11:15:31.504,52.4800,224
40531504286237,11:15:31.504,52.4800,8
40532144096974,11:15:32.144,52.4700,100
40532144096974,11:15:32.144,52.4700,100
40532144096974,11:15:32.144,52.4700,100
40532144096974,11:15:32.144,52.4700,100
40532144096974,11:15:32.144,52.4700,14
40534870067531,11:15:34.870,52.4600,100
40539451728208,11:15:39.451,52.4700,100
40539451728208,11:15:39.451,52.4700,100
40564032361595,11:16:04.032,52.5000,100
40564032537571,11:16:04.032,52.5000,100
40567236365400,11:16:07.236,52.5000,3
40567236391611,11:16:07.236,52.5000,97
40567236391611,11:16:07.236,52.5000,200
40575303114439,11:16:15.303,52.5000,100
40583919400536,11:16:23.919,52.5200,26
40597276590896,11:16:37.276,52.5400,100
40613866879038,11:16:53.866,52.5300,100
40613866879038,11:16:53.866,52.5300,100
40613866879038,11:16:53.866,52.5300,12
40613867456294,11:16:53.867,52.5200,200
40613867456294,11:16:53.867,52.5200,100
40629253276028,11:17:09.253,52.5200,100
40629253276028,11:17:09.253,52.5200,51
40641186726942,11:17:21.186,52.5300,14
40641186726942,11:17:21.186,52.5300,100
40643440880615,11:17:23.440,52.5200,100
40643627302612,11:17:23.627,52.5100,100
40653144653096,11:17:33.144,52.5000,100
40653144653096,11:17:33.144,52.5000,18
40653144653096,11:17:33.144,52.5000,100
40669202711177,11:17:49.202,52.5000,100
40677804224624,11:17:57.804,52.5000,100
40677804531984,11:17:57.804,52.5000,100
40677804563308,11:17:57.804,52.5000,100
40687112613754,11:18:07.112,52.5000,25
40687112700115,11:18:07.112,52.5000,75
40687112700115,11:18:07.112,52.5000,12
40687405111595,11:18:07.405,52.4900,7
40691201283447,11:18:11.201,52.5000,100
40691201283447,11:18:11.201,52.5000,10
40707239346831,11:18:27.239,52.5000,100
40708899731630,11:18:28.899,52.5000,100
40708899731630,11:18:28.899,52.5000,100
40720370106645,11:18:40.370,52.5000,100
40764110329784,11:19:24.110,52.4900,29
40764110329784,11:19:24.110,52.4900,100
40764110329784,11:19:24.110,52.4900,71
40764110342792,11:19:24.110,52.4900,29
40764607840513,11:19:24.607,52.4800,300
40764607868429,11:19:24.607,52.4800,26
40764607870041,11:19:24.607,52.4800,26
40767479248738,11:19:27.479,52.4700,100
40767479248738,11:19:27.479,52.4700,100
40767480034161,11:19:27.480,52.4700,100
40767480034161,11:19:27.480,52.4700,100
40767480034161,11:19:27.480,52.4700,100
40773259944031,11:19:33.259,52.4700,100
40773260183527,11:19:33.260,52.4700,200
40773260183527,11:19:33.260,52.4700,100
40773260183527,11:19:33.260,52.4700,44
40773260183527,11:19:33.260,52.4700,100
40773260183527,11:19:33.260,52.4700,100
40773260183527,11:19:33.260,52.4700,56
40774448411993,11:19:34.448,52.4700,100
40774448681497,11:19:34.448,52.4700,44
40774448681497,11:19:34.448,52.4700,56
40787098571756,11:19:47.098,52.4600,35
40787098571756,11:19:47.098,52.4600,65
40787098602147,11:19:47.098,52.4600,35
40796368781840,11:19:56.368,52.4650,100
40796368781840,11:19:56.368,52.4600,100
40803360445322,11:20:03.360,52.4600,200
40803360445322,11:20:03.360,52.4600,12
40803823097363,11:20:03.823,52.4600,100
40814845981387,11:20:14.845,52.4500,100
40814845981387,11:20:14.845,52.4500,100
40816393535712,11:20:16.393,52.4400,41
40816394181370,11:20:16.394,52.4400,259
40820021455375,11:20:20.021,52.4400,100
40827732542305,11:20:27.732,52.4500,100
40862691694342,11:21:02.691,52.4600,90
40862691729626,11:21:02.691,52.4600,210
40868048699026,11:21:08.048,52.4600,100
40883143347612,11:21:23.143,52.4600,13
40924830681172,11:22:04.830,52.4600,87
40924830681172,11:22:04.830,52.4600,100
40924830681172,11:22:04.830,52.4600,200
40924830681172,11:22:04.830,52.4600,13
40930112134686,11:22:10.112,52.4500,100
40930112134686,11:22:10.112,52.4500,49
40930112152547,11:22:10.112,52.4500,51
40930117958357,11:22:10.117,52.4400,14
40930118176230,11:22:10.118,52.4400,38
40930121706075,11:22:10.121,52.4400,38
40930121765559,11:22:10.121,52.4400,210
40930121765559,11:22:10.121,52.4400,100
40930122546788,11:22:10.122,52.4400,38
40946297229813,11:22:26.297,52.4500,100
40962044148630,11:22:42.044,52.4400,100
40974030051695,11:22:54.030,52.4400,100
40974460290777,11:22:54.460,52.4400,100
40977755906028,11:22:57.755,52.4400,2
40986379446604,11:23:06.379,52.4400,98
40986379446604,11:23:06.379,52.4400,100
40990512079525,11:23:10.512,52.4500,105
40994084751446,11:23:14.084,52.4500,100
40996042185639,11:23:16.042,52.4600,100
41000229776693,11:23:20.229,52.4700,100
41028206938684,11:23:48.206,52.4800,157
41028206938684,11:23:48.206,52.4800,100
41028206938684,11:23:48.206,52.4800,100
41028206938684,11:23:48.206,52.4800,100
41028207816271,11:23:48.207,52.4800,100
41043079271148,11:24:03.079,52.4800,100
41043079271148,11:24:03.079,52.4800,2
41043079297780,11:24:03.079,52.4800,98
41057762635772,11:24:17.762,52.4900,10
41057763320289,11:24:17.763,52.4900,90
41064777565362,11:24:24.777,52.5000,100
41064777565362,11:24:24.777,52.5000,100
41064777565362,11:24:24.777,52.5000,200
41066028347038,11:24:26.028,52.4900,12
41098746446959,11:24:58.746,52.4900,30
41098746884413,11:24:58.746,52.4900,70
41098746884413,11:24:58.746,52.4900,30
41117125917928,11:25:17.125,52.4900,70
41117125917928,11:25:17.125,52.4900,100
41121457013141,11:25:21.457,52.4800,100
41121457013141,11:25:21.457,52.4800,100
41122462182324,11:25:22.462,52.4700,4
41122852128934,11:25:22.852,52.4700,46
41143357535797,11:25:43.357,52.4900,100
41158004110425,11:25:58.004,52.4800,100
41158004110425,11:25:58.004,52.4800,70
41158004142732,11:25:58.004,52.4800,30
41163312843772,11:26:03.312,52.4800,100
41206551079079,11:26:46.551,52.4800,100
41206551079079,11:26:46.551,52.4800,100
41214475292029,11:26:54.475,52.4800,100
41214475321493,11:26:54.475,52.4800,100
41221347694221,11:27:01.347,52.4900,100
41221347694221,11:27:01.347,52.4900,61
41221356051849,11:27:01.356,52.4900,100
41227289145917,11:27:07.289,52.4900,100
41262896701404,11:27:42.896,52.4800,100
41262897072839,11:27:42.897,52.4800,12
41262897072839,11:27:42.897,52.4800,100
41262897072839,11:27:42.897,52.4800,20
41287338743777,11:28:07.338,52.4900,2
41292790876005,11:28:12.790,52.4800,6
41294617794631,11:28:14.617,52.4800,7
41294617794631,11:28:14.617,52.4800,100
41297312053733,11:28:17.312,52.4700,100
41307789122966,11:28:27.789,52.4800,15
41307789150988,11:28:27.789,52.4800,85
41307789150988,11:28:27.789,52.4800,100
41317032470431,11:28:37.032,52.4900,100
41317034771731,11:28:37.034,52.4900,100
41317036129170,11:28:37.036,52.4900,100
41324518330151,11:28:44.518,52.4900,50
41326287817905,11:28:46.287,52.4800,100
41370030553010,11:29:30.030,52.4700,100
41383654489092,11:29:43.654,52.4700,100
41394478201929,11:29:54.478,52.4700,59
41395842653824,11:29:55.842,52.4700,41
41411745259101,11:30:11.745,52.4700,300
41411775691013,11:30:11.775,52.4700,400
41411775691013,11:30:11.775,52.4700,100
41415248556227,11:30:15.248,52.4600,46
41415248629952,11:30:15.248,52.4600,54
41415248629952,11:30:15.248,52.4600,13
41415248629952,11:30:15.248,52.4600,30
41420205209630,11:30:20.205,52.4500,200
41437143548869,11:30:37.143,52.4400,50
41437144561633,11:30:37.144,52.4400,50
41437144561633,11:30:37.144,52.4400,30
41445308519558,11:30:45.308,52.4400,100
41453546117033,11:30:53.546,52.4400,44
41476295940165,11:31:16.295,52.4200,100
41476295940165,11:31:16.295,52.4200,200
41504666517048,11:31:44.666,52.4450,100
41515071498174,11:31:55.071,52.4500,300
41515071825598,11:31:55.071,52.4500,100
41515071825598,11:31:55.071,52.4500,100
41515120711648,11:31:55.120,52.4500,100
41515133416982,11:31:55.133,52.4500,14
41517795942207,11:31:57.795,52.4500,100
41526732724145,11:32:06.732,52.4500,100
41526732724145,11:32:06.732,52.4500,100
41526732724145,11:32:06.732,52.4500,12
41526732724145,11:32:06.732,52.4500,45
41526732724145,11:32:06.732,52.4500,13
41526732724145,11:32:06.732,52.4500,100
41527742217190,11:32:07.742,52.4400,100
41527742217190,11:32:07.742,52.4400,100
41527742217190,11:32:07.742,52.4400,100
41527742217190,11:32:07.742,52.4400,100
41537963548551,11:32:17.963,52.4300,100
41537963548551,11:32:17.963,52.4300,1
41537963581625,11:32:17.963,52.4300,99
41540903456240,11:32:20.903,52.4200,100
41554856722417,11:32:34.856,52.4200,100
41554857279487,11:32:34.857,52.4200,100
41554857279487,11:32:34.857,52.4200,12
41554857279487,11:32:34.857,52.4200,100
41554857279487,11:32:34.857,52.4200,100
41578761466630,11:32:58.761,52.4200,10
41578761482566,11:32:58.761,52.4200,90
41589985015842,11:33:09.985,52.4300,200
41643588353228,11:34:03.588,52.4300,131
41643588353228,11:34:03.588,52.4300,14
41643588353228,11:34:03.588,52.4300,100
41646156163315,11:34:06.156,52.4300,100
41654373614478,11:34:14.373,52.4400,200
41657589631406,11:34:17.589,52.4500,100
41668841116416,11:34:28.841,52.4400,100
41755085150904,11:35:55.085,52.4500,300
41755085150904,11:35:55.085,52.4500,100
41760758123415,11:36:00.758,52.4500,84
41760758150679,11:36:00.758,52.4500,16
41766345358166,11:36:06.345,52.4500,100
41766345358166,11:36:06.345,52.4500,100
41766345358166,11:36:06.345,52.4500,100
41766345358166,11:36:06.345,52.4500,14
41780186989093,11:36:20.186,52.4400,150
41791269205438,11:36:31.269,52.4300,200
41791269205438,11:36:31.269,52.4300,20
41791269624978,11:36:31.269,52.4300,80
41795131319266,11:36:35.131,52.4200,100
41795131319266,11:36:35.131,52.4200,100
41843778643762,11:37:23.778,52.4300,100
41843778643762,11:37:23.778,52.4300,35
41843778672990,11:37:23.778,52.4300,65
41873283048147,11:37:53.283,52.4300,100
41899380349323,11:38:19.380,52.4300,100
41899380349323,11:38:19.380,52.4300,14
41899380349323,11:38:19.380,52.4300,35
41899381169708,11:38:19.381,52.4300,104
41909359728179,11:38:29.359,52.4200,15
41909362126394,11:38:29.362,52.4200,185
41909362126394,11:38:29.362,52.4200,100
41917883009475,11:38:37.883,52.4100,100
41917883009475,11:38:37.883,52.4100,30
41921642506066,11:38:41.642,52.4200,100
41933619661900,11:38:53.619,52.4100,100
41933619661900,11:38:53.619,52.4100,100
41933619661900,11:38:53.619,52.4100,7
41933619661900,11:38:53.619,52.4100,90
41933621064663,11:38:53.621,52.4100,100
41941092955456,11:39:01.092,52.4200,100
41953569338361,11:39:13.569,52.4100,100
41953569338361,11:39:13.569,52.4100,100
41964147612132,11:39:24.147,52.4000,18
41964147612132,11:39:24.147,52.4000,100
41974394396436,11:39:34.394,52.4000,200
42004060628659,11:40:04.060,52.4200,66
42009854243831,11:40:09.854,52.4200,100
42016610279345,11:40:16.610,52.4100,200
42016610890425,11:40:16.610,52.4100,100
42034143132611,11:40:34.143,52.4100,100
42034509157568,11:40:34.509,52.4100,14
42047713872249,11:40:47.713,52.4000,100
42047713872249,11:40:47.713,52.4000,100
42088713261029,11:41:28.713,52.3900,100
42088713291630,11:41:28.713,52.3900,17
42088713299297,11:41:28.713,52.3900,83
42130734907459,11:42:10.734,52.3900,100
42131248328065,11:42:11.248,52.3900,100
42164739422741,11:42:44.739,52.3900,100
42164739422741,11:42:44.739,52.3900,25
42164739705161,11:42:44.739,52.3900,75
42187961403330,11:43:07.961,52.4000,100
42196130488353,11:43:16.130,52.4100,100
42198301253640,11:43:18.301,52.4200,100
42205253478371,11:43:25.253,52.4200,94
42205253842185,11:43:25.253,52.4200,6
42215871322473,11:43:35.871,52.4300,100
42235611054608,11:43:55.611,52.4400,14
42252124574072,11:44:12.124,52.4500,100
42252124574072,11:44:12.124,52.4500,100
42268959567008,11:44:28.959,52.4550,41
42270226476782,11:44:30.226,52.4550,100
42271702808883,11:44:31.702,52.4550,100
42275438654636,11:44:35.438,52.4500,13
42303339199493,11:45:03.339,52.4500,100
42310965393028,11:45:10.965,52.4550,70
42329333787559,11:45:29.333,52.4500,100
42331096197355,11:45:31.096,52.4500,100
42331096197355,11:45:31.096,52.4500,27
42331096384849,11:45:31.096,52.4500,127
42331097283770,11:45:31.097,52.4500,103
42345269808645,11:45:45.269,52.4500,21
42357311307339,11:45:57.311,52.4400,100
42357311307339,11:45:57.311,52.4400,100
42380864639389,11:46:20.864,52.4500,96
42388651524028,11:46:28.651,52.4400,200
42389327334127,11:46:29.327,52.4300,100
42389327334127,11:46:29.327,52.4300,13
42421739698468,11:47:01.739,52.4300,91
42421739702027,11:47:01.739,52.4300,9
42466945441183,11:47:46.945,52.4500,18
42466945470467,11:47:46.945,52.4500,82
42478774244245,11:47:58.774,52.4550,9
42480045063251,11:48:00.045,52.4600,9
42483494698525,11:48:03.494,52.4650,100
42483494698525,11:48:03.494,52.4700,100
42483495026572,11:48:03.495,52.4700,100
42488821662592,11:48:08.821,52.4750,2
42488821780947,11:48:08.821,52.4750,10
42488822095609,11:48:08.822,52.4800,2
42493217458665,11:48:13.217,52.4800,100
42495244100508,11:48:15.244,52.4700,12
42523619924998,11:48:43.619,52.4650,134
42523619924998,11:48:43.619,52.4700,166
42523619961803,11:48:43.619,52.4700,34
42523619961803,11:48:43.619,52.4700,100
42569589984371,11:49:29.589,52.4800,100
42569589984371,11:49:29.589,52.4800,100
42569589984371,11:49:29.589,52.4800,100
42573124500413,11:49:33.124,52.4900,4
42573125622710,11:49:33.125,52.4900,96
42598102400975,11:49:58.102,52.5000,100
42607691305881,11:50:07.691,52.4900,100
42607691305881,11:50:07.691,52.4900,38
42607691305881,11:50:07.691,52.4900,168
42607691305881,11:50:07.691,52.4900,12
42607691305881,11:50:07.691,52.4900,100
42609993783743,11:50:09.993,52.4800,29
42612931596509,11:50:12.931,52.4700,100
42666939998654,11:51:06.939,52.4700,100
42666939998654,11:51:06.939,52.4700,50
42671050750291,11:51:11.050,52.4700,50
42672051997401,11:51:12.051,52.4700,100
42672051997401,11:51:12.051,52.4700,40
42691514981971,11:51:31.514,52.4600,76
42691515007011,11:51:31.515,52.4600,224
42691515007011,11:51:31.515,52.4600,24
42691519342183,11:51:31.519,52.4400,76
42691521872252,11:51:31.521,52.4400,24
42691521872252,11:51:31.521,52.4400,52
42691522759192,11:51:31.522,52.4400,48
42691522759192,11:51:31.522,52.4400,100
42693872480252,11:51:33.872,52.4300,52
42693872762509,11:51:33.872,52.4300,24
42693873056558,11:51:33.873,52.4300,24
42693873056558,11:51:33.873,52.4300,108
42693873056558,11:51:33.873,52.4300,300
42693873894137,11:51:33.873,52.4300,100
42693878321795,11:51:33.878,52.4200,76
42693879683299,11:51:33.879,52.4200,224
42693879683299,11:51:33.879,52.4200,300
42693879683299,11:51:33.879,52.4200,100
42693879683299,11:51:33.879,52.4200,100
42693879683299,11:51:33.879,52.4200,200
42693879683299,11:51:33.879,52.4200,100
42693879683299,11:51:33.879,52.4200,76
42693880431066,11:51:33.880,52.4200,24
42693880431066,11:51:33.880,52.4200,24
42703624779822,11:51:43.624,52.4200,100
42703624779822,11:51:43.624,52.4200,100
42703629601656,11:51:43.629,52.4100,200
42703629627600,11:51:43.629,52.4100,100
42703629627600,11:51:43.629,52.4100,100
42703629627600,11:51:43.629,52.4100,100
42703629627600,11:51:43.629,52.4100,100
42703629773413,11:51:43.629,52.4100,100
42703629773413,11:51:43.629,52.4100,100
42703630448901,11:51:43.630,52.4100,7
42703630448901,11:51:43.630,52.4100,100
42703630448901,11:51:43.630,52.4100,100
42703630448901,11:51:43.630,52.4100,100
42705961408010,11:51:45.961,52.4100,100
42705966274087,11:51:45.966,52.4100,100
42705966274087,11:51:45.966,52.4100,100
42705966274087,11:51:45.966,52.4100,8
42705966274087,11:51:45.966,52.4100,100
42705966274087,11:51:45.966,52.4100,92
42713368787203,11:51:53.368,52.4100,60
42713368815910,11:51:53.368,52.4100,13
42713368815910,11:51:53.368,52.4100,200
42713369097359,11:51:53.369,52.4100,100
42735060054417,11:52:15.060,52.4000,100
42735060054417,11:52:15.060,52.4000,13
42746202166764,11:52:26.202,52.4000,100
42746202166764,11:52:26.202,52.4000,100
42746202465472,11:52:26.202,52.4000,100
42751503884047,11:52:31.503,52.4000,23
42763742130679,11:52:43.742,52.4000,100
42779382094640,11:52:59.382,52.4100,100
42785463207637,11:53:05.463,52.4100,100
42790462075278,11:53:10.462,52.4200,200
42790462075278,11:53:10.462,52.4200,400
42790462098272,11:53:10.462,52.4200,100
42801298766219,11:53:21.298,52.4200,100
42801346282746,11:53:21.346,52.4200,100
42801346282746,11:53:21.346,52.4200,7
42801346282746,11:53:21.346,52.4200,100
42801346282746,11:53:21.346,52.4200,93
42805929415307,11:53:25.929,52.4300,200
42805935213788,11:53:25.935,52.4300,100
42821711697916,11:53:41.711,52.4400,100
42821711697916,11:53:41.711,52.4400,165
42821715169993,11:53:41.715,52.4400,35
42821715169993,11:53:41.715,52.4400,65
42821715210537,11:53:41.715,52.4400,35
42837528461566,11:53:57.528,52.4300,100
42837528461566,11:53:57.528,52.4300,200
42837536793290,11:53:57.536,52.4200,200
42837581066549,11:53:57.581,52.4200,100
42837581066549,11:53:57.581,52.4200,100
42837581196983,11:53:57.581,52.4200,100
42837581196983,11:53:57.581,52.4200,1
42863419466171,11:54:23.419,52.4200,100
42900437351086,11:55:00.437,52.4300,200
42900437351086,11:55:00.437,52.4300,100
42903145910080,11:55:03.145,52.4400,100
42903146160397,11:55:03.146,52.4400,100
42928870837137,11:55:28.870,52.4400,109
42928870837137,11:55:28.870,52.4400,91
42928871283713,11:55:28.871,52.4400,9
42943248692110,11:55:43.248,52.4400,100
42943248692110,11:55:43.248,52.4400,100
42949877907719,11:55:49.877,52.4400,100
42961277855170,11:56:01.277,52.4350,13
42963124740908,11:56:03.124,52.4300,100
42963127018528,11:56:03.127,52.4300,100
42978175776725,11:56:18.175,52.4300,200
42979773991765,11:56:19.773,52.4300,100
42988056083954,11:56:28.056,52.4300,100
42994841383138,11:56:34.841,52.4200,76
42994841413922,11:56:34.841,52.4200,124
42994841413922,11:56:34.841,52.4200,12
42994841413922,11:56:34.841,52.4200,100
43014756725855,11:56:54.756,52.4100,35
43014756725855,11:56:54.756,52.4100,100
43014756725855,11:56:54.756,52.4100,100
43023885682601,11:57:03.885,52.4200,100
43023885698467,11:57:03.885,52.4200,100
43023887072043,11:57:03.887,52.4200,100
43023889897950,11:57:03.889,52.4200,44
43023891174719,11:57:03.891,52.4200,56
43023891174719,11:57:03.891,52.4200,100
43025902959853,11:57:05.902,52.4200,86
43043597772880,11:57:23.597,52.4200,100
43073427212873,11:57:53.427,52.4300,100
43073427212873,11:57:53.427,52.4300,100
43073427242701,11:57:53.427,52.4300,200
43073428724268,11:57:53.428,52.4300,100
43073434034273,11:57:53.434,52.4300,100
43095918655160,11:58:15.918,52.4200,100
43095918655160,11:58:15.918,52.4200,100
43095918655160,11:58:15.918,52.4200,12
43095918655160,11:58:15.918,52.4200,100
43095918655160,11:58:15.918,52.4200,300
43095919863419,11:58:15.919,52.4200,100
43161355714799,11:59:21.355,52.4200,100
43161355714799,11:59:21.355,52.4200,100
43163010929447,11:59:23.010,52.4100,200
43166111721695,11:59:26.111,52.4000,100
43166111721695,11:59:26.111,52.4000,286
43179146838190,11:59:39.146,52.4050,100
43179146838190,11:59:39.146,52.4000,100
43179146838190,11:59:39.146,52.4000,100
43179146838190,11:59:39.146,52.4000,100
43179146838190,11:59:39.146,52.4000,100
43179146838190,11:59:39.146,52.4000,30
43179146838190,11:59:39.146,52.4000,100
43179146838190,11:59:39.146,52.4000,47
43186324216390,11:59:46.324,52.4000,100
43186324312473,11:59:46.324,52.4000,100
43193511141848,11:59:53.511,52.4100,99
43193511175113,11:59:53.511,52.4100,1
43193511175113,11:59:53.511,52.4100,100
43193511175113,11:59:53.511,52.4100,99
43193511218729,11:59:53.511,52.4100,1
43193511587239,11:59:53.511,52.4100,100
43193511587239,11:59:53.511,52.4100,100
43193569193837,11:59:53.569,52.4100,6
43193569226793,11:59:53.569,52.4100,94
43201344640778,12:00:01.344,52.4000,100
43201344640778,12:00:01.344,52.4000,100
43201344640778,12:00:01.344,52.4000,100
43201344640778,12:00:01.344,52.4000,100
43201344640778,12:00:01.344,52.4000,100
43229343071422,12:00:29.343,52.4000,100
43229343071422,12:00:29.343,52.4000,100
43229343071422,12:00:29.343,52.4000,14
43231058045403,12:00:31.058,52.3900,200
43231058045403,12:00:31.058,52.3900,100
43231058045403,12:00:31.058,52.3900,200
43231058045403,12:00:31.058,52.3900,10
43231058045403,12:00:31.058,52.3900,100
43231058045403,12:00:31.058,52.3900,100
43231058045403,12:00:31.058,52.3900,90
43231058081074,12:00:31.058,52.3900,10
43231058254427,12:00:31.058,52.3900,100
43231058290010,12:00:31.058,52.3900,100
43231058637154,12:00:31.058,52.3900,2
43245809620201,12:00:45.809,52.3800,19
43245809793542,12:00:45.809,52.3800,81
43245809793542,12:00:45.809,52.3800,19
43245809803648,12:00:45.809,52.3800,81
43245809803648,12:00:45.809,52.3800,19
43245809813358,12:00:45.809,52.3800,81
43245809813358,12:00:45.809,52.3800,37
43245809844444,12:00:45.809,52.3800,38
43257205792660,12:00:57.205,52.3800,39
43285731509009,12:01:25.731,52.3700,100
43285731509009,12:01:25.731,52.3700,100
43285731509009,12:01:25.731,52.3700,26
43285731583004,12:01:25.731,52.3700,74
43296143443144,12:01:36.143,52.3600,100
43296149115131,12:01:36.149,52.3600,100
43296149115131,12:01:36.149,52.3600,100
43301800634712,12:01:41.800,52.3600,161
43301800634712,12:01:41.800,52.3600,200
43301801037493,12:01:41.801,52.3600,100
43301801063054,12:01:41.801,52.3600,1
43301801097385,12:01:41.801,52.3600,139
43301801120686,12:01:41.801,52.3600,60
43323474247211,12:02:03.474,52.3600,200
43333563707926,12:02:13.563,52.3700,80
43333563741725,12:02:13.563,52.3700,20
43333563741725,12:02:13.563,52.3700,200
43333563741725,12:02:13.563,52.3700,13
43333563741725,12:02:13.563,52.3700,200
43356656593216,12:02:36.656,52.3800,26
43356657304029,12:02:36.657,52.3800,13
43356657495685,12:02:36.657,52.3800,161
43356657495685,12:02:36.657,52.3800,53
43356660215684,12:02:36.660,52.3800,100
43356660536493,12:02:36.660,52.3800,147
43356666640575,12:02:36.666,52.3800,100
43356678307068,12:02:36.678,52.3900,98
43356678307068,12:02:36.678,52.3900,169
43361957615605,12:02:41.957,52.4000,27
43381030150939,12:03:01.030,52.4000,100
43381030487041,12:03:01.030,52.4000,100
43381031655546,12:03:01.031,52.4000,100
43381073394847,12:03:01.073,52.4000,100
43382490631275,12:03:02.490,52.4000,100
43382790942148,12:03:02.790,52.4000,87
43383341026986,12:03:03.341,52.4050,100
43383482372433,12:03:03.482,52.4000,100
43383482372433,12:03:03.482,52.4000,100
43383482372433,12:03:03.482,52.4000,100
43383482372433,12:03:03.482,52.4000,100
43383482372433,12:03:03.482,52.4000,13
43383482372433,12:03:03.482,52.4000,100
43383482372433,12:03:03.482,52.4000,100
43386020203253,12:03:06.020,52.4000,33
43420892965724,12:03:40.892,52.3900,100
43420892965724,12:03:40.892,52.3900,100
43420892965724,12:03:40.892,52.3900,100
43420892965724,12:03:40.892,52.3900,100
43428666597178,12:03:48.666,52.3800,100
43428666951059,12:03:48.666,52.3800,40
43428667378612,12:03:48.667,52.3800,30
43436581303200,12:03:56.581,52.3800,30
43436581303200,12:03:56.581,52.3800,70
43439133500977,12:03:59.133,52.3800,30
43447679134323,12:04:07.679,52.3800,21
43447679417390,12:04:07.679,52.3800,79
43447679417390,12:04:07.679,52.3800,200
43447679434443,12:04:07.679,52.3800,100
43447679908081,12:04:07.679,52.3800,25
43447679971584,12:04:07.679,52.3800,175
