timestamp,time,price,volume
34200582494661,09:30:00.582,0.0000,0
34237294847249,09:30:37.294,81.1700,1
34237295238995,09:30:37.295,81.1600,1
34237295243379,09:30:37.295,81.1500,100
34237453160204,09:30:37.453,81.1500,2
34247100937953,09:30:47.100,81.3600,2
34247264862269,09:30:47.264,81.3600,2
34260937041357,09:31:00.937,81.3400,1
34260937041357,09:31:00.937,81.3500,99
34260937390542,09:31:00.937,81.3500,1
34261712762078,09:31:01.712,81.3500,100
34391873426135,09:33:11.873,81.3100,100
34391873554674,09:33:11.873,81.3100,100
34391873644112,09:33:11.873,81.1300,100
34391873644112,09:33:11.873,81.1300,100
34717276972875,09:38:37.276,80.9200,2
34726037718952,09:38:46.037,80.6000,68
34727493494896,09:38:47.493,80.7200,59
34727493498469,09:38:47.493,80.7200,39
34727493498469,09:38:47.493,80.7400,20
34727493613268,09:38:47.493,80.7400,39
35055100511226,09:44:15.100,80.6000,100
35055100511226,09:44:15.100,80.6000,100
35055100917410,09:44:15.100,80.6000,100
35055103029449,09:44:15.103,80.5400,100
35055104186757,09:44:15.104,80.5400,100
35173311711084,09:46:13.311,80.2800,100
35173311711084,09:46:13.311,80.2800,100
35173312812830,09:46:13.312,80.3800,100
35175828141613,09:46:15.828,80.2700,100
35186959918548,09:46:26.959,80.3200,1
35187099797371,09:46:27.099,80.3200,1
35204796690289,09:46:44.796,80.5100,100
35204798038016,09:46:44.798,80.4500,100
35206538583298,09:46:46.538,80.5600,4
35207466104370,09:46:47.466,80.5600,4
35208224650279,09:46:48.224,80.5800,4
35208224662779,09:46:48.224,80.5800,4
35208224959285,09:46:48.224,80.5800,92
35215495521404,09:46:55.495,80.5400,100
35215495523934,09:46:55.495,80.5400,100
35418255658662,09:50:18.255,80.4000,65
35418256235049,09:50:18.256,80.2400,100
35714043873351,09:55:14.043,79.9200,100
36674145555354,10:11:14.145,80.4500,100
36806812713717,10:13:26.812,80.5800,23
37091686772177,10:18:11.686,80.5600,100
37091692602888,10:18:11.692,80.5300,100
37091694104251,10:18:11.694,80.5100,100
37091694605056,10:18:11.694,80.5100,100
37091694650676,10:18:11.694,80.5100,100
37091694650676,10:18:11.694,80.5100,100
37091696098535,10:18:11.696,80.5100,29
37091862284033,10:18:11.862,80.5400,100
37214308154421,10:20:14.308,80.6300,5
37214308154421,10:20:14.308,80.6400,95
37214308179891,10:20:14.308,80.6400,105
37305273982246,10:21:45.273,80.9400,90
37305273982246,10:21:45.273,80.9400,10
37374885526807,10:22:54.885,80.8500,29
37374885526807,10:22:54.885,80.8500,11
37374885528746,10:22:54.885,80.8500,70
37374885555660,10:22:54.885,80.8500,19
37374885965996,10:22:54.885,80.8100,100
37374886511772,10:22:54.886,80.8000,20
37554574325627,10:25:54.574,80.8000,61
37554574325627,10:25:54.574,80.8000,90
38137617349297,10:35:37.617,80.7900,100
38394169615142,10:39:54.169,80.7900,100
38694373613948,10:44:54.373,81.0300,73
38694376513230,10:44:54.376,81.0400,100
38694376537489,10:44:54.376,81.0400,100
38694377121175,10:44:54.377,81.0600,90
38694377428743,10:44:54.377,81.0600,10
38694377776984,10:44:54.377,81.0600,52
38943235238942,10:49:03.235,81.0300,100
38984875114054,10:49:44.875,80.9100,100
39062106505527,10:51:02.106,80.8300,100
39238781855962,10:53:58.781,80.8300,100
39238781885941,10:53:58.781,80.8300,100
39260655321077,10:54:20.655,80.8200,100
39284013881485,10:54:44.013,80.9800,100
39284013881485,10:54:44.013,81.0000,97
39458918194348,10:57:38.918,80.8600,100
39485907296031,10:58:05.907,80.8700,100
39519325961240,10:58:39.325,80.8200,100
39519325961240,10:58:39.325,80.8200,100
39519328685344,10:58:39.328,80.8500,15
39519328685344,10:58:39.328,80.8600,10
39519328685344,10:58:39.328,80.8700,75
39519329835294,10:58:39.329,80.8700,25
39616793175275,11:00:16.793,80.8500,10
39616793500095,11:00:16.793,80.8400,100
39616793527592,11:00:16.793,80.8400,100
39697281735241,11:01:37.281,81.0600,100
39697281828901,11:01:37.281,81.0600,90
39697401526323,11:01:37.401,81.1000,200
39697401937078,11:01:37.401,81.1000,200
39697402363823,11:01:37.402,81.1000,200
39751229172804,11:02:31.229,81.1900,100
39751687521000,11:02:31.687,81.2400,100
39823206995939,11:03:43.206,81.1600,100
39900961230253,11:05:00.961,81.1500,100
39919760855460,11:05:19.760,81.1900,100
40020662739282,11:07:00.662,81.2000,100
40071219035653,11:07:51.219,81.1700,100
40075669750891,11:07:55.669,81.1600,100
40075670073282,11:07:55.670,81.1600,100
40076377415006,11:07:56.377,81.1500,100
40076377469971,11:07:56.377,81.1400,100
40076377496922,11:07:56.377,81.1400,100
40395129633455,11:13:15.129,81.3100,100
40395140519748,11:13:15.140,81.3200,100
40395403761832,11:13:15.403,81.3600,100
40659977668665,11:17:39.977,81.4000,100
40775660971219,11:19:35.660,81.3800,100
40775660997246,11:19:35.660,81.3800,100
40775660997246,11:19:35.660,81.3800,100
40775661649342,11:19:35.661,81.3600,100
40775661649342,11:19:35.661,81.3600,8
40775673786548,11:19:35.673,81.3600,92
40775673786548,11:19:35.673,81.3600,8
40775673821537,11:19:35.673,81.3600,92
40775673821537,11:19:35.673,81.3600,100
41024445414928,11:23:44.445,81.3000,100
41053743745913,11:24:13.743,81.2900,100
41102479827498,11:25:02.479,81.2400,100
41164366867616,11:26:04.366,81.1300,100
41354211434613,11:29:14.211,81.1300,100
41378788154236,11:29:38.788,81.1200,100
41388209066668,11:29:48.209,81.1100,100
41396100058849,11:29:56.100,81.0800,100
41416638116496,11:30:16.638,81.0400,2
41416638116496,11:30:16.638,81.0200,98
41441600533941,11:30:41.600,81.0000,100
41548226982188,11:32:28.226,80.8500,5
41626562443914,11:33:46.562,80.8600,100
41808331414055,11:36:48.331,81.0200,100
41923077578938,11:38:43.077,80.9200,100
41923231404904,11:38:43.231,80.9000,100
41989384188921,11:39:49.384,80.8700,100
42031102616318,11:40:31.102,80.8100,100
42117647433965,11:41:57.647,80.8000,100
42177172159645,11:42:57.172,80.7900,100
42297669748948,11:44:57.669,80.8100,100
42300856025292,11:45:00.856,80.8100,100
42407056278928,11:46:47.056,80.7800,100
42419210663006,11:46:59.210,80.7700,100
42421611094443,11:47:01.611,80.8100,100
42456508419141,11:47:36.508,80.7700,100
42456508520763,11:47:36.508,80.8100,30
42466610203951,11:47:46.610,80.8100,5
42475599220809,11:47:55.599,80.8400,3
42516245246658,11:48:36.245,80.7800,30
42516245246658,11:48:36.245,80.7300,70
42797197566159,11:53:17.197,80.8000,172
42797197568843,11:53:17.197,80.8000,128
42797197568843,11:53:17.197,80.8200,44
42797197631705,11:53:17.197,80.8200,28
42797197631705,11:53:17.197,80.8200,100
42797197631705,11:53:17.197,80.8200,44
42797197649287,11:53:17.197,80.8200,46
42797227981759,11:53:17.227,80.8000,100
42797228020090,11:53:17.228,80.8000,100
42833422839399,11:53:53.422,80.7200,3
42833423000896,11:53:53.423,80.7200,3
42907457808820,11:55:07.457,80.7200,100
42907459133174,11:55:07.459,80.7100,100
42907459463472,11:55:07.459,80.7000,100
42926256633432,11:55:26.256,80.6500,7
42926256633432,11:55:26.256,80.6500,93
42926256660582,11:55:26.256,80.6500,7
42944941698436,11:55:44.941,80.5100,100
43013496964832,11:56:53.496,80.6700,100
43015607285432,11:56:55.607,80.6800,100
43070295718913,11:57:50.295,80.6400,100
43312104494006,12:01:52.104,80.5800,100
43330282142227,12:02:10.282,80.6500,100
43335312950462,12:02:15.312,80.6600,100
43335313004578,12:02:15.313,80.6600,66
43335313004578,12:02:15.313,80.6600,34
43335317286187,12:02:15.317,80.6800,100
43495670856141,12:04:55.670,80.6300,100
43522971263103,12:05:22.971,80.5800,100
43565113088411,12:06:05.113,80.5800,100
43820231761965,12:10:20.231,80.7000,29
43820232072781,12:10:20.232,80.7000,100
43820232388870,12:10:20.232,80.7000,100
43820233725550,12:10:20.233,80.7000,100
43847040740819,12:10:47.040,80.6000,100
43882345102590,12:11:22.345,80.7100,122
43882345620873,12:11:22.345,80.7400,25
43882345649419,12:11:22.345,80.7400,75
43882345950141,12:11:22.345,80.7400,100
43984851839785,12:13:04.851,80.5900,100
43984853069997,12:13:04.853,80.5900,100
43984853747274,12:13:04.853,80.5900,33
44006850493682,12:13:26.850,80.5900,67
44006850493682,12:13:26.850,80.5900,33
44006850520634,12:13:26.850,80.5900,145
44006852942570,12:13:26.852,80.6200,100
44114738579947,12:15:14.738,80.5900,100
44137520495312,12:15:37.520,80.5600,100
44541150506646,12:22:21.150,80.6700,5
44541152741046,12:22:21.152,80.5700,100
44541152872933,12:22:21.152,80.5700,100
44755725339033,12:25:55.725,80.5300,100
44879680305304,12:27:59.680,80.6400,100
44893435033524,12:28:13.435,80.6100,5
44913405362117,12:28:33.405,80.6000,100
44913405362117,12:28:33.405,80.5900,15
45108680747249,12:31:48.680,80.6000,100
45114976147781,12:31:54.976,80.5900,15
45234954846652,12:33:54.954,80.5900,100
45326734555415,12:35:26.734,80.5600,10
45326734555415,12:35:26.734,80.5600,90
45375105233730,12:36:15.105,80.6000,100
45517409309831,12:38:37.409,80.4400,100
45843977835839,12:44:03.977,80.3500,7
45843977862053,12:44:03.977,80.3500,100
45999662793339,12:46:39.662,80.3100,100
46000244812056,12:46:40.244,80.4100,5
46000244812056,12:46:40.244,80.4200,100
46000244812056,12:46:40.244,80.4200,100
46000246960989,12:46:40.246,80.4800,100
46000483527793,12:46:40.483,80.5200,100
46193486515612,12:49:53.486,80.4800,100
46193488776278,12:49:53.488,80.4500,100
46278693762549,12:51:18.693,80.5500,2
46551088366917,12:55:51.088,80.4600,100
46551105083937,12:55:51.105,80.4300,20
46794677127534,12:59:54.677,80.5300,100
47039998691617,13:03:59.998,80.4200,10
47039998691617,13:03:59.998,80.4200,90
47069731805752,13:04:29.731,80.4100,16
47069731880171,13:04:29.731,80.4000,10
47069732934697,13:04:29.732,80.3800,1
47069756999652,13:04:29.756,80.3700,5
47470435346175,13:11:10.435,80.4500,70
47470435692391,13:11:10.435,80.4500,30
47666545596473,13:14:26.545,80.3900,100
47763502667770,13:16:03.502,80.4000,100
47840072431933,13:17:20.072,80.5100,2
47873257245278,13:17:53.257,80.5100,3
47916390685855,13:18:36.390,80.4600,100
47916390711643,13:18:36.390,80.4600,100
48033614135914,13:20:33.614,80.4400,5
48033644002928,13:20:33.644,80.4400,100
48142977250645,13:22:22.977,80.3800,100
48142977277906,13:22:22.977,80.3800,100
48143639257305,13:22:23.639,80.4200,100
48264426676140,13:24:24.426,80.3600,100
48264426676140,13:24:24.426,80.3600,100
48264427901383,13:24:24.427,80.3500,7
48274073777883,13:24:34.073,80.3900,100
48274073777883,13:24:34.073,80.3900,100
48274074702089,13:24:34.074,80.3900,100
48274078251609,13:24:34.078,80.3500,100
48274078333317,13:24:34.078,80.3400,10
48274078333317,13:24:34.078,80.3400,90
48274078359743,13:24:34.078,80.3400,10
48274079162499,13:24:34.079,80.3300,10
48274082852494,13:24:34.082,80.3300,100
48274091399060,13:24:34.091,80.3200,10
48280246397101,13:24:40.246,80.3050,100
48327208545674,13:25:27.208,80.3400,100
48327208545674,13:25:27.208,80.3500,100
48362491487415,13:26:02.491,80.2900,100
48483917211682,13:28:03.917,80.3400,15
48483917211682,13:28:03.917,80.3400,85
48585030458204,13:29:45.030,80.2700,100
48585030762595,13:29:45.030,80.2700,100
48597366707983,13:29:57.366,80.3100,100
48667046523078,13:31:07.046,80.3200,10
48757440993133,13:32:37.440,80.3100,41
48757972755824,13:32:37.972,80.3000,100
48758399804362,13:32:38.399,80.3100,59
48758399804362,13:32:38.399,80.3100,41
48758399834719,13:32:38.399,80.3100,59
48758399840300,13:32:38.399,80.3100,59
48759066310080,13:32:39.066,80.2800,100
48759261543702,13:32:39.261,80.3000,100
48817179809997,13:33:37.179,80.2600,100
48817179809997,13:33:37.179,80.2600,2
48818705011194,13:33:38.705,80.2650,100
48844841905685,13:34:04.841,80.2300,100
48908044798054,13:35:08.044,80.2100,7
48908044798054,13:35:08.044,80.2100,10
49018279175930,13:36:58.279,80.2000,1
49127704850173,13:38:47.704,80.1700,5
49225605010076,13:40:25.605,80.2150,100
49225605010076,13:40:25.605,80.2400,100
49225605090990,13:40:25.605,80.2400,17
49225605214433,13:40:25.605,80.2400,83
49310778966110,13:41:50.778,80.2300,100
49322885305323,13:42:02.885,80.2100,30
49340322743695,13:42:20.322,80.1700,100
49340322743695,13:42:20.322,80.1600,10
49340322743695,13:42:20.322,80.1600,100
49340324004044,13:42:20.324,80.1500,5
49340324004044,13:42:20.324,80.1500,15
49365388768590,13:42:45.388,80.2000,30
49365389015655,13:42:45.389,80.1700,10
49365389015655,13:42:45.389,80.1500,100
49365402105167,13:42:45.402,80.1400,10
49373671591819,13:42:53.671,80.1400,100
49463663346458,13:44:23.663,80.1400,100
49534790323088,13:45:34.790,80.1600,100
49534796233926,13:45:34.796,80.1300,2
49534796233926,13:45:34.796,80.1300,18
49534796233926,13:45:34.796,80.1300,80
49589144629167,13:46:29.144,80.1650,100
49589144681785,13:46:29.144,80.1900,100
49589149971472,13:46:29.149,80.2000,10
49589149976864,13:46:29.149,80.2000,20
49589150097391,13:46:29.150,80.2000,70
49590447440206,13:46:30.447,80.1500,100
49627501461891,13:47:07.501,80.1900,100
49627501461891,13:47:07.501,80.1800,100
49719476294041,13:48:39.476,80.1400,100
49814277791529,13:50:14.277,80.1500,100
49814280739032,13:50:14.280,80.1300,20
49814281110965,13:50:14.281,80.1000,9
49814281110965,13:50:14.281,80.1000,1
49862958287457,13:51:02.958,80.1400,200
50008527861531,13:53:28.527,80.1900,56
50008527886066,13:53:28.527,80.1900,44
50269788880923,13:57:49.788,80.1300,100
50272689605653,13:57:52.689,80.0900,9
50272689605653,13:57:52.689,80.0900,100
50272689605653,13:57:52.689,80.0900,91
50288990432919,13:58:08.990,80.1150,100
50300747882244,13:58:20.747,80.1400,100
50300747882244,13:58:20.747,80.1400,100
50300747904100,13:58:20.747,80.1400,100
50316493414929,13:58:36.493,80.1000,100
50353362278564,13:59:13.362,80.1450,100
50402690704395,14:00:02.690,80.1200,100
50402703233645,14:00:02.703,80.1550,100
50405724474204,14:00:05.724,80.1450,100
50407238461038,14:00:07.238,80.1500,100
50409001301945,14:00:09.001,80.1500,100
50409109915295,14:00:09.109,80.1900,100
50414576150536,14:00:14.576,80.2600,100
50414576150536,14:00:14.576,80.2500,100
50414576150536,14:00:14.576,80.2500,46
50414576150536,14:00:14.576,80.2500,100
50414577425700,14:00:14.577,80.2500,100
50414577425700,14:00:14.577,80.2500,141
50414578003028,14:00:14.578,80.1900,100
50414578897073,14:00:14.578,80.1500,100
50414583235418,14:00:14.583,80.3100,15
50415729380026,14:00:15.729,80.2700,100
50415729895094,14:00:15.729,80.2200,100
50418557951923,14:00:18.557,80.1500,100
50418557951923,14:00:18.557,80.1500,100
50460255161201,14:01:00.255,80.1650,400
50460772687092,14:01:00.772,80.1650,100
50464960463380,14:01:04.960,80.1650,100
50464961674889,14:01:04.961,80.2100,100
50471390257518,14:01:11.390,80.1200,71
50471391599169,14:01:11.391,80.1200,29
50471391599169,14:01:11.391,80.1200,11
50471392933264,14:01:11.392,80.1200,26
50490573417060,14:01:30.573,80.1600,100
50490573417060,14:01:30.573,80.1500,100
50538257157100,14:02:18.257,80.1400,100
50538257220414,14:02:18.257,80.1400,100
50538257679988,14:02:18.257,80.1400,36
50538257865063,14:02:18.257,80.1400,64
50553954868722,14:02:33.954,80.2400,2
50553954871622,14:02:33.954,80.2400,40
50554595930254,14:02:34.595,80.1800,100
50554595930254,14:02:34.595,80.1700,100
50554596032605,14:02:34.596,80.2100,17
50554596556010,14:02:34.596,80.1700,17
50576655347669,14:02:56.655,80.2100,5
50584662676852,14:03:04.662,80.1500,100
50584662676852,14:03:04.662,80.1500,100
50675670941030,14:04:35.670,80.2200,16
50675670941030,14:04:35.670,80.2400,42
50675670990146,14:04:35.670,80.2400,16
50675671524545,14:04:35.671,80.2000,100
50676746426359,14:04:36.746,80.2400,28
50676746437752,14:04:36.746,80.1700,1
50683760701342,14:04:43.760,80.2200,100
50695000246886,14:04:55.000,80.2200,20
50695000246886,14:04:55.000,80.2200,12
50695000246886,14:04:55.000,80.2200,20
50765442496706,14:06:05.442,80.3700,100
50765443147962,14:06:05.443,80.3700,100
50810492542561,14:06:50.492,80.5200,100
50810492706181,14:06:50.492,80.5200,100
50812959110874,14:06:52.959,80.5900,100
50812959110874,14:06:52.959,80.5900,100
50962964378547,14:09:22.964,80.6600,10
50962964482992,14:09:22.964,80.6800,10
50992323262938,14:09:52.323,80.5900,100
50992323698775,14:09:52.323,80.5800,50
50992323795626,14:09:52.323,80.5800,50
50992323795626,14:09:52.323,80.5600,100
50992324219169,14:09:52.324,80.5600,10
50992324406510,14:09:52.324,80.5600,10
50992324993535,14:09:52.324,80.5600,10
51075726579314,14:11:15.726,80.6300,100
51075726615712,14:11:15.726,80.6300,200
51075726658775,14:11:15.726,80.6300,200
51075727136570,14:11:15.727,80.6650,100
51131442626104,14:12:11.442,80.7100,100
51132749852381,14:12:12.749,80.7100,100
51147590454026,14:12:27.590,80.6600,8
51154754962308,14:12:34.754,80.6500,100
51154773080045,14:12:34.773,80.6450,400
51162255226890,14:12:42.255,80.6100,100
51214862849979,14:13:34.862,80.6000,100
51225418773839,14:13:45.418,80.6400,10
51225418801676,14:13:45.418,80.6400,90
51257534839607,14:14:17.534,80.6100,188
51257534863207,14:14:17.534,80.6400,5
51300169825701,14:15:00.169,80.5900,200
51300775907053,14:15:00.775,80.5400,100
51300775911451,14:15:00.775,80.5400,100
51301520963955,14:15:01.520,80.5300,100
51311072253406,14:15:11.072,80.5500,1
51311072283233,14:15:11.072,80.5500,94
51311072283233,14:15:11.072,80.5500,100
51336327365671,14:15:36.327,80.5400,100
51336327470009,14:15:36.327,80.5400,100
51407294025947,14:16:47.294,80.6000,100
51408351059823,14:16:48.351,80.6000,100
51408351111969,14:16:48.351,80.6000,100
51425871294499,14:17:05.871,80.6100,1
51425871319227,14:17:05.871,80.6100,99
51425871954322,14:17:05.871,80.6000,100
51442064332648,14:17:22.064,80.6700,10
51549182055493,14:19:09.182,80.6550,200
51654001876856,14:20:54.001,80.6550,100
51663938709733,14:21:03.938,80.6650,100
51699023201152,14:21:39.023,80.6550,100
51699023506177,14:21:39.023,80.6550,100
51699023525807,14:21:39.023,80.6550,100
51699023717577,14:21:39.023,80.6550,100
51699023724987,14:21:39.023,80.6550,100
51699030214477,14:21:39.030,80.6800,100
51699748935153,14:21:39.748,80.6550,100
51699750363124,14:21:39.750,80.6200,63
51699750363124,14:21:39.750,80.6200,37
51699750480796,14:21:39.750,80.6600,24
51699751322619,14:21:39.751,80.6450,100
51832972345860,14:23:52.972,80.6200,24
51832972345860,14:23:52.972,80.6100,1
51832972783937,14:23:52.972,80.5900,21
51832973271084,14:23:52.973,80.5900,2
51832974389411,14:23:52.974,80.5850,100
51838448946289,14:23:58.448,80.6000,100
51916648357836,14:25:16.648,80.6000,100
51938698301351,14:25:38.698,80.6000,100
51938699567871,14:25:38.699,80.6000,100
51938699628268,14:25:38.699,80.6100,3
51938699837341,14:25:38.699,80.6100,97
52309493843158,14:31:49.493,80.5600,100
52309493874517,14:31:49.493,80.5600,100
52309493874517,14:31:49.493,80.5600,100
52309493874517,14:31:49.493,80.5600,100
52309493874517,14:31:49.493,80.5600,1
52381267574361,14:33:01.267,80.5550,100
52389771939488,14:33:09.771,80.5800,200
52389771939488,14:33:09.771,80.5900,69
52471009284197,14:34:31.009,80.5300,5
52471100176503,14:34:31.100,80.5800,21
52498133179016,14:34:58.133,80.5800,33
52499943637137,14:34:59.943,80.5800,33
52499943714727,14:34:59.943,80.5800,67
52499953305228,14:34:59.953,80.5600,30
52499953305228,14:34:59.953,80.5600,30
52519546273271,14:35:19.546,80.5800,2
52520422543231,14:35:20.422,80.5900,31
52526345348753,14:35:26.345,80.6000,200
52526345352051,14:35:26.345,80.6000,200
52526350395022,14:35:26.350,80.5500,100
52526350606103,14:35:26.350,80.5500,100
52526350734924,14:35:26.350,80.5500,25
52526350734924,14:35:26.350,80.5500,20
52527462489061,14:35:27.462,80.5400,100
52527462772368,14:35:27.462,80.5200,100
52572326416117,14:36:12.326,80.4700,100
52646793604019,14:37:26.793,80.5500,16
52740189406334,14:39:00.189,80.6000,100
52762476874826,14:39:22.476,80.6400,9
52961434765283,14:42:41.434,80.5700,100
52961434800377,14:42:41.434,80.5700,22
52961434812916,14:42:41.434,80.5700,22
52961435237670,14:42:41.435,80.5700,78
52966728285396,14:42:46.728,80.6000,100
52996118769236,14:43:16.118,80.5500,100
53034662151601,14:43:54.662,80.5800,100
53034662672068,14:43:54.662,80.6000,9
53034692277847,14:43:54.692,80.6000,40
53034692306688,14:43:54.692,80.6000,51
53034692306688,14:43:54.692,80.6000,100
53216223045641,14:46:56.223,80.6400,6
53216227327625,14:46:56.227,80.6100,100
53228183106393,14:47:08.183,80.6500,8
53526674835527,14:52:06.674,80.7600,39
53526675452972,14:52:06.675,80.7600,61
53532049064827,14:52:12.049,80.7000,100
53597980149114,14:53:17.980,80.6900,100
53597980149114,14:53:17.980,80.6900,72
53597980178935,14:53:17.980,80.6900,28
53730408867547,14:55:30.408,80.6700,100
53730409715849,14:55:30.409,80.6400,100
53730409715849,14:55:30.409,80.6400,100
53730410173566,14:55:30.410,80.6300,42
53730410957048,14:55:30.410,80.6300,58
53789811568098,14:56:29.811,80.6300,5
53789819927613,14:56:29.819,80.6500,95
53804657667778,14:56:44.657,80.6500,200
53911062922577,14:58:31.062,80.6500,193
53911062922577,14:58:31.062,80.6800,107
53911063102622,14:58:31.063,80.6800,93
53911063102622,14:58:31.063,80.6800,5
53914666096785,14:58:34.666,80.6300,50
53956068827792,14:59:16.068,80.6550,100
53970755262654,14:59:30.755,80.6800,12
54078938346163,15:01:18.938,80.6600,100
54117276386341,15:01:57.276,80.6300,2
54117276412403,15:01:57.276,80.6200,10
54117276412403,15:01:57.276,80.6200,1
54120731928157,15:02:00.731,80.6200,100
54215901879753,15:03:35.901,80.6300,61
54257024348295,15:04:17.024,80.6200,61
54307711730757,15:05:07.711,80.6000,5
54307712181062,15:05:07.712,80.5800,100
54310130953786,15:05:10.130,80.5700,6
54310130979735,15:05:10.130,80.5700,4
54372868274617,15:06:12.868,80.5800,11
54502531661460,15:08:22.531,80.5700,100
54502531756244,15:08:22.531,80.5600,42
54502531907365,15:08:22.531,80.5600,58
54502532276438,15:08:22.532,80.5600,5
54546590183230,15:09:06.590,80.5500,1
54546590183230,15:09:06.590,80.5500,58
54546590209732,15:09:06.590,80.5500,42
54547573550448,15:09:07.573,80.5600,100
54547573550448,15:09:07.573,80.5600,5
54600203605820,15:10:00.203,80.5400,10
54600203605820,15:10:00.203,80.5400,90
54600203633254,15:10:00.203,80.5400,10
54600203633254,15:10:00.203,80.5400,10
54600203687008,15:10:00.203,80.5400,20
54600204057280,15:10:00.204,80.5400,20
54600204463683,15:10:00.204,80.5400,29
54606039495919,15:10:06.039,80.5300,100
54609631950838,15:10:09.631,80.5100,1
54609631950838,15:10:09.631,80.5100,9
54609631950838,15:10:09.631,80.5100,7
54616452396877,15:10:16.452,80.5500,100
54625625982934,15:10:25.625,80.5800,100
54625625982934,15:10:25.625,80.5800,100
54784814298313,15:13:04.814,80.5800,5
54784814336217,15:13:04.814,80.6000,100
54784814381806,15:13:04.814,80.6200,80
54927296548807,15:15:27.296,80.6200,100
54927298212012,15:15:27.298,80.6100,100
54927298212012,15:15:27.298,80.6100,100
54930032713510,15:15:30.032,80.5900,100
54987022787095,15:16:27.022,80.5700,100
55043923926258,15:17:23.923,80.5500,32
55043923961806,15:17:23.923,80.5500,68
55052500186721,15:17:32.500,80.5400,100
55052500206273,15:17:32.500,80.5300,47
55052500232733,15:17:32.500,80.5300,53
55052500288725,15:17:32.500,80.5200,100
55052500290535,15:17:32.500,80.5200,100
55181807509184,15:19:41.807,80.5600,10
55181808210957,15:19:41.808,80.5600,90
55181808210957,15:19:41.808,80.5600,1
55181808210957,15:19:41.808,80.5600,100
55186994136233,15:19:46.994,80.5600,100
55186995287472,15:19:46.995,80.5700,100
55186995346094,15:19:46.995,80.5700,100
55187503470410,15:19:47.503,80.5900,100
55187504932645,15:19:47.504,80.5900,100
55301938525792,15:21:41.938,80.6000,24
55301938525792,15:21:41.938,80.6000,100
55301938525792,15:21:41.938,80.6000,58
55301938602642,15:21:41.938,80.5900,100
55301938602642,15:21:41.938,80.5900,100
55301939018900,15:21:41.939,80.5800,100
55301939018900,15:21:41.939,80.5800,100
55340326540806,15:22:20.326,80.5700,100
55340326540806,15:22:20.326,80.5700,2
55429537403608,15:23:49.537,80.5400,24
55429537432634,15:23:49.537,80.5400,76
55438045818916,15:23:58.045,80.5200,100
55506597389441,15:25:06.597,80.5250,100
55592167856593,15:26:32.167,80.5250,100
55611112848649,15:26:51.112,80.5300,5
55664614681299,15:27:44.614,80.5100,64
55664790656506,15:27:44.790,80.4800,5
55664790656506,15:27:44.790,80.4800,200
55682704900080,15:28:02.704,80.5000,56
55682704919046,15:28:02.704,80.4800,100
55682704919046,15:28:02.704,80.5000,44
55682704919046,15:28:02.704,80.5000,51
55682704927594,15:28:02.704,80.5000,17
55682704977236,15:28:02.704,80.5000,44
55682705009799,15:28:02.705,80.5000,100
55682705085153,15:28:02.705,80.5000,100
55682739071995,15:28:02.739,80.5000,100
55682739099617,15:28:02.739,80.5000,6
55690727258424,15:28:10.727,80.5100,72
55709335674285,15:28:29.335,80.4400,21
55709336151302,15:28:29.336,80.4400,100
55709337315350,15:28:29.337,80.4400,25
55802021323232,15:30:02.021,80.4000,15
55802021339755,15:30:02.021,80.4000,10
55802021339755,15:30:02.021,80.4000,30
55802021345563,15:30:02.021,80.4000,70
55802021345563,15:30:02.021,80.4000,30
55802021367343,15:30:02.021,80.4000,70
55802021367343,15:30:02.021,80.4000,30
55802021525040,15:30:02.021,80.4000,70
55812055362938,15:30:12.055,80.3700,100
55812307263482,15:30:12.307,80.3800,100
55829446873351,15:30:29.446,80.4000,52
55829446912851,15:30:29.446,80.3850,100
55829446912851,15:30:29.446,80.3900,100
55829446912851,15:30:29.446,80.4000,1
55829447258329,15:30:29.447,80.4000,46
55829447297319,15:30:29.447,80.4000,100
55829447302120,15:30:29.447,80.4000,1
55829447302120,15:30:29.447,80.4000,1
55834677773046,15:30:34.677,80.4100,100
55843862224705,15:30:43.862,80.4000,100
55860191643571,15:31:00.191,80.3900,43
55921601985591,15:32:01.601,80.4400,70
56029387893123,15:33:49.387,80.4100,100
56029388041601,15:33:49.388,80.4100,100
56050095531774,15:34:10.095,80.4100,4
56050095898102,15:34:10.095,80.4100,96
56050095898102,15:34:10.095,80.4100,1
56050096165530,15:34:10.096,80.4000,100
56050096165530,15:34:10.096,80.4000,100
56050096364329,15:34:10.096,80.4100,100
56050096766978,15:34:10.096,80.4200,100
56050096802459,15:34:10.096,80.4100,1
56050096803024,15:34:10.096,80.4200,10
56103501785603,15:35:03.501,80.4400,100
56103501785603,15:35:03.501,80.4400,100
56129835101040,15:35:29.835,80.4400,55
56129835101040,15:35:29.835,80.4400,45
56129835429558,15:35:29.835,80.4400,55
56129835429558,15:35:29.835,80.4400,15
56129835811143,15:35:29.835,80.4400,30
56129837346196,15:35:29.837,80.4200,100
56129837372779,15:35:29.837,80.4200,100
56129837979526,15:35:29.837,80.4200,2
56129848458785,15:35:29.848,80.4300,30
56129848458785,15:35:29.848,80.4300,70
56129853075250,15:35:29.853,80.4100,50
56129853075250,15:35:29.853,80.4100,1
56129853075250,15:35:29.853,80.4100,1
56129853075250,15:35:29.853,80.4100,48
56131422617996,15:35:31.422,80.4100,52
56145806637877,15:35:45.806,80.4000,5
56170081810643,15:36:10.081,80.4000,95
56170081810643,15:36:10.081,80.4000,5
56170081836868,15:36:10.081,80.4000,19
56197254636437,15:36:37.254,80.4000,100
56235830135963,15:37:15.830,80.4000,28
56295857381930,15:38:15.857,80.3950,100
56386604369101,15:39:46.604,80.3900,100
56386604369101,15:39:46.604,80.3900,100
56386604369101,15:39:46.604,80.3900,100
56386605501456,15:39:46.605,80.3900,100
56386795689924,15:39:46.795,80.3900,100
56386826098047,15:39:46.826,80.3800,100
56386826124885,15:39:46.826,80.3800,72
56386826946356,15:39:46.826,80.3800,28
56386826946356,15:39:46.826,80.3800,1
56386829095041,15:39:46.829,80.3800,29
56387896392626,15:39:47.896,80.3800,100
56404737961863,15:40:04.737,80.3800,1
56411969995705,15:40:11.969,80.3750,200
56413731727096,15:40:13.731,80.3700,100
56413731964385,15:40:13.731,80.3700,1
56414078404900,15:40:14.078,80.3600,100
56414078638247,15:40:14.078,80.3600,1
56415071795298,15:40:15.071,80.3600,100
56416936412552,15:40:16.936,80.3600,40
56416936813098,15:40:16.936,80.3600,60
56476548144332,15:41:16.548,80.3800,4
56476548144332,15:41:16.548,80.4000,16
56529771110692,15:42:09.771,80.4200,11
56578716719758,15:42:58.716,80.4100,100
56629044860909,15:43:49.044,80.4400,11
56629045843223,15:43:49.045,80.4300,100
56629045843223,15:43:49.045,80.4300,100
56629098859915,15:43:49.098,80.4300,100
56640642953590,15:44:00.642,80.4300,99
56642545212915,15:44:02.545,80.4300,46
56644033064714,15:44:04.033,80.4300,54
56644033204156,15:44:04.033,80.4200,100
56644033204156,15:44:04.033,80.4200,100
56644034788777,15:44:04.034,80.4200,100
56644035450330,15:44:04.035,80.4100,100
56703033652230,15:45:03.033,80.4200,28
56703033681298,15:45:03.033,80.4200,18
56714514120444,15:45:14.514,80.4250,100
56714514167848,15:45:14.514,80.4400,100
56714514414048,15:45:14.514,80.4400,100
56714515657320,15:45:14.515,80.4100,100
56714516176989,15:45:14.516,80.4000,100
56714516225720,15:45:14.516,80.4000,100
56714520338745,15:45:14.520,80.4000,22
56714529140942,15:45:14.529,80.4000,100
56720818143449,15:45:20.818,80.4000,200
56720818518965,15:45:20.818,80.4000,100
56840308131428,15:47:20.308,80.4850,100
56840308131428,15:47:20.308,80.4900,200
56840308159328,15:47:20.308,80.4900,100
56840308876006,15:47:20.308,80.4900,98
56840309394316,15:47:20.309,80.4900,2
56840309706755,15:47:20.309,80.4900,100
56840309745125,15:47:20.309,80.4900,100
56840310194441,15:47:20.310,80.4800,100
56840310644664,15:47:20.310,80.4800,32
56840310644664,15:47:20.310,80.4800,22
56907963667425,15:48:27.963,80.5050,100
56907963973793,15:48:27.963,80.5200,100
56973443441756,15:49:33.443,80.5900,50
56973443441756,15:49:33.443,80.5900,50
56973443788253,15:49:33.443,80.5900,30
57000509345002,15:50:00.509,80.6000,24
57005373793944,15:50:05.373,80.5900,100
57005373818089,15:50:05.373,80.5900,100
57005374016864,15:50:05.374,80.5900,100
57005632499662,15:50:05.632,80.5800,100
57012873320080,15:50:12.873,80.5800,2
57012874421692,15:50:12.874,80.5700,90
57012874451159,15:50:12.874,80.5700,10
57012874451159,15:50:12.874,80.5700,72
57012874482256,15:50:12.874,80.5800,100
57012874482256,15:50:12.874,80.5700,28
57012874482256,15:50:12.874,80.5700,72
57012874488385,15:50:12.874,80.5700,10
57012874524038,15:50:12.874,80.5700,18
57012874557588,15:50:12.874,80.5700,100
57022477135085,15:50:22.477,80.5500,100
57030337126118,15:50:30.337,80.5000,100
57048541711233,15:50:48.541,80.4600,85
57054450987272,15:50:54.450,80.4600,15
57054450987272,15:50:54.450,80.4600,85
57057833417411,15:50:57.833,80.4600,15
57074521006295,15:51:14.521,80.4550,100
57074521006295,15:51:14.521,80.4600,16
57074521196042,15:51:14.521,80.4600,35
57074521260248,15:51:14.521,80.4550,249
57074521425559,15:51:14.521,80.4550,200
57074521455222,15:51:14.521,80.4550,51
57074521455222,15:51:14.521,80.4600,49
57074521455222,15:51:14.521,80.4600,84
57074521498160,15:51:14.521,80.4600,16
57074521498160,15:51:14.521,80.4600,49
57074521526522,15:51:14.521,80.4600,51
57074522232426,15:51:14.522,80.4600,100
57074522232426,15:51:14.522,80.4600,100
57108241686573,15:51:48.241,80.4500,100
57108241686573,15:51:48.241,80.4500,2
57108241686573,15:51:48.241,80.4500,88
57108241716944,15:51:48.241,80.4500,12
57124117124273,15:52:04.117,80.4100,78
57131498195964,15:52:11.498,80.4100,5
57131498273221,15:52:11.498,80.4100,5
57141201890402,15:52:21.201,80.4100,12
57142202787541,15:52:22.202,80.4150,100
57147481039095,15:52:27.481,80.4000,100
57155924468739,15:52:35.924,80.3600,2
57174867346852,15:52:54.867,80.3700,100
57176373303475,15:52:56.373,80.3600,98
57176373303475,15:52:56.373,80.3600,2
57183900246581,15:53:03.900,80.3700,45
57183900250445,15:53:03.900,80.3700,26
57183900258349,15:53:03.900,80.3700,29
57183900258349,15:53:03.900,80.3700,21
57183900277601,15:53:03.900,80.3700,50
57183900303424,15:53:03.900,80.3700,29
57183900303424,15:53:03.900,80.3700,34
57183900323057,15:53:03.900,80.3700,31
57183900402233,15:53:03.900,80.3700,9
57183900428731,15:53:03.900,80.3650,100
57183900662207,15:53:03.900,80.3700,1
57193515996012,15:53:13.515,80.3700,39
57193518366048,15:53:13.518,80.3650,100
57193518366048,15:53:13.518,80.3650,120
57196133087219,15:53:16.133,80.3700,20
57196133087219,15:53:16.133,80.3700,55
57196133119008,15:53:16.133,80.3650,145
57200574158836,15:53:20.574,80.3600,98
57200574158836,15:53:20.574,80.3600,100
57200574158836,15:53:20.574,80.3600,11
57200574162669,15:53:20.574,80.3600,89
57200579046707,15:53:20.579,80.3400,13
57300173929004,15:55:00.173,80.3200,100
57310450226341,15:55:10.450,80.3250,120
57315417336115,15:55:15.417,80.3350,100
57330579498987,15:55:30.579,80.3400,100
57330579498987,15:55:30.579,80.3500,355
57330579498987,15:55:30.579,80.3600,45
57330582614840,15:55:30.582,80.3600,255
57330582614840,15:55:30.582,80.3600,100
57330582614840,15:55:30.582,80.3600,45
57331842433544,15:55:31.842,80.3600,55
57335684902421,15:55:35.684,80.3550,100
57387115174850,15:56:27.115,80.3550,100
57387115174850,15:56:27.115,80.3600,12
57387115174850,15:56:27.115,80.3600,12
57387115242261,15:56:27.115,80.3600,88
57387115242261,15:56:27.115,80.3600,12
57387119615187,15:56:27.119,80.3600,100
57416504112868,15:56:56.504,80.5100,5
57416504398478,15:56:56.504,80.5100,5
57416751901394,15:56:56.751,80.5100,5
57416751940724,15:56:56.751,80.5100,5
57433163679495,15:57:13.163,80.5350,100
57433163764491,15:57:13.163,80.5400,1
57433163794034,15:57:13.163,80.5400,99
57439504823995,15:57:19.504,80.5400,100
57442760526084,15:57:22.760,80.5450,100
57447808808254,15:57:27.808,80.5700,92
57447808868935,15:57:27.808,80.5700,8
57456623186219,15:57:36.623,80.5500,100
57457626099842,15:57:37.626,80.5500,100
57477270213149,15:57:57.270,80.5500,1
57477270213149,15:57:57.270,80.5500,6
57477271323863,15:57:57.271,80.5400,1
57477909181509,15:57:57.909,80.5300,100
57477909209891,15:57:57.909,80.5300,100
57543635633626,15:59:03.635,80.5050,60
57544357082411,15:59:04.357,80.5200,100
57571317839192,15:59:31.317,80.5300,4
57575068065796,15:59:35.068,80.5800,89
57582273706638,15:59:42.273,80.5600,42
57588709877183,15:59:48.709,80.5700,42
57588709877183,15:59:48.709,80.5800,58
57590040558019,15:59:50.040,80.5600,70
57590139826687,15:59:50.139,80.5600,12
57600747253666,16:00:00.747,0.0000,0
