timestamp,time,price,volume
34200701873653,09:30:00.701,0.0000,0
34236003643943,09:30:36.003,38.6200,100
34652473698773,09:37:32.473,38.7100,1
34655941359201,09:37:35.941,38.5800,5
34715022903100,09:38:35.022,38.6900,1
35000203014839,09:43:20.203,38.6300,1
35117731745306,09:45:17.731,38.5300,100
35117731794211,09:45:17.731,38.5600,100
35288235385098,09:48:08.235,38.5300,2
35388007856235,09:49:48.007,38.4900,100
35616134159722,09:53:36.134,38.5100,1
36166716325774,10:02:46.716,38.4000,52
36166761843427,10:02:46.761,38.4000,48
36166762047896,10:02:46.762,38.3900,100
36167025813581,10:02:47.025,38.3900,20
36206109500842,10:03:26.109,38.4100,100
36206109615472,10:03:26.109,38.4100,100
36206109615472,10:03:26.109,38.4100,13
36209269501973,10:03:29.269,38.4100,80
36244405634764,10:04:04.405,38.4700,5
36278023437926,10:04:38.023,38.4500,1
36289079952988,10:04:49.079,38.4000,137
36289524515742,10:04:49.524,38.3400,100
36289524515742,10:04:49.524,38.3300,100
36289524893747,10:04:49.524,38.3400,100
36289530203891,10:04:49.530,38.3300,100
36296067716501,10:04:56.067,38.2800,100
36296067716501,10:04:56.067,38.2800,100
36296067716501,10:04:56.067,38.2700,100
36296068300703,10:04:56.068,38.2700,37
36502514086145,10:08:22.514,38.6200,2
36662722916098,10:11:02.722,38.6100,40
36730319131919,10:12:10.319,38.6600,5
36749346323418,10:12:29.346,38.6100,100
36790491211574,10:13:10.491,38.6500,1
36896325777501,10:14:56.325,38.6800,5
37109772557552,10:18:29.772,38.6700,2
37142834055368,10:19:02.834,38.6600,115
37239401509735,10:20:39.401,38.6800,3
37255680504999,10:20:55.680,38.6600,100
37395346179327,10:23:15.346,38.6900,5
37396848507798,10:23:16.848,38.6900,1
37535152347167,10:25:35.152,38.7100,5
37699745963889,10:28:19.745,38.7100,2
37703159738855,10:28:23.159,38.7100,5
38033774741555,10:33:53.774,38.7800,5
38033774765897,10:33:53.774,38.7800,40
38033774765897,10:33:53.774,38.7800,45
38199582005601,10:36:39.582,38.7800,5
38215671419088,10:36:55.671,38.7900,100
38218050196792,10:36:58.050,38.8200,100
38236627003467,10:37:16.627,38.7700,10
38236875593842,10:37:16.875,38.7400,100
38292208623143,10:38:12.208,38.7900,2
38341324607400,10:39:01.324,38.8100,4
38341324607400,10:39:01.324,38.8100,100
38355963539097,10:39:15.963,38.8100,100
38355963539097,10:39:15.963,38.8100,10
38597767744188,10:43:17.767,38.8200,5
38620782700823,10:43:40.782,38.8000,5
38748850708443,10:45:48.850,38.7800,100
38748850708443,10:45:48.850,38.7600,10
38781802386015,10:46:21.802,38.7500,90
38833986984413,10:47:13.986,38.7500,7
38833987010526,10:47:13.987,38.7500,5
38885221715884,10:48:05.221,38.7500,89
38914984909723,10:48:34.984,38.7500,2
38958145999022,10:49:18.145,38.7500,9
38958145999022,10:49:18.145,38.7500,55
38958146023942,10:49:18.146,38.7500,45
38960049830137,10:49:20.049,38.7200,100
38960049901976,10:49:20.049,38.7200,100
38960050329181,10:49:20.050,38.7300,100
38960054655942,10:49:20.054,38.7300,100
38964229464066,10:49:24.229,38.7200,50
38964229487919,10:49:24.229,38.7200,50
39011258294222,10:50:11.258,38.7400,5
39036386894742,10:50:36.386,38.7400,1
39096217291706,10:51:36.217,38.7200,8
39096217291706,10:51:36.217,38.7200,200
39096217656382,10:51:36.217,38.7200,23
39112639006225,10:51:52.639,38.7200,4
39112639006225,10:51:52.639,38.7200,100
39173208330784,10:52:53.208,38.7100,19
39173208330784,10:52:53.208,38.7100,11
39176846080456,10:52:56.846,38.6900,100
39191128568480,10:53:11.128,38.7000,5
39204539002042,10:53:24.539,38.7000,6
39204539204138,10:53:24.539,38.6900,22
39204539995191,10:53:24.539,38.6900,100
39204539995191,10:53:24.539,38.6800,100
39204540022010,10:53:24.540,38.6800,100
39204540292000,10:53:24.540,38.6800,100
39204613016227,10:53:24.613,38.6800,100
39208551579183,10:53:28.551,38.6700,20
39209336884230,10:53:29.336,38.6600,24
39209626531807,10:53:29.626,38.6500,207
39209626531807,10:53:29.626,38.6500,93
39210236996789,10:53:30.236,38.6500,7
39215045864888,10:53:35.045,38.6300,100
39242360140118,10:54:02.360,38.7000,100
39242360140118,10:54:02.360,38.7000,100
39242363380876,10:54:02.363,38.6900,4
39243569370399,10:54:03.569,38.7200,130
39243569394118,10:54:03.569,38.7200,70
39244970941012,10:54:04.970,38.7200,100
39244978992888,10:54:04.978,38.7200,5
39245124922059,10:54:05.124,38.7100,100
39245130413068,10:54:05.130,38.7100,204
39365482760776,10:56:05.482,38.7600,100
39437603145322,10:57:17.603,38.7900,23
39502789456083,10:58:22.789,38.8200,2
39592056427989,10:59:52.056,38.7900,1
39592056434169,10:59:52.056,38.7900,1
39613295697674,11:00:13.295,38.8100,4
39787516352583,11:03:07.516,38.8600,1
39801869487652,11:03:21.869,38.8300,100
39802332358692,11:03:22.332,38.7900,100
39804986327271,11:03:24.986,38.8100,61
40008516449487,11:06:48.516,38.8400,4
40037253868162,11:07:17.253,38.8100,95
40037253895817,11:07:17.253,38.8100,12
40037254719964,11:07:17.254,38.8100,94
40037254719964,11:07:17.254,38.8100,9
40037255234903,11:07:17.255,38.8000,52
40037257183777,11:07:17.257,38.8000,5
40062606668576,11:07:42.606,38.7900,27
40062691279065,11:07:42.691,38.7900,100
40069605905647,11:07:49.605,38.8000,5
40180370742306,11:09:40.370,38.8300,100
40180370782984,11:09:40.370,38.8100,3
40180370782984,11:09:40.370,38.8100,100
40181198822651,11:09:41.198,38.7900,11
40181199413888,11:09:41.199,38.7900,27
40181200953305,11:09:41.200,38.7900,27
40188272242662,11:09:48.272,38.7600,100
40235678589192,11:10:35.678,38.7800,107
40241954038055,11:10:41.954,38.7800,100
40296276980469,11:11:36.276,38.7600,203
40296276980469,11:11:36.276,38.7600,13
40296278127790,11:11:36.278,38.7600,100
40296278568737,11:11:36.278,38.7600,15
40297533774196,11:11:37.533,38.7400,100
40333039399705,11:12:13.039,38.7700,50
40333039424362,11:12:13.039,38.7700,50
40344215251192,11:12:24.215,38.7800,4
40354542896389,11:12:34.542,38.8000,98
40393586862982,11:13:13.586,38.7900,6
40402406805729,11:13:22.406,38.7800,14
40410392813485,11:13:30.392,38.8100,2
40528797244927,11:15:28.797,38.7800,100
40528797333297,11:15:28.797,38.7800,4
40528797475496,11:15:28.797,38.7800,8
40528797475496,11:15:28.797,38.7800,158
40528797485975,11:15:28.797,38.7800,42
40528897246740,11:15:28.897,38.7400,100
40531367731036,11:15:31.367,38.7400,2
40531367761370,11:15:31.367,38.7400,26
40531372880644,11:15:31.372,38.7400,52
40534102421803,11:15:34.102,38.7300,23
40534103203052,11:15:34.103,38.7300,77
40534133245828,11:15:34.133,38.7300,100
40563056670247,11:16:03.056,38.7500,5
40564718480064,11:16:04.718,38.7700,4
40564718480064,11:16:04.718,38.7700,100
40568546375293,11:16:08.546,38.7800,2
40643616960069,11:17:23.616,38.7700,18
40643618376276,11:17:23.618,38.7500,100
40702280403205,11:18:22.280,38.7700,1
40765222795587,11:19:25.222,38.7600,100
40765234437301,11:19:25.234,38.7300,2
40765884369653,11:19:25.884,38.7300,78
40765884369653,11:19:25.884,38.7300,17
40767226225779,11:19:27.226,38.7000,100
40896762529380,11:21:36.762,38.7500,7
40930113289456,11:22:10.113,38.7400,30
40930113557408,11:22:10.113,38.7300,6
40930113646888,11:22:10.113,38.7300,94
40930113646888,11:22:10.113,38.7300,100
40930113646888,11:22:10.113,38.7300,6
40930113795151,11:22:10.113,38.7300,30
40930141651361,11:22:10.141,38.7300,1
40930141651361,11:22:10.141,38.7200,99
40930370962653,11:22:10.370,38.7100,100
40932628663639,11:22:12.628,38.7000,14
40932628663639,11:22:12.628,38.7000,86
40932630183432,11:22:12.630,38.7000,18
40960012273569,11:22:40.012,38.6800,132
40960012273569,11:22:40.012,38.6800,18
41014661812164,11:23:34.661,38.7000,6
41028209847497,11:23:48.209,38.7200,5
41059063455682,11:24:19.063,38.7000,20
41275397206719,11:27:55.397,38.7200,1
41400152774123,11:30:00.152,38.7000,100
41451076800369,11:30:51.076,38.6700,100
41506878627328,11:31:46.878,38.6900,100
41633393420344,11:33:53.393,38.7200,3
41795037359848,11:36:35.037,38.6800,2
41795037359848,11:36:35.037,38.6800,98
41795037384885,11:36:35.037,38.6800,2
41795042878429,11:36:35.042,38.6800,100
41795042934008,11:36:35.042,38.6800,100
41795042942054,11:36:35.042,38.6800,10
41795042942054,11:36:35.042,38.6800,90
41795970377510,11:36:35.970,38.6800,10
41909366088863,11:38:29.366,38.6600,200
41909366115086,11:38:29.366,38.6600,4
41909366115086,11:38:29.366,38.6600,5
41909366115086,11:38:29.366,38.6600,1
42033170169537,11:40:33.170,38.6300,7
42033233448679,11:40:33.233,38.6300,100
42133777809228,11:42:13.777,38.6600,23
42182862529094,11:43:02.862,38.6800,2
42316964392145,11:45:16.964,38.6900,5
42317330795110,11:45:17.330,38.7100,45
42352122344986,11:45:52.122,38.6700,100
42352122435996,11:45:52.122,38.6700,2
42488989612865,11:48:08.989,38.7000,1
42575718224921,11:49:35.718,38.7000,100
42612931605324,11:50:12.931,38.6700,52
42612931676508,11:50:12.931,38.6700,48
42612931676508,11:50:12.931,38.6700,40
42612931743550,11:50:12.931,38.6700,52
42612931866962,11:50:12.931,38.6700,73
42612931872918,11:50:12.931,38.6700,35
42851040253096,11:54:11.040,38.6700,100
42851043136502,11:54:11.043,38.6600,100
43079171124830,11:57:59.171,38.6400,5
43079171620444,11:57:59.171,38.6400,100
43108059420712,11:58:28.059,38.6400,100
43108060585055,11:58:28.060,38.6300,92
43108060585055,11:58:28.060,38.6200,8
43108061075749,11:58:28.061,38.6200,92
43154147772818,11:59:14.147,38.6400,45
43213283636740,12:00:13.283,38.6400,1
43213284377140,12:00:13.284,38.6400,99
43245812677266,12:00:45.812,38.6000,7
43245813136688,12:00:45.813,38.6000,6
43536755007265,12:05:36.755,38.7000,5
43536755007265,12:05:36.755,38.7000,2
43563421892086,12:06:03.421,38.6800,100
43566494134676,12:06:06.494,38.6800,100
43566497304680,12:06:06.497,38.6800,99
43566497534465,12:06:06.497,38.6800,1
43568530477613,12:06:08.530,38.6600,100
43994709750522,12:13:14.709,38.7600,2
44068111172301,12:14:28.111,38.7500,100
44068112375993,12:14:28.112,38.7500,2
44068141741554,12:14:28.141,38.7500,12
44068141811988,12:14:28.141,38.7500,11
44068141811988,12:14:28.141,38.7400,13
44068141837532,12:14:28.141,38.7400,11
44259792891761,12:17:39.792,38.7600,100
44281702267462,12:18:01.702,38.7600,100
44281702744768,12:18:01.702,38.7500,29
44282785210639,12:18:02.785,38.7300,4
44282786065405,12:18:02.786,38.7300,52
44282786681779,12:18:02.786,38.7300,44
44282787256089,12:18:02.787,38.7300,10
44282790684491,12:18:02.790,38.7400,90
44341782199294,12:19:01.782,38.7100,100
44365403328116,12:19:25.403,38.7400,100
44366254112168,12:19:26.254,38.7400,100
44366848226958,12:19:26.848,38.7400,100
44366848226958,12:19:26.848,38.7400,100
44366848275363,12:19:26.848,38.7400,4
44366848286603,12:19:26.848,38.7400,1
44603270979032,12:23:23.270,38.7500,2
44777589653100,12:26:17.589,38.7500,98
44900106002606,12:28:20.106,38.7500,5
44900106279927,12:28:20.106,38.7500,59
44900106319263,12:28:20.106,38.7500,29
44900991970652,12:28:20.991,38.7800,1
44996985080169,12:29:56.985,38.7200,100
44996985080169,12:29:56.985,38.7200,200
45036245461653,12:30:36.245,38.7500,5
45037185035406,12:30:37.185,38.7500,100
45217158386271,12:33:37.158,38.7300,10
45217160089265,12:33:37.160,38.7100,1
45217160704305,12:33:37.160,38.7100,30
45217813465146,12:33:37.813,38.6900,100
45217813492607,12:33:37.813,38.6900,100
45217813492607,12:33:37.813,38.6900,3
45498993265212,12:38:18.993,38.6900,2
45498993289193,12:38:18.993,38.6900,98
45519826798136,12:38:39.826,38.7000,2
45692188539955,12:41:32.188,38.6900,200
45708569688157,12:41:48.569,38.6900,27
45708569688842,12:41:48.569,38.6900,27
45708570818297,12:41:48.570,38.6900,46
45708594359185,12:41:48.594,38.6700,100
45708611401370,12:41:48.611,38.6700,100
46254984050246,12:50:54.984,38.7000,100
46254984089076,12:50:54.984,38.7000,84
46408467148549,12:53:28.467,38.7200,1
46423213832778,12:53:43.213,38.6800,100
46423214135177,12:53:43.214,38.6700,100
46423367942245,12:53:43.367,38.6700,8
46436189551123,12:53:56.189,38.6700,5
46535372252925,12:55:35.372,38.6500,20
46535372763201,12:55:35.372,38.6500,80
46535374938033,12:55:35.374,38.6400,100
46535377185394,12:55:35.377,38.6500,156
46949565932914,13:02:29.565,38.7200,45
46952223497425,13:02:32.223,38.6900,92
47008416618229,13:03:28.416,38.7400,1
47044024781370,13:04:04.024,38.7300,2
47116612505285,13:05:16.612,38.7400,100
47392919636818,13:09:52.919,38.7700,3
47392922883856,13:09:52.922,38.7800,97
47486048053861,13:11:26.048,38.7400,100
47486048745743,13:11:26.048,38.7400,5
47837819943066,13:17:17.819,38.6800,18
47837819943066,13:17:17.819,38.6800,100
47837820020358,13:17:17.820,38.6800,100
47837821356349,13:17:17.821,38.6800,100
47848917092347,13:17:28.917,38.6800,100
47889766305785,13:18:09.766,38.6900,2
47953517982671,13:19:13.517,38.6800,96
47953517982671,13:19:13.517,38.6800,3
47956124949263,13:19:16.124,38.6800,8
48014298621673,13:20:14.298,38.6500,100
48014299289417,13:20:14.299,38.6400,100
48014299289417,13:20:14.299,38.6400,100
48164351145550,13:22:44.351,38.6100,33
48164351377160,13:22:44.351,38.6100,41
48164351387502,13:22:44.351,38.6100,26
48502778613761,13:28:22.778,38.6200,2
49087089566246,13:38:07.089,38.6200,2
49275462523130,13:41:15.462,38.6200,96
49275462523130,13:41:15.462,38.6200,2
49275503871264,13:41:15.503,38.6100,1
49275506131818,13:41:15.506,38.5900,79
49279910987411,13:41:19.910,38.5900,20
49400039456669,13:43:20.039,38.6100,1
49681801548473,13:48:01.801,38.5900,2
49764619815667,13:49:24.619,38.5500,24
49873392169334,13:51:13.392,38.5400,100
49873394103512,13:51:13.394,38.5400,100
49984379409471,13:53:04.379,38.5300,16
49984386928613,13:53:04.386,38.5300,5
49995594077632,13:53:15.594,38.5200,27
50005667009558,13:53:25.667,38.5200,33
50008229916080,13:53:28.229,38.5400,1
50112824224618,13:55:12.824,38.5000,11
50202901416226,13:56:42.901,38.5000,27
50202901416226,13:56:42.901,38.5000,5
50228716975167,13:57:08.716,38.4800,30
50238091816029,13:57:18.091,38.4600,200
50238091816029,13:57:18.091,38.4600,100
50238091816029,13:57:18.091,38.4600,33
50253992657015,13:57:33.992,38.4600,67
50287826417345,13:58:07.826,38.5100,1
50351024199170,13:59:11.024,38.4700,13
50408996691734,14:00:08.996,38.5300,16
50408997366639,14:00:08.997,38.5300,78
50408997369322,14:00:08.997,38.5300,6
50423325234095,14:00:23.325,38.4900,100
50423345615175,14:00:23.345,38.4800,100
50423838381270,14:00:23.838,38.4800,20
50426310293809,14:00:26.310,38.5100,60
50426310293809,14:00:26.310,38.5100,40
50617932089556,14:03:37.932,38.5700,2
50625773434932,14:03:45.773,38.5900,45
50787209297509,14:06:27.209,38.7300,5
50804077910752,14:06:44.077,38.6800,100
50814445838820,14:06:54.445,38.6300,100
50883127199264,14:08:03.127,38.7300,1
50884663781604,14:08:04.663,38.6600,87
51001789229191,14:10:01.789,38.6500,20
51001789555080,14:10:01.789,38.6400,132
51001790612462,14:10:01.790,38.6400,20
51001790612462,14:10:01.790,38.6400,20
51001791202946,14:10:01.791,38.6400,29
51001791202946,14:10:01.791,38.6200,12
51001791519718,14:10:01.791,38.6400,29
51001791544204,14:10:01.791,38.6400,71
51004937633712,14:10:04.937,38.6500,2
51040355468700,14:10:40.355,38.5900,2
51063032121909,14:11:03.032,38.6800,100
51063032121909,14:11:03.032,38.6800,1
51094452892613,14:11:34.452,38.7000,130
51094452892613,14:11:34.452,38.7000,100
51094452892613,14:11:34.452,38.7000,132
51094452892613,14:11:34.452,38.7000,138
51094457327937,14:11:34.457,38.6900,100
51109157822026,14:11:49.157,38.7200,204
51109157822026,14:11:49.157,38.7200,130
51109157822026,14:11:49.157,38.7200,66
51193024722474,14:13:13.024,38.7900,34
51193024746521,14:13:13.024,38.7900,66
51193070668401,14:13:13.070,38.8000,100
51193070668401,14:13:13.070,38.8000,100
51193070724952,14:13:13.070,38.8000,30
51193070724952,14:13:13.070,38.8000,24
51195432108868,14:13:15.432,38.8200,2
51222372355959,14:13:42.372,38.7200,30
51222372535267,14:13:42.372,38.7200,70
51256597644408,14:14:16.597,38.7200,100
51256597644408,14:14:16.597,38.7200,100
51256597644408,14:14:16.597,38.7200,100
51279175854983,14:14:39.175,38.7100,100
51279175854983,14:14:39.175,38.7000,62
51279175854983,14:14:39.175,38.7000,68
51295977060218,14:14:55.977,38.6900,100
51295977060218,14:14:55.977,38.6800,100
51295977060218,14:14:55.977,38.6800,100
51295977060218,14:14:55.977,38.6800,32
51342267551083,14:15:42.267,38.7100,100
51342267551083,14:15:42.267,38.7100,100
51342293194256,14:15:42.293,38.6800,27
51342293642492,14:15:42.293,38.6800,100
51382144030729,14:16:22.144,38.7300,100
51382144030729,14:16:22.144,38.7200,70
51382144030729,14:16:22.144,38.7200,132
51382144030729,14:16:22.144,38.7200,98
51474142984319,14:17:54.142,38.7400,15
51482766431279,14:18:02.766,38.8000,1
51510041625964,14:18:30.041,38.7300,30
51510041625964,14:18:30.041,38.7300,18
51510250026913,14:18:30.250,38.7200,100
51514893523721,14:18:34.893,38.7100,10
51514893527633,14:18:34.893,38.7100,8
51515281134387,14:18:35.281,38.7000,100
51515281134387,14:18:35.281,38.7000,100
51515281134387,14:18:35.281,38.6900,32
51582323063229,14:19:42.323,38.7000,132
51582323063229,14:19:42.323,38.7000,100
51582323063229,14:19:42.323,38.7000,100
51582323063229,14:19:42.323,38.7000,68
51582387666725,14:19:42.387,38.6900,100
51582387666725,14:19:42.387,38.6900,100
51582407697302,14:19:42.407,38.7000,100
51582408533310,14:19:42.408,38.7000,100
51597688324868,14:19:57.688,38.6800,4
51597688324868,14:19:57.688,38.6800,96
51631390335365,14:20:31.390,38.6700,200
51631390335365,14:20:31.390,38.6700,100
51631390335365,14:20:31.390,38.6700,131
51631390335365,14:20:31.390,38.6700,99
51782217156929,14:23:02.217,38.7600,131
51782217156929,14:23:02.217,38.7600,69
51782219932605,14:23:02.219,38.7600,100
51782219932605,14:23:02.219,38.7600,100
51782219932605,14:23:02.219,38.7600,100
51782219932605,14:23:02.219,38.7600,95
51782221411625,14:23:02.221,38.7600,5
51782221411625,14:23:02.221,38.7600,100
51782221411625,14:23:02.221,38.7600,100
51782221411625,14:23:02.221,38.7600,100
51893258406399,14:24:53.258,38.7400,39
51893258785366,14:24:53.258,38.7200,52
51893524364977,14:24:53.524,38.7300,100
51907524533871,14:25:07.524,38.7550,100
51921425614772,14:25:21.425,38.7300,100
52008345228410,14:26:48.345,38.7100,32
52008345228410,14:26:48.345,38.7100,68
52075832397957,14:27:55.832,38.7100,1
52075832397957,14:27:55.832,38.7100,32
52075834542529,14:27:55.834,38.7100,100
52075835301731,14:27:55.835,38.7100,100
52075835636575,14:27:55.835,38.7000,100
52075836104215,14:27:55.836,38.6800,47
52238519955338,14:30:38.519,38.7300,100
52388220839192,14:33:08.220,38.7250,100
52394256472814,14:33:14.256,38.7400,2
52454696874064,14:34:14.696,38.7100,1
52572331434885,14:36:12.331,38.7000,5
52572331434885,14:36:12.331,38.7000,3
52572331480921,14:36:12.331,38.7000,8
52572332593357,14:36:12.332,38.6900,100
52572332943979,14:36:12.332,38.6900,200
52572332943979,14:36:12.332,38.6900,100
52572333055901,14:36:12.333,38.6900,100
52572346416644,14:36:12.346,38.6800,100
52572346416644,14:36:12.346,38.6800,100
52572366031425,14:36:12.366,38.6800,20
52572636379264,14:36:12.636,38.6950,100
52572636489197,14:36:12.636,38.6950,2
52572636489197,14:36:12.636,38.6900,16
52579152003005,14:36:19.152,38.7100,5
52579152003005,14:36:19.152,38.7100,100
52708792003157,14:38:28.792,38.7700,1
52738930008444,14:38:58.930,38.7700,99
53003084035232,14:43:23.084,38.8400,2
53086908588799,14:44:46.908,38.8600,5
53087031204827,14:44:47.031,38.8800,45
53216218364287,14:46:56.218,38.9200,100
53216367859331,14:46:56.367,38.8900,100
53216367998076,14:46:56.367,38.8900,100
53216438834876,14:46:56.438,38.8900,100
53290317119819,14:48:10.317,38.9600,1
53293044402058,14:48:13.044,38.9200,100
53293044402058,14:48:13.044,38.9200,15
53293044402058,14:48:13.044,38.9300,15
53293057142703,14:48:13.057,38.9000,100
53526727575236,14:52:06.727,38.8600,100
53526730244560,14:52:06.730,38.8600,100
53556322099372,14:52:36.322,38.9200,5
53598933821391,14:53:18.933,38.9600,2
53804326808286,14:56:44.326,38.9700,100
53804326890757,14:56:44.326,38.9700,37
53804328365884,14:56:44.328,38.9800,30
53804328365884,14:56:44.328,38.9900,100
53804330267814,14:56:44.330,38.9700,10
53804330269890,14:56:44.330,38.9700,5
53804330390136,14:56:44.330,38.9700,85
53804336973162,14:56:44.336,38.9700,200
53804344551193,14:56:44.344,38.9900,100
53804687012288,14:56:44.687,38.9600,51
53806187626637,14:56:46.187,38.9800,48
53878168608459,14:57:58.168,39.0100,5
53892098960568,14:58:12.098,39.0200,1
53944326531177,14:59:04.326,39.0300,2
54041755288285,15:00:41.755,39.0800,23
54041755288285,15:00:41.755,39.0800,45
54044253112671,15:00:44.253,39.0900,100
54127093070190,15:02:07.093,39.1000,100
54127094684525,15:02:07.094,39.1100,30
54127281439406,15:02:07.281,39.1000,2
54127309227212,15:02:07.309,39.1000,28
54127309227212,15:02:07.309,39.1000,10
54127309227212,15:02:07.309,39.1000,10
54127560859948,15:02:07.560,39.1100,100
54199107812351,15:03:19.107,39.0800,9
54199107854754,15:03:19.107,39.0800,9
54199109241944,15:03:19.109,39.0900,100
54199110793767,15:03:19.110,39.0900,30
54199111182941,15:03:19.111,39.0900,100
54199111254687,15:03:19.111,39.0900,30
54199198948427,15:03:19.198,39.0900,4
54211887327345,15:03:31.887,39.0800,4
54244044071656,15:04:04.044,39.0700,100
54246250333575,15:04:06.250,39.0800,100
54246253496486,15:04:06.253,39.1000,100
54246292734565,15:04:06.292,39.0800,10
54285161088383,15:04:45.161,39.1000,100
54294290194718,15:04:54.290,39.1000,100
54344150259916,15:05:44.150,39.0800,1
54344150662222,15:05:44.150,39.0800,17
54344150662222,15:05:44.150,39.0800,12
54344150662222,15:05:44.150,39.0800,9
54360547431775,15:06:00.547,39.0700,100
54360548354623,15:06:00.548,39.0700,100
54360549424647,15:06:00.549,39.0700,100
54362651171120,15:06:02.651,39.0600,100
54362651171120,15:06:02.651,39.0400,100
54362651198264,15:06:02.651,39.0400,100
54485518433724,15:08:05.518,39.0300,54
54485518511109,15:08:05.518,39.0300,54
54485518513532,15:08:05.518,39.0300,46
54551438482163,15:09:11.438,39.0550,100
54551441472180,15:09:11.441,39.0400,2
54551441472180,15:09:11.441,39.0400,100
54633646931111,15:10:33.646,39.0300,100
54633646947718,15:10:33.646,39.0300,85
54633646971810,15:10:33.646,39.0300,15
54633710952219,15:10:33.710,39.0100,5
54638601279872,15:10:38.601,39.0150,3
54660091328131,15:11:00.091,39.0150,92
54664790562640,15:11:04.790,38.9850,4
54675310217868,15:11:15.310,38.9850,1
54691276073995,15:11:31.276,39.0000,5
54691276840948,15:11:31.276,38.9950,95
54752154683175,15:12:32.154,39.0100,36
54752154813511,15:12:32.154,39.0050,20
54752154828666,15:12:32.154,39.0050,28
54752154830314,15:12:32.154,39.0050,16
54752154830314,15:12:32.154,38.9900,1
54752154830314,15:12:32.154,38.9900,19
54752154833117,15:12:32.154,38.9900,16
54922065805420,15:15:22.065,39.0200,5
54922065805420,15:15:22.065,39.0200,92
54922065813000,15:15:22.065,39.0200,8
54922065813000,15:15:22.065,39.0200,100
54925191597030,15:15:25.191,39.0200,8
54955106294009,15:15:55.106,39.0300,100
54992922992411,15:16:32.922,39.0300,297
54992922992411,15:16:32.922,39.0300,200
54992922992411,15:16:32.922,39.0300,100
55047558021765,15:17:27.558,39.0000,18
55100683277721,15:18:20.683,39.0000,1
55185270709211,15:19:45.270,39.0100,100
55185270709211,15:19:45.270,39.0100,5
55296698570505,15:21:36.698,39.0100,16
55300302465569,15:21:40.302,39.0050,16
55305425622627,15:21:45.425,39.0050,16
55306766086774,15:21:46.766,39.0050,16
55310986536084,15:21:50.986,39.0050,16
55310986986583,15:21:50.986,39.0000,16
55316269140282,15:21:56.269,39.0000,19
55316269196139,15:21:56.269,39.0000,1
55316769627914,15:21:56.769,38.9800,19
55316800917742,15:21:56.800,38.9700,100
55330885183480,15:22:10.885,38.9400,100
55341745865904,15:22:21.745,38.9100,100
55342205357760,15:22:22.205,38.9100,17
55342663165528,15:22:22.663,38.9100,83
55412010076465,15:23:32.010,38.9100,1
55444792199058,15:24:04.792,38.8650,100
55464894615139,15:24:24.894,38.8800,95
55464894652369,15:24:24.894,38.8800,5
55479489189010,15:24:39.489,38.8950,100
55517701001046,15:25:17.701,38.8800,12
55517701027654,15:25:17.701,38.8800,88
55517701027654,15:25:17.701,38.8800,100
55528770498923,15:25:28.770,38.8750,45
55537247180841,15:25:37.247,38.8800,88
55551613668807,15:25:51.613,38.8800,12
55551613668807,15:25:51.613,38.8700,40
55554330186175,15:25:54.330,38.8700,60
55570498428943,15:26:10.498,38.8700,100
55580119622462,15:26:20.119,38.8700,20
55580119634461,15:26:20.119,38.8700,60
55580119646415,15:26:20.119,38.8700,20
55580119646941,15:26:20.119,38.8700,20
55580120810259,15:26:20.120,38.8700,17
55606565313031,15:26:46.565,38.8600,100
55619816714967,15:26:59.816,38.8500,100
55619817390532,15:26:59.817,38.8500,29
55620118603019,15:27:00.118,38.8400,100
55689293255699,15:28:09.293,38.8700,1
55700714260233,15:28:20.714,38.8800,66
55711307737999,15:28:31.307,38.8700,99
55726695570219,15:28:46.695,38.8800,26
55732909065075,15:28:52.909,38.8800,74
55732909065075,15:28:52.909,38.8700,26
55791025028338,15:29:51.025,38.8700,2
55798708458180,15:29:58.708,38.8600,100
55806747121554,15:30:06.747,38.8400,5
55806747146268,15:30:06.747,38.8400,95
55817513823433,15:30:17.513,38.8300,200
55817514397544,15:30:17.514,38.8300,29
55817515507778,15:30:17.515,38.8300,29
55833014909760,15:30:33.014,38.8100,77
55833014909760,15:30:33.014,38.8200,23
55833014970939,15:30:33.014,38.8200,77
55873115078371,15:31:13.115,38.8400,95
55873115115133,15:31:13.115,38.8400,5
55873115115133,15:31:13.115,38.8400,67
55873115129290,15:31:13.115,38.8400,33
56008119028834,15:33:28.119,38.8400,26
56024209816701,15:33:44.209,38.8400,5
56034692970601,15:33:54.692,38.8300,10
56034812776664,15:33:54.812,38.8300,25
56093274456253,15:34:53.274,38.8100,100
56133127265368,15:35:33.127,38.8000,66
56136163333482,15:35:36.163,38.8100,100
56140120992895,15:35:40.120,38.8150,52
56141725731300,15:35:41.725,38.8150,48
56141725731300,15:35:41.725,38.8100,200
56141725731300,15:35:41.725,38.8100,52
56141725965259,15:35:41.725,38.8100,48
56157601145515,15:35:57.601,38.8100,100
56194929322365,15:36:34.929,38.7950,20
56196870467203,15:36:36.870,38.7800,80
56203735157236,15:36:43.735,38.7800,37
56251760833045,15:37:31.760,38.7900,100
56251834269523,15:37:31.834,38.8000,89
56251834277094,15:37:31.834,38.8000,11
56251834278408,15:37:31.834,38.8000,11
56251980715925,15:37:31.980,38.8100,45
56276968566183,15:37:56.968,38.8100,100
56276968600390,15:37:56.968,38.8100,60
56276968682161,15:37:56.968,38.8100,40
56276968682161,15:37:56.968,38.8100,100
56301734581669,15:38:21.734,38.8100,100
56301735012284,15:38:21.735,38.8100,100
56320122149593,15:38:40.122,38.8100,28
56323527697577,15:38:43.527,38.8200,6
56344937265886,15:39:04.937,38.8200,100
56363831496478,15:39:23.831,38.8300,30
56363831496478,15:39:23.831,38.8300,28
56363831496478,15:39:23.831,38.8300,22
56400122917839,15:40:00.122,38.8200,3
56400757973769,15:40:00.757,38.8200,97
56427368985925,15:40:27.368,38.8100,50
56427368986446,15:40:27.368,38.8100,99
56427368988979,15:40:27.368,38.8100,99
56427368997539,15:40:27.368,38.8100,52
56427368997539,15:40:27.368,38.8100,15
56427369011344,15:40:27.369,38.8100,50
56427369011851,15:40:27.369,38.8100,35
56427369562102,15:40:27.369,38.8100,29
56427369562102,15:40:27.369,38.8100,29
56427369930128,15:40:27.369,38.8100,10
56427369964864,15:40:27.369,38.8100,19
56427369964864,15:40:27.369,38.8100,29
56427370403304,15:40:27.370,38.8100,100
56427378019125,15:40:27.378,38.8000,100
56442022650951,15:40:42.022,38.8100,2
56463183804592,15:41:03.183,38.8100,98
56463183804592,15:41:03.183,38.8000,29
56463183804592,15:41:03.183,38.8000,29
56463183804592,15:41:03.183,38.8000,2
56480508461043,15:41:20.508,38.7900,1
56499051659152,15:41:39.051,38.7900,98
56499051671800,15:41:39.051,38.7900,49
56499051717198,15:41:39.051,38.7900,52
56499051717198,15:41:39.051,38.7900,48
56499051905398,15:41:39.051,38.7900,12
56499051905398,15:41:39.051,38.7900,20
56499054565733,15:41:39.054,38.7900,80
56500123717585,15:41:40.123,38.7950,2
56524483664479,15:42:04.483,38.7900,1
56581543840428,15:43:01.543,38.8000,100
56581543840428,15:43:01.543,38.8000,100
56582016117336,15:43:02.016,38.8100,100
56582016132296,15:43:02.016,38.8100,100
56652355435920,15:44:12.355,38.8200,100
56652355435920,15:44:12.355,38.8100,20
56664522187599,15:44:24.522,38.8200,1
56695358314315,15:44:55.358,38.8200,88
56700087761969,15:45:00.087,38.8200,11
56700087761969,15:45:00.087,38.8200,100
56700087761969,15:45:00.087,38.8200,100
56700087761969,15:45:00.087,38.8100,80
56700087761969,15:45:00.087,38.8100,20
56700088215913,15:45:00.088,38.8000,10
56700088698511,15:45:00.088,38.8000,30
56700091843561,15:45:00.091,38.8100,31
56738771418821,15:45:38.771,38.8000,60
56738771424430,15:45:38.771,38.8000,60
56738771866710,15:45:38.771,38.8000,40
56739708312738,15:45:39.708,38.8050,1
56739723957549,15:45:39.723,38.8050,1
56759967111408,15:45:59.967,38.8050,98
56782696564546,15:46:22.696,38.7900,1
56798162259433,15:46:38.162,38.7900,9
56852565350911,15:47:32.565,38.7800,100
56852565350911,15:47:32.565,38.7800,100
56852565751783,15:47:32.565,38.7800,40
56852569567549,15:47:32.569,38.7800,100
56852569567549,15:47:32.569,38.7800,60
56852571475201,15:47:32.571,38.7800,40
56852725414940,15:47:32.725,38.7800,100
56852725453095,15:47:32.725,38.7800,50
56918985449123,15:48:38.985,38.7800,1
56956479533328,15:49:16.479,38.7900,100
56956479533328,15:49:16.479,38.7900,25
57013323312535,15:50:13.323,38.7800,78
57013323816560,15:50:13.323,38.7800,22
57013323816560,15:50:13.323,38.7800,78
57013323964402,15:50:13.323,38.7800,22
57013326140069,15:50:13.326,38.7800,36
57013375783780,15:50:13.375,38.7800,64
57015251078678,15:50:15.251,38.7700,200
57028175554534,15:50:28.175,38.7700,91
57028176286723,15:50:28.176,38.7700,9
57028811025970,15:50:28.811,38.7600,100
57053379105686,15:50:53.379,38.7600,100
57053387160338,15:50:53.387,38.7600,100
57068365720689,15:51:08.365,38.7600,100
57068365855329,15:51:08.365,38.7600,49
57068365879047,15:51:08.365,38.7600,51
57108190106555,15:51:48.190,38.7600,1
57108190182509,15:51:48.190,38.7600,1
57120398986764,15:52:00.398,38.7600,98
57120398986764,15:52:00.398,38.7600,2
57120399035193,15:52:00.399,38.7600,8
57120399107480,15:52:00.399,38.7600,6
57120399170953,15:52:00.399,38.7600,4
57120399233020,15:52:00.399,38.7600,2
57120399294730,15:52:00.399,38.7600,2
57120399356810,15:52:00.399,38.7600,1
57120399419799,15:52:00.399,38.7600,1
57140388772802,15:52:20.388,38.7600,42
57140388772802,15:52:20.388,38.7600,100
57150445084708,15:52:30.445,38.7500,400
57150499929093,15:52:30.499,38.7450,100
57156993804442,15:52:36.993,38.7400,200
57156993804442,15:52:36.993,38.7400,100
57164773194104,15:52:44.773,38.7400,200
57164773223539,15:52:44.773,38.7400,100
57164773223539,15:52:44.773,38.7400,100
57164801078762,15:52:44.801,38.7300,100
57196595900471,15:53:16.595,38.7200,100
57196603188210,15:53:16.603,38.7200,100
57220068575693,15:53:40.068,38.7400,200
57220068575693,15:53:40.068,38.7400,75
57220371899102,15:53:40.371,38.7500,100
57220371899102,15:53:40.371,38.7500,100
57220371899102,15:53:40.371,38.7500,100
57220375352140,15:53:40.375,38.7600,100
57220468044604,15:53:40.468,38.7600,100
57231345631697,15:53:51.345,38.7450,90
57231345638931,15:53:51.345,38.7450,10
57231345638931,15:53:51.345,38.7400,90
57231345640491,15:53:51.345,38.7400,100
57231345646661,15:53:51.345,38.7400,49
57231345650718,15:53:51.345,38.7400,49
57231346033792,15:53:51.346,38.7400,99
57231347340005,15:53:51.347,38.7400,13
57270816056616,15:54:30.816,38.7400,99
57270816069329,15:54:30.816,38.7400,1
57270816069329,15:54:30.816,38.7400,65
57270816072527,15:54:30.816,38.7400,66
57270816073074,15:54:30.816,38.7400,34
57270816073074,15:54:30.816,38.7400,15
57270816073921,15:54:30.816,38.7400,66
57270816075911,15:54:30.816,38.7400,17
57270816302866,15:54:30.816,38.7400,66
57281684692762,15:54:41.684,38.7400,100
57297034901950,15:54:57.034,38.7400,21
57297034936946,15:54:57.034,38.7400,51
57297034948580,15:54:57.034,38.7400,28
57299205218101,15:54:59.205,38.7500,100
57300077766071,15:55:00.077,38.7500,49
57300077973481,15:55:00.077,38.7500,34
57300078100173,15:55:00.078,38.7500,17
57310394775165,15:55:10.394,38.7700,100
57310394775165,15:55:10.394,38.7700,24
57310394775165,15:55:10.394,38.7700,3
57320264669084,15:55:20.264,38.7700,100
57320264669084,15:55:20.264,38.7700,71
57320264680686,15:55:20.264,38.7700,29
57320266038069,15:55:20.266,38.7700,78
57344028911609,15:55:44.028,38.7800,6
57344028920045,15:55:44.028,38.7800,12
57344949860379,15:55:44.949,38.7800,27
57402393680945,15:56:42.393,38.7800,45
57402393687161,15:56:42.393,38.7800,45
57402393689948,15:56:42.393,38.7800,45
57402393691272,15:56:42.393,38.7800,10
57450395669081,15:57:30.395,38.8000,100
57450395669081,15:57:30.395,38.8000,100
57450395669081,15:57:30.395,38.8000,400
57450395675366,15:57:30.395,38.8000,100
57452798946661,15:57:32.798,38.7950,200
57452798946661,15:57:32.798,38.7900,118
57482820874777,15:58:02.820,38.7950,100
57513798736020,15:58:33.798,38.7900,182
57513798736020,15:58:33.798,38.7900,100
57515876440399,15:58:35.876,38.7850,100
57540027644533,15:59:00.027,38.7900,200
57543125092985,15:59:03.125,38.7900,100
57543125092985,15:59:03.125,38.7900,87
57543125427816,15:59:03.125,38.7900,13
57543125427816,15:59:03.125,38.7900,87
57547510619473,15:59:07.510,38.8000,100
57547510789498,15:59:07.510,38.8000,100
57547512668857,15:59:07.512,38.8100,87
57550075791761,15:59:10.075,38.8300,1
57550075791761,15:59:10.075,38.8300,99
57555057324266,15:59:15.057,38.8500,100
57555057731045,15:59:15.057,38.8500,13
57555058750576,15:59:15.058,38.8500,29
57555452968601,15:59:15.452,38.8500,58
57556419101398,15:59:16.419,38.8600,100
57575026083932,15:59:35.026,38.9000,100
57575162298969,15:59:35.162,38.9100,21
57575162323611,15:59:35.162,38.9100,79
57575162326650,15:59:35.162,38.9100,79
57600628919645,16:00:00.628,0.0000,0
