timestamp,time,price,volume
34200391418456,09:30:00.391,35.4000,6382
34200536556356,09:30:00.536,34.8000,100
34518896152425,09:35:18.896,34.7900,100
34592971543546,09:36:32.971,34.7400,100
34683763961627,09:38:03.763,34.7500,100
34715224576016,09:38:35.224,34.9100,300
34715224600917,09:38:35.224,34.9100,50
34715230723560,09:38:35.230,34.8950,20
34863948824652,09:41:03.948,34.7300,100
34957729978082,09:42:37.729,34.5300,100
34957730037235,09:42:37.730,34.5300,100
34957730245626,09:42:37.730,34.5200,71
34957730262829,09:42:37.730,34.5200,29
34957739023458,09:42:37.739,34.5600,30
34957739023458,09:42:37.739,34.5800,100
34964994322154,09:42:44.994,34.5600,50
35215882981587,09:46:55.882,34.7000,1
35251683658501,09:47:31.683,34.7200,1
35284412418377,09:48:04.412,34.6200,25
35294382937366,09:48:14.382,34.7000,1
35406183732850,09:50:06.183,34.6800,3
35581693272933,09:53:01.693,34.5100,25
35756056091986,09:55:56.056,34.5900,1
35871814246036,09:57:51.814,34.5800,2
35910237353222,09:58:30.237,34.5450,100
35910237353222,09:58:30.237,34.5100,200
35910237353222,09:58:30.237,34.5000,900
35910237420189,09:58:30.237,34.5000,350
35910237455576,09:58:30.237,34.5000,239
35910237530548,09:58:30.237,34.5000,12
35910237588146,09:58:30.237,34.5000,99
35910237588146,09:58:30.237,34.5000,72
35910237596775,09:58:30.237,34.5000,72
35910237620269,09:58:30.237,34.5000,71
35910237654692,09:58:30.237,34.5000,111
35910237757847,09:58:30.237,34.5000,274
36175124781909,10:02:55.124,34.3000,76
36176131105698,10:02:56.131,34.3000,24
36180720138045,10:03:00.720,34.2200,100
36308902260818,10:05:08.902,34.2500,9
36314056617763,10:05:14.056,34.2100,100
36314184846570,10:05:14.184,34.1900,100
36314184846570,10:05:14.184,34.1400,100
36314184846570,10:05:14.184,34.1200,100
36320196004038,10:05:20.196,34.1100,100
36360724042073,10:06:00.724,34.1500,20
36360724042073,10:06:00.724,34.1500,1
36425465537161,10:07:05.465,34.2400,100
36442955802907,10:07:22.955,34.3000,100
36469206096557,10:07:49.206,34.2300,20
36872373690870,10:14:32.373,34.3900,100
36872373756212,10:14:32.373,34.3900,20
36872373756212,10:14:32.373,34.3900,17
37536625769135,10:25:36.625,34.5600,100
37555562361425,10:25:55.562,34.5800,80
37862099962278,10:31:02.099,34.7000,100
38195200867060,10:36:35.200,34.6900,60
38195201264745,10:36:35.201,34.6800,60
38195201330848,10:36:35.201,34.6700,40
38195201538326,10:36:35.201,34.6700,10
38195201671088,10:36:35.201,34.7000,10
38274869701845,10:37:54.869,34.6900,100
38274869701845,10:37:54.869,34.6900,100
38274869701845,10:37:54.869,34.6900,28
38411542956157,10:40:11.542,34.7500,100
38411806024396,10:40:11.806,34.7600,2
38593107487832,10:43:13.107,34.8300,46
38593107487832,10:43:13.107,34.8300,100
38754551850722,10:45:54.551,34.9600,100
38754551850722,10:45:54.551,34.9700,100
38754552860067,10:45:54.552,34.9800,100
39179789293399,10:52:59.789,35.0100,100
39179789388026,10:52:59.789,34.9800,50
39179789388026,10:52:59.789,34.9800,50
39179789411379,10:52:59.789,34.9800,50
39179789411379,10:52:59.789,34.9800,20
39179789411379,10:52:59.789,34.9800,100
39748248682667,11:02:28.248,35.0800,24
39748248720012,11:02:28.248,35.0900,63
39748248726454,11:02:28.248,35.0900,37
39748283092166,11:02:28.283,35.0600,100
39748359065561,11:02:28.359,35.0500,100
39916125936069,11:05:16.125,35.0500,100
39916125961226,11:05:16.125,35.0500,100
39916126011971,11:05:16.126,35.0500,100
39916126080696,11:05:16.126,35.0500,100
39916126080696,11:05:16.126,35.0400,37
39916126085449,11:05:16.126,35.0400,63
39916126085449,11:05:16.126,35.0400,37
39916126205735,11:05:16.126,35.0400,63
39916126205735,11:05:16.126,35.0400,96
39916126345358,11:05:16.126,35.0400,4
39916133658479,11:05:16.133,35.0500,20
39916730581916,11:05:16.730,35.0300,100
40564918391158,11:16:04.918,35.0000,300
40564918810404,11:16:04.918,34.9900,62
40564918826143,11:16:04.918,34.9900,38
40564918826143,11:16:04.918,34.9900,100
40569257795739,11:16:09.257,35.0000,100
40569257883595,11:16:09.257,35.0000,200
40619965083001,11:16:59.965,34.9900,10
40679896131250,11:17:59.896,34.9900,10
40739424952236,11:18:59.424,34.9900,20
40797058167158,11:19:57.058,34.9900,40
40860131953188,11:21:00.131,34.9900,10
40919984394133,11:21:59.984,34.9900,10
40980381158207,11:23:00.381,34.9800,10
41277459699473,11:27:57.459,35.0000,208
41277459724829,11:27:57.459,35.0000,92
41301855893814,11:28:21.855,35.0000,100
41305726601021,11:28:25.726,35.0100,16
41352321641201,11:29:12.321,35.0200,100
41352321641201,11:29:12.321,35.0200,100
41389863225643,11:29:49.863,35.0200,100
41447407283446,11:30:47.407,35.0200,100
41447408096302,11:30:47.408,35.0100,100
41505302597945,11:31:45.302,35.0200,100
41633854009219,11:33:53.854,35.0300,100
41633854039889,11:33:53.854,35.0500,59
41633854136589,11:33:53.854,35.0500,100
41635165771530,11:33:55.165,35.0500,40
41635165777393,11:33:55.165,35.0500,58
41635165782413,11:33:55.165,35.0500,2
41635165879731,11:33:55.165,35.0500,100
41635166131089,11:33:55.166,35.0500,100
41635166156259,11:33:55.166,35.0500,100
41635166178923,11:33:55.166,35.0500,100
41874458986773,11:37:54.458,35.0400,4
41874458986773,11:37:54.458,35.0400,10
41876776938395,11:37:56.776,35.0400,10
41876776938395,11:37:56.776,35.0400,90
41876777174455,11:37:56.777,35.0400,10
42028382750205,11:40:28.382,35.0700,100
42028382778629,11:40:28.382,35.0700,100
42028382878648,11:40:28.382,35.0700,58
42028382952387,11:40:28.382,35.0700,83
42028382952387,11:40:28.382,35.1000,17
42028382972516,11:40:28.382,35.1000,83
42056362024966,11:40:56.362,35.1300,100
42056362024966,11:40:56.362,35.1300,68
42056362024966,11:40:56.362,35.1400,100
42056362024966,11:40:56.362,35.1400,100
42056362024966,11:40:56.362,35.1400,100
42127065842705,11:42:07.065,35.2200,100
42174716012506,11:42:54.716,35.2400,200
42174718333514,11:42:54.718,35.2400,400
42241583851742,11:44:01.583,35.3000,27
42291067974429,11:44:51.067,35.3500,76
42291068000834,11:44:51.068,35.3500,24
42431653668894,11:47:11.653,35.3400,200
42614768733375,11:50:14.768,35.3350,200
42614768744670,11:50:14.768,35.3100,138
42614768757410,11:50:14.768,35.3100,35
42614768759709,11:50:14.768,35.3100,27
42614768759709,11:50:14.768,35.3100,8
42614768760674,11:50:14.768,35.3100,50
42614768762316,11:50:14.768,35.3100,15
42614768769363,11:50:14.768,35.3100,62
42614768796774,11:50:14.768,35.3100,62
42614768819907,11:50:14.768,35.3100,3
42614769908525,11:50:14.769,35.3100,100
42679192390789,11:51:19.192,35.3400,40
42679192434250,11:51:19.192,35.3400,60
42679192434250,11:51:19.192,35.3400,72
42679192434250,11:51:19.192,35.3400,100
42679192469186,11:51:19.192,35.3400,48
42679192469186,11:51:19.192,35.3400,100
43000518431937,11:56:40.518,35.3200,15
43001114678570,11:56:41.114,35.3600,100
43001114678570,11:56:41.114,35.3600,100
43001115897951,11:56:41.115,35.3700,100
43001116960560,11:56:41.116,35.3900,100
43001116960560,11:56:41.116,35.3900,100
43001117633558,11:56:41.117,35.4000,25
43095406660820,11:58:15.406,35.3700,100
43095406710083,11:58:15.406,35.3700,20
43095406739710,11:58:15.406,35.3700,20
43095406790378,11:58:15.406,35.3700,80
43095420095574,11:58:15.420,35.3600,100
43098692030647,11:58:18.692,35.3900,23
43139988462977,11:58:59.988,35.3600,20
43210436739171,12:00:10.436,35.4000,100
43210437550139,12:00:10.437,35.4100,100
43273935674532,12:01:13.935,35.4200,96
43273936455322,12:01:13.936,35.4200,21
43440225868736,12:04:00.225,35.3900,10
43500259090011,12:05:00.259,35.3900,20
43500259090011,12:05:00.259,35.3900,10
43619944492913,12:06:59.944,35.3900,30
43619944519709,12:06:59.944,35.3900,270
43680531816036,12:08:00.531,35.3900,1
43680531816036,12:08:00.531,35.3900,39
43744525493491,12:09:04.525,35.4100,20
43744525633292,12:09:04.525,35.4200,85
43744526387215,12:09:04.526,35.4200,15
43779433179793,12:09:39.433,35.4400,100
43779433179793,12:09:39.433,35.4500,235
43779433179793,12:09:39.433,35.4500,28
43779441212225,12:09:39.441,35.5000,28
43779442264301,12:09:39.442,35.5000,100
43798623188923,12:09:58.623,35.5100,100
43798623228238,12:09:58.623,35.5100,2
43798624749624,12:09:58.624,35.5500,100
43798624793178,12:09:58.624,35.5500,100
43798624824870,12:09:58.624,35.5500,100
43798725498556,12:09:58.725,35.5500,100
43798725498556,12:09:58.725,35.5500,200
43798725498556,12:09:58.725,35.5500,100
43798725498556,12:09:58.725,35.5500,100
43798725498556,12:09:58.725,35.5500,100
44182125996680,12:16:22.125,35.5400,34
44182125996680,12:16:22.125,35.5400,66
44449209125073,12:20:49.209,35.5600,100
44506417207293,12:21:46.417,35.5400,1
44506417555414,12:21:46.417,35.5400,89
44520209525149,12:22:00.209,35.5200,10
44524385036643,12:22:04.385,35.5600,100
44524385349365,12:22:04.385,35.5600,100
44565390015299,12:22:45.390,35.5800,111
44707949446701,12:25:07.949,35.5400,100
44998767028106,12:29:58.767,35.5100,100
45236664914827,12:33:56.664,35.5100,2
45236666520757,12:33:56.666,35.5000,200
45236676418947,12:33:56.676,35.5100,2
45244210645206,12:34:04.210,35.5200,100
45244219972009,12:34:04.219,35.5500,70
45244220000078,12:34:04.220,35.5500,5
45244221257652,12:34:04.221,35.5600,199
45244221257652,12:34:04.221,35.5600,1
45244221314536,12:34:04.221,35.5600,99
45321043365733,12:35:21.043,35.5400,100
45373666348506,12:36:13.666,35.5300,100
45373667560236,12:36:13.667,35.5300,2
46139308171512,12:48:59.308,35.5000,2
46173773823228,12:49:33.773,35.5200,93
46173774177712,12:49:33.774,35.5300,199
46173774177712,12:49:33.774,35.5300,100
46173774177712,12:49:33.774,35.5300,100
46225160315133,12:50:25.160,35.5600,59
46225160315133,12:50:25.160,35.5600,41
46225160341507,12:50:25.160,35.5600,59
46273456544338,12:51:13.456,35.5900,58
46273456544338,12:51:13.456,35.5900,42
46273456572236,12:51:13.456,35.5900,28
46451059406221,12:54:11.059,35.6100,100
46451059462449,12:54:11.059,35.6200,3422
46451153191725,12:54:11.153,35.6700,100
46452175371060,12:54:12.175,35.6900,100
46452175371060,12:54:12.175,35.6900,100
46541058798453,12:55:41.058,35.7700,100
46573964485495,12:56:13.964,35.8000,100
46591310178951,12:56:31.310,35.8100,100
46608655660687,12:56:48.655,35.8200,100
46627149033843,12:57:07.149,35.8200,51
46627149141814,12:57:07.149,35.8200,49
46627149141814,12:57:07.149,35.8200,100
46631478160329,12:57:11.478,35.8300,93
46740025409384,12:59:00.025,35.8200,100
46740025533212,12:59:00.025,35.8100,4
46740025560603,12:59:00.025,35.8100,16
46740026429996,12:59:00.026,35.7800,200
46740026658312,12:59:00.026,35.7800,100
46740026956439,12:59:00.026,35.7800,100
46740026956439,12:59:00.026,35.7800,100
46740027787655,12:59:00.027,35.7700,100
46740028101827,12:59:00.028,35.7700,100
46740028167850,12:59:00.028,35.7800,30
46740028167850,12:59:00.028,35.7800,70
46752653904817,12:59:12.653,35.7800,100
46752653929137,12:59:12.653,35.7800,59
46752655837605,12:59:12.655,35.7700,100
46779520160545,12:59:39.520,35.7700,100
46779520160545,12:59:39.520,35.7700,100
46779520252995,12:59:39.520,35.7600,100
47046319268836,13:04:06.319,35.6700,1
47285459871852,13:08:05.459,35.6300,1
47359292947686,13:09:19.292,35.6300,30
47364852907611,13:09:24.852,35.6000,97
47582397993700,13:13:02.397,35.6000,100
47589110023759,13:13:09.110,35.5800,13
47589110059643,13:13:09.110,35.5800,87
47589976024117,13:13:09.976,35.5800,100
47590007192894,13:13:10.007,35.5700,44
47590007219775,13:13:10.007,35.5700,56
47894587170345,13:18:14.587,35.6000,7
47894587170345,13:18:14.587,35.6000,93
47894587347334,13:18:14.587,35.6000,7
47894587347334,13:18:14.587,35.6000,93
47894587373318,13:18:14.587,35.6000,7
47894593876342,13:18:14.593,35.6100,100
47948826695667,13:19:08.826,35.6300,100
47948826695667,13:19:08.826,35.6300,100
47948826769790,13:19:08.826,35.6300,50
47948827792370,13:19:08.827,35.6300,50
47948833085286,13:19:08.833,35.6200,100
48047577503654,13:20:47.577,35.5600,1
48155819480744,13:22:35.819,35.5000,100
48243000630347,13:24:03.000,35.5200,100
48243000872316,13:24:03.000,35.5400,73
48243000873664,13:24:03.000,35.5400,27
48243000902454,13:24:03.000,35.5400,27
48243000961382,13:24:03.000,35.5400,20
48243001072817,13:24:03.001,35.5400,7
48243001365396,13:24:03.001,35.5400,46
48258998596471,13:24:18.998,35.5600,100
48533627064357,13:28:53.627,35.5300,2
48533627064357,13:28:53.627,35.5200,100
48597455167028,13:29:57.455,35.5100,97
48833985426593,13:33:53.985,35.5200,100
48833985426593,13:33:53.985,35.5100,9
49053597380142,13:37:33.597,35.5000,300
49053597380142,13:37:33.597,35.5000,2
49053598422767,13:37:33.598,35.5000,200
49053608378666,13:37:33.608,35.5100,100
49071664643912,13:37:51.664,35.4900,100
49073793071262,13:37:53.793,35.4900,100
49073793151812,13:37:53.793,35.4900,100
49073793211053,13:37:53.793,35.4900,100
49073793556554,13:37:53.793,35.4800,100
49141509715592,13:39:01.509,35.4600,100
49142991208665,13:39:02.991,35.4500,100
49142991208665,13:39:02.991,35.4400,100
49354446011443,13:42:34.446,35.3700,100
49361212864526,13:42:41.212,35.3700,100
49508309556882,13:45:08.309,35.3400,100
49508309583987,13:45:08.309,35.3400,100
49509356891633,13:45:09.356,35.3400,4
49547999445100,13:45:47.999,35.3100,100
49547999445100,13:45:47.999,35.3000,100
49611538254238,13:46:51.538,35.3000,100
49611538261603,13:46:51.538,35.3000,100
49611538486472,13:46:51.538,35.2900,50
49611538566135,13:46:51.538,35.2900,50
49770072446037,13:49:30.072,35.2800,100
49779270993710,13:49:39.270,35.2650,100
49780271596233,13:49:40.271,35.2500,100
49877146368666,13:51:17.146,35.2500,200
49877146368666,13:51:17.146,35.2500,418
49988042570168,13:53:08.042,35.2800,100
49988042570168,13:53:08.042,35.2800,100
49990096806656,13:53:10.096,35.3000,100
49990096806656,13:53:10.096,35.3000,100
49990097210162,13:53:10.097,35.3200,100
49990154160842,13:53:10.154,35.3300,88
49990154167659,13:53:10.154,35.3300,12
50402712957341,14:00:02.712,35.4200,20
50402715563427,14:00:02.715,35.4200,30
50402715564266,14:00:02.715,35.4200,50
50402715564266,14:00:02.715,35.3800,20
50402715564266,14:00:02.715,35.3700,4
50402715690141,14:00:02.715,35.3600,10
50491878820347,14:01:31.878,35.5600,90
50595002612627,14:03:15.002,35.5900,100
50611129828596,14:03:31.129,35.6500,100
50611129828596,14:03:31.129,35.6300,200
50704514793090,14:05:04.514,35.6800,100
50704514900466,14:05:04.514,35.6800,100
50704517189607,14:05:04.517,35.6800,100
50704517215554,14:05:04.517,35.6800,49
50704517236284,14:05:04.517,35.6800,49
50704517253032,14:05:04.517,35.6800,100
50704517277431,14:05:04.517,35.6800,10
50772712821613,14:06:12.712,35.6800,100
50818313999287,14:06:58.313,35.6800,100
50818313999287,14:06:58.313,35.6800,100
50818314046215,14:06:58.314,35.6800,100
50818314108298,14:06:58.314,35.6800,100
50818315656214,14:06:58.315,35.6800,100
50818316385669,14:06:58.316,35.6600,80
50819387244638,14:06:59.387,35.6800,20
50834613740320,14:07:14.613,35.6600,100
50834613826683,14:07:14.613,35.6500,12
50834613828172,14:07:14.613,35.6500,88
50834613828172,14:07:14.613,35.6500,12
50834613973112,14:07:14.613,35.6500,52
50834614008099,14:07:14.614,35.6500,36
50834614008099,14:07:14.614,35.6500,46
50834614021200,14:07:14.614,35.6500,50
50834615090022,14:07:14.615,35.6500,4
50834615090022,14:07:14.615,35.6500,100
50834615430774,14:07:14.615,35.6500,50
50834735914449,14:07:14.735,35.6500,50
50834851277798,14:07:14.851,35.6500,100
51021600367330,14:10:21.600,35.6500,12
51021600435727,14:10:21.600,35.6400,50
51160837522419,14:12:40.837,35.6800,300
51180189331418,14:13:00.189,35.6800,100
51180205135915,14:13:00.205,35.6800,200
51180216924488,14:13:00.216,35.6700,100
51196071493534,14:13:16.071,35.6600,10
51196071493534,14:13:16.071,35.6600,100
51300216102875,14:15:00.216,35.6700,15
51363675959536,14:16:03.675,35.6500,95
51474389812069,14:17:54.389,35.6500,105
51474399166368,14:17:54.399,35.6500,50
51474399489612,14:17:54.399,35.6400,19
51474399572228,14:17:54.399,35.6400,19
51474399644708,14:17:54.399,35.6400,19
51474664512397,14:17:54.664,35.6400,100
51560345548625,14:19:20.345,35.6600,100
51560345998657,14:19:20.345,35.6700,100
51565079428847,14:19:25.079,35.6600,100
51583924516189,14:19:43.924,35.6800,64
51583924516905,14:19:43.924,35.6800,36
51583926063680,14:19:43.926,35.6800,100
51583928040393,14:19:43.928,35.6800,100
51624418400660,14:20:24.418,35.6700,100
51624427197795,14:20:24.427,35.6700,45
51635662178748,14:20:35.662,35.6600,100
51635663109152,14:20:35.663,35.6600,30
51635663109152,14:20:35.663,35.6600,70
51635663350804,14:20:35.663,35.6600,30
51635663824480,14:20:35.663,35.6600,100
51635663824480,14:20:35.663,35.6600,30
51635677960716,14:20:35.677,35.6600,100
51664361454446,14:21:04.361,35.6600,100
51664361454446,14:21:04.361,35.6600,300
51664362663219,14:21:04.362,35.6600,100
51664363166467,14:21:04.363,35.6600,100
51664374241718,14:21:04.374,35.6600,31
51664374241718,14:21:04.374,35.6500,100
51664383049904,14:21:04.383,35.6400,100
51664383049904,14:21:04.383,35.6400,19
51664390201891,14:21:04.390,35.6400,100
51670519683419,14:21:10.519,35.6400,100
51740887365636,14:22:20.887,35.6900,100
51740887365636,14:22:20.887,35.6900,100
51740887597732,14:22:20.887,35.6900,5
51740887883634,14:22:20.887,35.6900,95
51740887883634,14:22:20.887,35.6900,5
51740887911391,14:22:20.887,35.6900,95
51740888317496,14:22:20.888,35.6900,100
51745315600208,14:22:25.315,35.7100,100
51745315982486,14:22:25.315,35.7000,100
51759964087255,14:22:39.964,35.7400,100
51759966049534,14:22:39.966,35.7400,100
51760035025046,14:22:40.035,35.7400,100
51760035646156,14:22:40.035,35.7400,100
51821938078841,14:23:41.938,35.7400,100
51821938078841,14:23:41.938,35.7400,100
51821938108639,14:23:41.938,35.7400,40
51821938108639,14:23:41.938,35.7400,260
51821938116484,14:23:41.938,35.7400,40
51821938165918,14:23:41.938,35.7400,40
51821938928417,14:23:41.938,35.7400,60
51821938928417,14:23:41.938,35.7400,40
51821939344073,14:23:41.939,35.7400,60
51823549883735,14:23:43.549,35.7400,100
51823549883735,14:23:43.549,35.7400,100
51823549883735,14:23:43.549,35.7400,100
51826073219367,14:23:46.073,35.7400,100
51826073312187,14:23:46.073,35.7400,100
51826969636589,14:23:46.969,35.7400,100
51826969636589,14:23:46.969,35.7400,100
51828088374207,14:23:48.088,35.7400,100
51828088429567,14:23:48.088,35.7400,100
51828421775526,14:23:48.421,35.7400,100
51828678131347,14:23:48.678,35.7400,100
51833588712724,14:23:53.588,35.7300,100
51833588712724,14:23:53.588,35.7300,200
51833588797392,14:23:53.588,35.7300,81
51833588956089,14:23:53.588,35.7200,50
51833588988233,14:23:53.588,35.7200,50
51833588988233,14:23:53.588,35.7200,37
51833589391074,14:23:53.589,35.7200,63
51833589391074,14:23:53.589,35.7200,100
51833595039107,14:23:53.595,35.7100,200
51833595069974,14:23:53.595,35.7100,19
51833602415346,14:23:53.602,35.7000,100
51856605229229,14:24:16.605,35.7100,10
51856605229229,14:24:16.605,35.7100,40
51856605229229,14:24:16.605,35.7100,50
51856605281695,14:24:16.605,35.7100,50
51856605281695,14:24:16.605,35.7100,100
51872133709218,14:24:32.133,35.7200,100
51872133709218,14:24:32.133,35.7300,100
51872135116760,14:24:32.135,35.7400,100
51872135116760,14:24:32.135,35.7400,400
51872135224439,14:24:32.135,35.7400,100
51872235918055,14:24:32.235,35.7400,100
51872235918055,14:24:32.235,35.7400,200
51872235977385,14:24:32.235,35.7400,29
51872236000031,14:24:32.236,35.7400,100
51872236051030,14:24:32.236,35.7400,38
51872236192457,14:24:32.236,35.7400,62
51872236192457,14:24:32.236,35.7400,38
51872237406719,14:24:32.237,35.7400,62
51872237406719,14:24:32.237,35.7400,100
51872237406719,14:24:32.237,35.7400,2217
51873122804804,14:24:33.122,35.7000,100
51912644778827,14:25:12.644,35.7300,100
51917958161672,14:25:17.958,35.7400,100
51923958986054,14:25:23.958,35.7500,100
51926145731982,14:25:26.145,35.7900,100
51949705879778,14:25:49.705,35.8200,100
51949705879778,14:25:49.705,35.8300,100
51949705910616,14:25:49.705,35.8300,100
51949705910616,14:25:49.705,35.8300,100
51949705910616,14:25:49.705,35.8300,100
51949706280062,14:25:49.706,35.8400,912
51952982637820,14:25:52.982,35.8700,100
51957564015363,14:25:57.564,35.8800,100
51957564042318,14:25:57.564,35.8800,200
51980118066277,14:26:20.118,35.8800,100
51980118066277,14:26:20.118,35.8800,100
51996435537376,14:26:36.435,35.9100,100
51996435537376,14:26:36.435,35.9100,100
52062983814661,14:27:42.983,35.8400,15
52062983814661,14:27:42.983,35.8400,100
52062986773713,14:27:42.986,35.8100,100
52062986773713,14:27:42.986,35.8100,100
52062987620066,14:27:42.987,35.8000,100
52062988422855,14:27:42.988,35.7900,100
52063127842848,14:27:43.127,35.7700,100
52063127900220,14:27:43.127,35.7700,100
52063128186258,14:27:43.128,35.7700,200
52063128362906,14:27:43.128,35.7700,200
52063128465097,14:27:43.128,35.7700,100
52519651626045,14:35:19.651,35.7400,3
52519651688338,14:35:19.651,35.7400,2
52532504999140,14:35:32.504,35.7500,68
52559701389948,14:35:59.701,35.7500,100
52579325973570,14:36:19.325,35.6900,100
52640117188199,14:37:20.117,35.7300,100
52661940782935,14:37:41.940,35.8000,100
52661940782935,14:37:41.940,35.8000,100
52668233316309,14:37:48.233,35.8100,100
52671842823133,14:37:51.842,35.7800,100
52671842823133,14:37:51.842,35.7700,100
52671842823133,14:37:51.842,35.7600,13
52671870861618,14:37:51.870,35.7400,100
52671892073974,14:37:51.892,35.7200,100
52671900331603,14:37:51.900,35.7200,100
52671900331603,14:37:51.900,35.7200,100
52671910015560,14:37:51.910,35.7100,100
52671916221176,14:37:51.916,35.7000,100
52671922597253,14:37:51.922,35.7000,57
52671922623553,14:37:51.922,35.7000,30
52680026879249,14:38:00.026,35.7200,100
52955802333679,14:42:35.802,35.6900,20
53169565320569,14:46:09.565,35.7200,100
53169571114875,14:46:09.571,35.7200,100
53179271184100,14:46:19.271,35.7000,13
53221057079443,14:47:01.057,35.7500,100
53221057079443,14:47:01.057,35.7500,11
53221559166706,14:47:01.559,35.7400,100
53221559166706,14:47:01.559,35.7300,100
53226156692979,14:47:06.156,35.7700,100
53346751616194,14:49:06.751,35.8200,100
53351494297994,14:49:11.494,35.8200,100
53359362508601,14:49:19.362,35.8200,100
53359362920315,14:49:19.362,35.8200,100
53359362922759,14:49:19.362,35.8200,100
53359363825903,14:49:19.363,35.8000,100
53359414464190,14:49:19.414,35.8100,100
53363909756975,14:49:23.909,35.8200,100
53368709516987,14:49:28.709,35.8200,100
53373895613302,14:49:33.895,35.8200,100
53408050659920,14:50:08.050,35.8100,100
53408081447773,14:50:08.081,35.8000,29
53408081447773,14:50:08.081,35.8000,5
53408081482213,14:50:08.081,35.8000,24
53408081482213,14:50:08.081,35.8000,10
53408081482213,14:50:08.081,35.8000,100
53408081482213,14:50:08.081,35.8000,9
53408081482213,14:50:08.081,35.8000,34
53408081670578,14:50:08.081,35.8000,66
53408081695486,14:50:08.081,35.8000,34
53412828764925,14:50:12.828,35.7900,100
53412835437651,14:50:12.835,35.7800,100
53416965741790,14:50:16.965,35.7650,100
53464146838972,14:51:04.146,35.7800,100
53464150812619,14:51:04.150,35.7900,100
53464150812619,14:51:04.150,35.8000,100
53464150842235,14:51:04.150,35.8100,100
53464162431681,14:51:04.162,35.8200,100
53519822147677,14:51:59.822,35.8200,7
53542037183471,14:52:22.037,35.8200,93
53542037183471,14:52:22.037,35.8200,100
53542037183471,14:52:22.037,35.8200,7
53542037260530,14:52:22.037,35.8200,193
53542037274315,14:52:22.037,35.8200,100
53542037315595,14:52:22.037,35.8200,100
53588341678397,14:53:08.341,35.8200,100
53588341678397,14:53:08.341,35.8200,300
53588342449821,14:53:08.342,35.8200,100
53588345813684,14:53:08.345,35.8200,100
53588345813684,14:53:08.345,35.8200,100
53588346706787,14:53:08.346,35.8200,100
53591592915111,14:53:11.592,35.8200,100
53591592958374,14:53:11.592,35.8200,100
53591593992771,14:53:11.593,35.8200,100
53593437548973,14:53:13.437,35.8200,100
53593438776691,14:53:13.438,35.8200,100
53593438817439,14:53:13.438,35.8200,51
53603761877544,14:53:23.761,35.8200,100
53626401776277,14:53:46.401,35.8200,100
53626402233900,14:53:46.402,35.8200,74
53626402320592,14:53:46.402,35.8200,26
53626402363608,14:53:46.402,35.8200,26
53626402421491,14:53:46.402,35.8200,8
53626404157675,14:53:46.404,35.8200,92
53626404157675,14:53:46.404,35.8200,100
53626404157675,14:53:46.404,35.8200,1723
53763738528925,14:56:03.738,35.8700,100
53763738528925,14:56:03.738,35.8700,85
53763750427736,14:56:03.750,35.8800,100
53765867428927,14:56:05.867,35.9300,100
53798262135960,14:56:38.262,35.9500,100
53806921778858,14:56:46.921,35.9400,100
53838740349028,14:57:18.740,35.9400,100
53850142092314,14:57:30.142,35.9600,100
53850142092314,14:57:30.142,35.9600,100
53861339099534,14:57:41.339,35.9600,100
53861339099534,14:57:41.339,35.9600,200
53868345808158,14:57:48.345,35.9600,100
53874343891081,14:57:54.343,35.9600,100
53874343891081,14:57:54.343,35.9600,200
53882925733271,14:58:02.925,35.9600,100
53882925733271,14:58:02.925,35.9600,100
53893681193800,14:58:13.681,35.9600,100
53893681193800,14:58:13.681,35.9600,100
53900399175059,14:58:20.399,35.9600,100
53900399175059,14:58:20.399,35.9600,100
53900399282921,14:58:20.399,35.9600,100
53900399282921,14:58:20.399,35.9600,100
53907006108618,14:58:27.006,35.9600,100
53907006108618,14:58:27.006,35.9600,100
53912212697789,14:58:32.212,35.9600,100
53920191016347,14:58:40.191,35.9600,100
53920191016347,14:58:40.191,35.9600,100
53928469226172,14:58:48.469,35.9600,100
53928469226172,14:58:48.469,35.9600,200
53934229199839,14:58:54.229,35.9600,100
53940795426072,14:59:00.795,35.9600,100
53940795426072,14:59:00.795,35.9600,100
53947781427250,14:59:07.781,35.9600,100
53947781427250,14:59:07.781,35.9600,100
53953130191368,14:59:13.130,35.9600,100
53953130191368,14:59:13.130,35.9600,100
53956329746503,14:59:16.329,35.9600,100
53956329854371,14:59:16.329,35.9600,100
53963522933744,14:59:23.522,35.9600,100
53963523915514,14:59:23.523,35.9600,100
53963523915514,14:59:23.523,35.9600,1400
53971354680578,14:59:31.354,35.9800,100
53978913913715,14:59:38.913,36.0000,200
53978913941461,14:59:38.913,36.0000,27
53978914644528,14:59:38.914,36.0000,23
53989023101283,14:59:49.023,36.0000,100
54076345963536,15:01:16.345,35.9600,5
54076346194516,15:01:16.346,35.9600,6
54208841896479,15:03:28.841,35.9200,100
54209074416426,15:03:29.074,35.9200,40
54253233827853,15:04:13.233,35.9300,100
54253235097907,15:04:13.235,35.9400,100
54254520018910,15:04:14.520,35.9250,100
54258244024578,15:04:18.244,35.9200,100
54258905028780,15:04:18.905,35.9200,100
54279299940406,15:04:39.299,35.9000,100
54280001275288,15:04:40.001,35.8800,9
54308483954511,15:05:08.483,35.8700,100
54403222048896,15:06:43.222,35.8700,8
54412419633864,15:06:52.419,35.9000,100
54420893912106,15:07:00.893,35.9000,100
54427360740507,15:07:07.360,35.9000,63
54432074776270,15:07:12.074,35.9100,100
54439804953330,15:07:19.804,35.9100,100
54443273612168,15:07:23.273,35.9200,100
54451182270507,15:07:31.182,35.9200,100
54459370493295,15:07:39.370,35.9300,100
54464166586445,15:07:44.166,35.9500,100
54464166586445,15:07:44.166,35.9500,7
54464166586445,15:07:44.166,35.9500,100
54467676596571,15:07:47.676,35.9600,100
54467676596571,15:07:47.676,35.9600,100
54467676596571,15:07:47.676,35.9600,100
54474467033339,15:07:54.467,35.9600,100
54474774232082,15:07:54.774,35.9800,3
54483755386568,15:08:03.755,35.9800,100
54483755386568,15:08:03.755,35.9800,34
54483755386568,15:08:03.755,35.9800,66
54494857840110,15:08:14.857,36.0000,100
54494857896573,15:08:14.857,36.0000,200
54494857947518,15:08:14.857,36.0000,100
54500579495085,15:08:20.579,35.9750,82
54500579495085,15:08:20.579,36.0000,100
54500579495085,15:08:20.579,36.0000,18
54507239703569,15:08:27.239,36.0000,82
54507239703569,15:08:27.239,36.0000,100
54523085167261,15:08:43.085,35.9500,100
54526789915855,15:08:46.789,35.9500,100
54536138370669,15:08:56.138,35.9700,200
54536138370669,15:08:56.138,35.9800,100
54663087771785,15:11:03.087,35.9100,100
54663094031565,15:11:03.094,35.8900,100
54670979245577,15:11:10.979,35.8600,10
54735978840116,15:12:15.978,35.8700,6
54780028551483,15:13:00.028,35.8700,6
54780028608873,15:13:00.028,35.8700,94
54780028608873,15:13:00.028,35.8700,6
54780028649795,15:13:00.028,35.8700,15
54780028649795,15:13:00.028,35.8700,17
54782573889527,15:13:02.573,35.8800,21
54814565199312,15:13:34.565,35.8800,79
54814565199312,15:13:34.565,35.8800,1
54815564930746,15:13:35.564,35.8800,12
54833879168941,15:13:53.879,35.8800,10
54833881250591,15:13:53.881,35.8500,100
54833884902573,15:13:53.884,35.8100,100
54833884902573,15:13:53.884,35.8100,100
54833884902573,15:13:53.884,35.8100,100
54833886181575,15:13:53.886,35.8000,100
54833887209727,15:13:53.887,35.7900,100
54833889197055,15:13:53.889,35.7800,100
54833889197055,15:13:53.889,35.7800,100
54842709310714,15:14:02.709,35.8000,100
54842709420183,15:14:02.709,35.7800,30
54842710159228,15:14:02.710,35.8000,30
54846222828101,15:14:06.222,35.7900,100
54846222828101,15:14:06.222,35.7900,100
54846223112133,15:14:06.223,35.7900,9
54876564392939,15:14:36.564,35.8000,21
54918388731292,15:15:18.388,35.8000,100
54918388731292,15:15:18.388,35.8300,100
54935577206692,15:15:35.577,35.8300,100
54935577272345,15:15:35.577,35.8300,14
54947274721540,15:15:47.274,35.8400,100
54947275327359,15:15:47.275,35.8400,100
54948427960096,15:15:48.427,35.8600,100
54948500631585,15:15:48.500,35.8600,2
54948502158617,15:15:48.502,35.8600,1
54968619946106,15:16:08.619,35.8700,21
55000566341885,15:16:40.566,35.8700,21
55077955650234,15:17:57.955,35.9000,100
55077955650234,15:17:57.955,35.9000,1
55077955650234,15:17:57.955,35.9000,1
55099516513077,15:18:19.516,35.9100,100
55099516513077,15:18:19.516,35.9100,100
55111346523487,15:18:31.346,35.9200,1
55113738407227,15:18:33.738,35.9200,99
55113738407227,15:18:33.738,35.9200,100
55113738407227,15:18:33.738,35.9200,100
55113738407227,15:18:33.738,35.9200,100
55131462145202,15:18:51.462,35.9400,100
55131462145202,15:18:51.462,35.9400,1
55134215757907,15:18:54.215,35.9600,9
55134215757907,15:18:54.215,35.9600,2
55134216292417,15:18:54.216,35.9700,100
55134216292417,15:18:54.216,35.9700,89
55142135636947,15:19:02.135,35.9700,11
55142135636947,15:19:02.135,35.9700,1
55148041077763,15:19:08.041,35.9700,13
55148567799316,15:19:08.567,35.9800,13
55148568470406,15:19:08.568,35.9700,10
55151028558623,15:19:11.028,35.9700,100
55151568185639,15:19:11.568,35.9600,4
55154569073254,15:19:14.569,35.9700,10
55177650553389,15:19:37.650,36.0000,200
55182781827435,15:19:42.781,36.0000,200
55187251754843,15:19:47.251,36.0000,200
55193707770387,15:19:53.707,36.0000,200
55198190229230,15:19:58.190,36.0000,200
55198603135968,15:19:58.603,35.9900,100
55199109256394,15:19:59.109,35.9800,22
55199109256394,15:19:59.109,35.9800,100
55199109256394,15:19:59.109,35.9800,78
55199109416155,15:19:59.109,35.9900,100
55203199565741,15:20:03.199,35.9900,100
55203199565741,15:20:03.199,35.9900,2
55204496636526,15:20:04.496,35.9900,100
55204517990760,15:20:04.517,35.9900,64
55209401974456,15:20:09.401,36.0000,100
55216031698025,15:20:16.031,36.0000,100
55216031698025,15:20:16.031,36.0000,8
55216031698025,15:20:16.031,36.0000,5
55216031698025,15:20:16.031,36.0000,87
55219285687324,15:20:19.285,36.0000,13
55219285687324,15:20:19.285,36.0000,87
55227191984514,15:20:27.191,36.0000,300
55231342881493,15:20:31.342,36.0000,200
55235271644108,15:20:35.271,36.0000,13
55235271644108,15:20:35.271,36.0000,87
55237542399836,15:20:37.542,36.0000,300
55237542927199,15:20:37.542,36.0000,100
55242856686056,15:20:42.856,36.0000,113
55242856686056,15:20:42.856,36.0000,100
55242857012279,15:20:42.857,36.0000,57
55243120978491,15:20:43.120,35.9900,100
55243120978491,15:20:43.120,35.9900,100
55243121567191,15:20:43.121,35.9800,21
55243121567191,15:20:43.121,35.9800,100
55243121567191,15:20:43.121,35.9800,100
55243122132329,15:20:43.122,35.9600,15
55249178421103,15:20:49.178,35.9800,100
55271283040841,15:21:11.283,35.9500,5
55272321711114,15:21:12.321,35.9400,100
55299475651390,15:21:39.475,35.9400,13
55302243406532,15:21:42.243,35.9300,21
55302268518246,15:21:42.268,35.9200,100
55372014933963,15:22:52.014,35.9000,1
55372014969073,15:22:52.014,35.9000,20
55373969430664,15:22:53.969,35.8700,100
55400854540500,15:23:20.854,35.8800,10
55408260729074,15:23:28.260,35.8500,1
55408260757214,15:23:28.260,35.8500,21
55452036630552,15:24:12.036,35.8300,100
55452036630552,15:24:12.036,35.8300,100
55498400469560,15:24:58.400,35.8500,100
55498400469560,15:24:58.400,35.8500,21
55498400469560,15:24:58.400,35.8500,19
55498400469560,15:24:58.400,35.8500,100
55503302184378,15:25:03.302,35.8600,100
55503302184378,15:25:03.302,35.8600,100
55506241479060,15:25:06.241,35.8700,100
55523044848705,15:25:23.044,35.8800,21
55536327078341,15:25:36.327,35.8800,79
55536327078341,15:25:36.327,35.8800,103
55568870638019,15:26:08.870,35.8800,1
55623713321346,15:27:03.713,35.9300,100
55623713321346,15:27:03.713,35.9300,11
55631938094508,15:27:11.938,35.9400,100
55631938094508,15:27:11.938,35.9400,21
55656304700708,15:27:36.304,35.9400,100
55701069392335,15:28:21.069,35.9700,21
55740123696668,15:29:00.123,35.9700,21
55740123830256,15:29:00.123,35.9600,13
55740123830256,15:29:00.123,35.9600,56
55740123858599,15:29:00.123,35.9600,44
55741122270026,15:29:01.122,35.9500,200
55741122270026,15:29:01.122,35.9500,100
55741122373715,15:29:01.122,35.9500,16
55741123047167,15:29:01.123,35.9500,200
55741123130878,15:29:01.123,35.9500,184
55741123130878,15:29:01.123,35.9400,16
55741182546159,15:29:01.182,35.9400,100
55747871846263,15:29:07.871,35.9600,28
55754890657655,15:29:14.890,35.9500,84
55772392205645,15:29:32.392,35.9200,20
55772392205645,15:29:32.392,35.9200,9
55772392205645,15:29:32.392,35.9200,100
55772393537326,15:29:32.393,35.9100,100
55772393537326,15:29:32.393,35.9100,100
55772393537326,15:29:32.393,35.9100,100
55772393537326,15:29:32.393,35.9100,21
55772393537326,15:29:32.393,35.9100,100
55772394641993,15:29:32.394,35.9000,100
55772542508342,15:29:32.542,35.8900,100
55782200919987,15:29:42.200,35.9200,100
55790734576567,15:29:50.734,35.9100,100
55791310151004,15:29:51.310,35.9200,100
55791311526731,15:29:51.311,35.9300,100
55794853086851,15:29:54.853,35.9400,100
55797447547938,15:29:57.447,35.9300,100
55868860721414,15:31:08.860,35.9400,21
55883370773037,15:31:23.370,35.9400,100
55918059947491,15:31:58.059,35.9400,100
55918059947491,15:31:58.059,35.9400,100
55918061466617,15:31:58.061,35.9400,21
55918150031823,15:31:58.150,35.9400,100
55918855648757,15:31:58.855,35.9400,7
55953707169234,15:32:33.707,35.9300,100
55953707206435,15:32:33.707,35.9300,100
55953707206435,15:32:33.707,35.9300,21
55953707908721,15:32:33.707,35.9200,24
55953709652916,15:32:33.709,35.9200,76
55954786204930,15:32:34.786,35.9200,2
55954786204930,15:32:34.786,35.9200,48
55954786279157,15:32:34.786,35.9200,52
56029695671927,15:33:49.695,35.9500,21
56029701384866,15:33:49.701,35.9600,100
56043240014415,15:34:03.240,35.9600,21
56052692682638,15:34:12.692,35.9400,100
56052692833029,15:34:12.692,35.9400,100
56092249979857,15:34:52.249,35.9300,50
56104033747330,15:35:04.033,35.9500,8
56104094289177,15:35:04.094,35.9500,14
56134645915072,15:35:34.645,35.9600,100
56148934562001,15:35:48.934,35.9500,15
56160355935206,15:36:00.355,35.9500,100
56160355962192,15:36:00.355,35.9500,200
56160355962192,15:36:00.355,35.9500,21
56161811518311,15:36:01.811,35.9400,100
56161811518311,15:36:01.811,35.9400,100
56164146871754,15:36:04.146,35.9300,100
56211650197761,15:36:51.650,35.9400,100
56240902348315,15:37:20.902,35.9400,22
56240902348315,15:37:20.902,35.9400,71
56241233811354,15:37:21.233,35.9350,56
56256460465172,15:37:36.460,35.9500,17
56293490052996,15:38:13.490,35.9400,4
56323470263883,15:38:43.470,35.9400,100
56323470263883,15:38:43.470,35.9400,21
56323473434205,15:38:43.473,35.9300,11
56401184711744,15:40:01.184,35.9300,21
56415321795393,15:40:15.321,35.9300,100
56415322491316,15:40:15.322,35.9300,100
56415322491316,15:40:15.322,35.9300,100
56415322543451,15:40:15.322,35.9300,29
56415322666663,15:40:15.322,35.9300,100
56444240498879,15:40:44.240,35.9400,100
56444240498879,15:40:44.240,35.9400,100
56444240652645,15:40:44.240,35.9400,100
56444241310652,15:40:44.241,35.9500,100
56470032110703,15:41:10.032,35.9600,22
56487095036008,15:41:27.095,35.9500,7
56494381624899,15:41:34.381,35.9700,100
56494381624899,15:41:34.381,35.9700,100
56504243859322,15:41:44.243,35.9700,100
56504243859322,15:41:44.243,35.9700,100
56507150815745,15:41:47.150,35.9700,100
56509474236091,15:41:49.474,35.9800,100
56509474236091,15:41:49.474,35.9800,1
56509474236091,15:41:49.474,35.9800,100
56509474236091,15:41:49.474,35.9800,99
56509474275929,15:41:49.474,35.9800,1
56512807969159,15:41:52.807,35.9900,100
56523039992825,15:42:03.039,36.0000,100
56580284887404,15:43:00.284,35.9900,21
56602062403490,15:43:22.062,35.9700,57
56629753232611,15:43:49.753,35.9700,100
56654049371735,15:44:14.049,35.9800,21
56675477024295,15:44:35.477,35.9600,100
56714201474091,15:45:14.201,35.9600,1
56728268431542,15:45:28.268,35.9600,21
56737270153606,15:45:37.270,35.9600,79
56747181143374,15:45:47.181,35.9700,100
56747182227788,15:45:47.182,35.9800,100
56750430355615,15:45:50.430,35.9900,100
56751649992788,15:45:51.649,35.9900,2
56751649992788,15:45:51.649,35.9900,4
56753174273942,15:45:53.174,36.0000,10
56800645913576,15:46:40.645,36.0000,100
56800645913576,15:46:40.645,36.0000,1
56800645913576,15:46:40.645,36.0000,1
56800645913576,15:46:40.645,36.0000,1
56800645913576,15:46:40.645,36.0000,3
56800645913576,15:46:40.645,36.0000,18
56832479256215,15:47:12.479,35.9950,100
56832479256215,15:47:12.479,36.0000,1
56878522738309,15:47:58.522,36.0000,99
56878522738309,15:47:58.522,36.0000,1
56893241707584,15:48:13.241,36.0000,100
56896020964916,15:48:16.020,36.0000,100
56929127355929,15:48:49.127,36.0000,100
56931856238185,15:48:51.856,36.0000,100
56942446222914,15:49:02.446,36.0000,4
56973333446012,15:49:33.333,36.0000,15
57003194731579,15:50:03.194,36.0000,85
57003194731579,15:50:03.194,36.0000,100
57003194731579,15:50:03.194,36.0000,100
57003194731579,15:50:03.194,36.0000,1
57013832836175,15:50:13.832,36.0000,100
57013833501636,15:50:13.833,36.0100,100
57013840249470,15:50:13.840,36.0200,100
57014149718949,15:50:14.149,36.0300,100
57014149718949,15:50:14.149,36.0300,100
57014150393486,15:50:14.150,36.0500,100
57014899468271,15:50:14.899,36.0500,100
57015150121429,15:50:15.150,36.0700,100
57015150121429,15:50:15.150,36.0700,100
57015150180514,15:50:15.150,36.0700,48
57018150799475,15:50:18.150,36.0900,20
57020356022955,15:50:20.356,36.0800,22
57029149267740,15:50:29.149,36.0800,40
57034151057869,15:50:34.151,36.0800,100
57035242694325,15:50:35.242,36.0800,100
57041150787736,15:50:41.150,36.1000,58
57043482654001,15:50:43.482,36.0700,100
57044884103745,15:50:44.884,36.0700,31
57046146848637,15:50:46.146,36.0750,100
57056149878459,15:50:56.149,36.0800,100
57071150159842,15:51:11.150,36.0800,16
57118202290806,15:51:58.202,36.0700,48
57138154891656,15:52:18.154,36.0800,7
57186147911757,15:53:06.147,36.0750,100
57209514300640,15:53:29.514,36.0750,100
57209514300640,15:53:29.514,36.0800,3
57209514300640,15:53:29.514,36.0800,100
57209514300640,15:53:29.514,36.0800,100
57209514300640,15:53:29.514,36.0800,97
57209514393041,15:53:29.514,36.0800,3
57209514393041,15:53:29.514,36.0800,100
57209514393041,15:53:29.514,36.0800,100
57209514393041,15:53:29.514,36.0800,100
57209515565401,15:53:29.515,36.0900,100
57210125662811,15:53:30.125,36.0900,6
57257148106292,15:54:17.148,36.0850,100
57266756179872,15:54:26.756,36.0900,94
57266756179872,15:54:26.756,36.0900,100
57266756179872,15:54:26.756,36.0900,100
57266756179872,15:54:26.756,36.0900,10
57266756179872,15:54:26.756,36.0900,96
57266756281979,15:54:26.756,36.0900,4
57266756281979,15:54:26.756,36.0900,100
57266757386822,15:54:26.757,36.1000,9
57279151088245,15:54:39.151,36.1000,91
57279151088245,15:54:39.151,36.1000,9
57279151140516,15:54:39.151,36.1000,91
57279151140516,15:54:39.151,36.1000,100
57279151140516,15:54:39.151,36.1000,39
57280128817589,15:54:40.128,36.1100,21
57289147452561,15:54:49.147,36.0950,100
57294148437982,15:54:54.148,36.0950,100
57296065335755,15:54:56.065,36.1000,200
57296065335755,15:54:56.065,36.1000,100
57296065335755,15:54:56.065,36.1000,100
57296065335755,15:54:56.065,36.1000,100
57296065335755,15:54:56.065,36.1000,100
57296148788685,15:54:56.148,36.1000,100
57300176373397,15:55:00.176,36.0950,100
57300176373397,15:55:00.176,36.0900,21
57300176373397,15:55:00.176,36.0900,108
57300176373397,15:55:00.176,36.0900,100
57300176388878,15:55:00.176,36.0900,72
57300964031804,15:55:00.964,36.1000,100
57300964450829,15:55:00.964,36.1000,100
57300964450829,15:55:00.964,36.1000,100
57300964450829,15:55:00.964,36.1000,100
57300964450829,15:55:00.964,36.1000,100
57305156851118,15:55:05.156,36.1300,100
57309152854882,15:55:09.152,36.1200,100
57309152928922,15:55:09.152,36.1200,97
57309152928922,15:55:09.152,36.1200,100
57310400438737,15:55:10.400,36.1300,400
57310400497379,15:55:10.400,36.1300,100
57310400497379,15:55:10.400,36.1300,15
57311463547741,15:55:11.463,36.1300,100
57311532476603,15:55:11.532,36.1400,13
57311532476603,15:55:11.532,36.1400,100
57311532476603,15:55:11.532,36.1400,87
57311532553325,15:55:11.532,36.1400,43
57311532553325,15:55:11.532,36.1400,1
57313142081422,15:55:13.142,36.1500,100
57313142676745,15:55:13.142,36.1500,13
57320997948954,15:55:20.997,36.1500,100
57322158937547,15:55:22.158,36.1500,100
57322159468428,15:55:22.159,36.1500,29
57322159527772,15:55:22.159,36.1500,158
57322159527772,15:55:22.159,36.1500,100
57326051910597,15:55:26.051,36.1650,26
57330152974705,15:55:30.152,36.1700,8
57330152974705,15:55:30.152,36.1700,92
57330179780814,15:55:30.179,36.1700,8
57331731878575,15:55:31.731,36.1800,100
57331731878575,15:55:31.731,36.1800,38
57331731878575,15:55:31.731,36.1800,1
57332165046469,15:55:32.165,36.1800,52
57334855883684,15:55:34.855,36.1800,13
57334855883684,15:55:34.855,36.1800,87
57369797221910,15:56:09.797,36.1800,1
57372560947839,15:56:12.560,36.1800,99
57372560947839,15:56:12.560,36.1800,1
57378232176846,15:56:18.232,36.1700,300
57378232176846,15:56:18.232,36.1700,108
57378232176846,15:56:18.232,36.1700,20
57378232176846,15:56:18.232,36.1700,100
57378232176846,15:56:18.232,36.1700,100
57378232176846,15:56:18.232,36.1700,21
57378232176846,15:56:18.232,36.1700,100
57378232176846,15:56:18.232,36.1700,100
57378232176846,15:56:18.232,36.1700,100
57378232226770,15:56:18.232,36.1700,52
57378232562611,15:56:18.232,36.1700,100
57378232604092,15:56:18.232,36.1700,100
57378233023680,15:56:18.233,36.1700,100
57378233834353,15:56:18.233,36.1700,100
57378233834353,15:56:18.233,36.1700,100
57378233834353,15:56:18.233,36.1700,100
57378233834353,15:56:18.233,36.1700,300
57378233834353,15:56:18.233,36.1700,48
57378233834353,15:56:18.233,36.1700,52
57378233873838,15:56:18.233,36.1700,48
57378234401304,15:56:18.234,36.1600,52
57382146545217,15:56:22.146,36.1600,48
57382146545217,15:56:22.146,36.1600,52
57392341601828,15:56:32.341,36.1650,100
57414149491064,15:56:54.149,36.1700,100
57414149491064,15:56:54.149,36.1700,100
57419148866285,15:56:59.148,36.1700,100
57419148934008,15:56:59.148,36.1700,21
57419148934008,15:56:59.148,36.1700,100
57419148934008,15:56:59.148,36.1700,100
57419148934008,15:56:59.148,36.1700,1
57419148934008,15:56:59.148,36.1700,26
57419148934008,15:56:59.148,36.1700,73
57419148934008,15:56:59.148,36.1700,15
57419149144230,15:56:59.149,36.1700,100
57422153112956,15:57:02.153,36.1800,90
57424403487943,15:57:04.403,36.1700,108
57424403487943,15:57:04.403,36.1700,300
57424403487943,15:57:04.403,36.1700,21
57424403487943,15:57:04.403,36.1700,100
57425151744429,15:57:05.151,36.1700,100
57425151787852,15:57:05.151,36.1700,162
57429874011430,15:57:09.874,36.1750,100
57431070965058,15:57:11.070,36.1700,7
57437107503804,15:57:17.107,36.1700,47
57438151251268,15:57:18.151,36.1800,40
57439402631107,15:57:19.402,36.1700,29
57439402631107,15:57:19.402,36.1700,71
57475096648534,15:57:55.096,36.1700,150
57475402015884,15:57:55.402,36.1600,48
57475402015884,15:57:55.402,36.1600,100
57475402015884,15:57:55.402,36.1600,300
57475402015884,15:57:55.402,36.1600,100
57475402015884,15:57:55.402,36.1600,100
57475402015884,15:57:55.402,36.1600,100
57475402015884,15:57:55.402,36.1600,100
57475402015884,15:57:55.402,36.1600,100
57475402015884,15:57:55.402,36.1600,100
57475402015884,15:57:55.402,36.1600,19
57475402015884,15:57:55.402,36.1600,33
57480093398599,15:58:00.093,36.1600,41
57515401169402,15:58:35.401,36.1700,62
57515401169402,15:58:35.401,36.1700,9
57515401217478,15:58:35.401,36.1700,48
57515401217478,15:58:35.401,36.1700,179
57515401446106,15:58:35.401,36.1700,21
57515401446106,15:58:35.401,36.1700,22
57515401458153,15:58:35.401,36.1700,50
57515401480800,15:58:35.401,36.1700,49
57515401480800,15:58:35.401,36.1700,178
57515401589433,15:58:35.401,36.1700,81
57515401589433,15:58:35.401,36.1700,100
57515401589433,15:58:35.401,36.1700,46
57515401626444,15:58:35.401,36.1700,50
57515401659404,15:58:35.401,36.1700,51
57515401659404,15:58:35.401,36.1700,60
57515401659404,15:58:35.401,36.1700,116
57515401707836,15:58:35.401,36.1700,50
57515401982695,15:58:35.401,36.1700,34
57515401982695,15:58:35.401,36.1700,44
57515401982695,15:58:35.401,36.1700,86
57515401982695,15:58:35.401,36.1700,60
57515401982695,15:58:35.401,36.1700,3
57515402053607,15:58:35.402,36.1700,116
57515402096283,15:58:35.402,36.1700,111
57515402194730,15:58:35.402,36.1700,100
57515405138441,15:58:35.405,36.1700,100
57518778173231,15:58:38.778,36.1800,70
57518778173231,15:58:38.778,36.1800,320
57526765284103,15:58:46.765,36.1750,100
57526765284103,15:58:46.765,36.1750,100
57526765284103,15:58:46.765,36.1750,100
57526765284103,15:58:46.765,36.1700,19
57526765284103,15:58:46.765,36.1700,148
57526766352024,15:58:46.766,36.1700,100
57526767676013,15:58:46.767,36.1700,52
57526767676013,15:58:46.767,36.1700,100
57526767676013,15:58:46.767,36.1700,100
57526767676013,15:58:46.767,36.1700,48
57526956252548,15:58:46.956,36.1700,100
57526956252548,15:58:46.956,36.1700,148
57527403313941,15:58:47.403,36.1700,100
57527404752323,15:58:47.404,36.1600,100
57527404752323,15:58:47.404,36.1600,100
57527404752323,15:58:47.404,36.1600,100
57527404752323,15:58:47.404,36.1600,100
57527405954462,15:58:47.405,36.1600,100
57527405954462,15:58:47.405,36.1600,52
57527405954462,15:58:47.405,36.1600,100
57528404784077,15:58:48.404,36.1600,3
57528404784077,15:58:48.404,36.1600,100
57528404784077,15:58:48.404,36.1600,100
57528828599779,15:58:48.828,36.1600,40
57528828599779,15:58:48.828,36.1600,100
57529407278816,15:58:49.407,36.1500,200
57530151204510,15:58:50.151,36.1500,100
57532537626362,15:58:52.537,36.1550,100
57532541064268,15:58:52.541,36.1550,100
57533406593159,15:58:53.406,36.1500,100
57533529017968,15:58:53.529,36.1500,100
57533868185920,15:58:53.868,36.1500,100
57533868185920,15:58:53.868,36.1500,50
57535226810155,15:58:55.226,36.1600,100
57541034643545,15:59:01.034,36.1600,94
57543490897578,15:59:03.490,36.1600,100
57543490897578,15:59:03.490,36.1600,200
57543563867090,15:59:03.563,36.1600,100
57549401708574,15:59:09.401,36.1650,100
57549401708574,15:59:09.401,36.1600,300
57549401708574,15:59:09.401,36.1600,200
57552774400450,15:59:12.774,36.1650,100
57553999092842,15:59:13.999,36.1650,100
57556846361063,15:59:16.846,36.1650,100
57560017971415,15:59:20.017,36.1650,100
57560402353478,15:59:20.402,36.1600,21
57560402353478,15:59:20.402,36.1600,100
57560402353478,15:59:20.402,36.1600,100
57560402353478,15:59:20.402,36.1600,69
57560402353478,15:59:20.402,36.1600,100
57560402353478,15:59:20.402,36.1600,100
57565405396805,15:59:25.405,36.1500,359
57565405396805,15:59:25.405,36.1500,100
57565405396805,15:59:25.405,36.1500,39
57565405396805,15:59:25.405,36.1500,100
57567777226937,15:59:27.777,36.1550,100
57567777226937,15:59:27.777,36.1500,50
57567986360882,15:59:27.986,36.1500,50
57567986360882,15:59:27.986,36.1500,50
57568002690667,15:59:28.002,36.1550,100
57568999481314,15:59:28.999,36.1550,100
57569412606640,15:59:29.412,36.1550,100
57570097651420,15:59:30.097,36.1500,100
57572252839825,15:59:32.252,36.1500,100
57572252839825,15:59:32.252,36.1500,100
57572556158578,15:59:32.556,36.1400,100
57572556158578,15:59:32.556,36.1400,100
57572556347526,15:59:32.556,36.1400,100
57573096634053,15:59:33.096,36.1400,24
57573100290122,15:59:33.100,36.1400,76
57573100290122,15:59:33.100,36.1400,100
57574017785627,15:59:34.017,36.0900,100
57574989474810,15:59:34.989,36.1100,100
57577533623224,15:59:37.533,36.0900,100
57578339967155,15:59:38.339,36.0900,100
57578403511864,15:59:38.403,36.0900,100
57578403511864,15:59:38.403,36.0900,100
57579152120262,15:59:39.152,36.0700,100
57581402751745,15:59:41.402,36.0700,400
57582111359749,15:59:42.111,36.0500,100
57582166033974,15:59:42.166,36.0400,27
57582340986798,15:59:42.340,36.0400,73
57582349708431,15:59:42.349,36.0200,50
57582944779447,15:59:42.944,36.0300,100
57584180875757,15:59:44.180,36.0300,100
57584414150082,15:59:44.414,36.0300,400
57585382274760,15:59:45.382,36.0450,100
57586412750855,15:59:46.412,36.0300,100
57586412750855,15:59:46.412,36.0300,100
57586412750855,15:59:46.412,36.0300,100
57586418653964,15:59:46.418,36.0200,100
57588430606574,15:59:48.430,36.0200,100
57589184833263,15:59:49.184,36.0200,100
57590061795313,15:59:50.061,36.0600,5
57590875501540,15:59:50.875,36.0300,100
57591218001464,15:59:51.218,36.0400,400
57591218001464,15:59:51.218,36.0600,77
57591218001464,15:59:51.218,36.0600,100
57591218001464,15:59:51.218,36.0600,100
57591218001464,15:59:51.218,36.0600,10
57591218001464,15:59:51.218,36.0600,100
57591218001464,15:59:51.218,36.0700,200
57591218001464,15:59:51.218,36.0700,100
57591218001464,15:59:51.218,36.0700,200
57591218001464,15:59:51.218,36.0900,200
57591218001464,15:59:51.218,36.0900,100
57591218001464,15:59:51.218,36.1000,500
57591218001464,15:59:51.218,36.1000,500
57591218894047,15:59:51.218,36.0600,147
57591218894047,15:59:51.218,36.0600,181
57591218894047,15:59:51.218,36.1000,100
57591218894047,15:59:51.218,36.1000,200
57591218894047,15:59:51.218,36.1100,200
57591236014754,15:59:51.236,36.1100,200
57591236532137,15:59:51.236,36.1200,600
57591237939672,15:59:51.237,36.1400,10
57591237939672,15:59:51.237,36.1400,200
57591238495244,15:59:51.238,36.1500,600
57591238495244,15:59:51.238,36.1500,100
57591238495244,15:59:51.238,36.1500,200
57591238495244,15:59:51.238,36.1500,100
57591239053976,15:59:51.239,36.1500,200
57591239567005,15:59:51.239,36.1900,100
57591239567005,15:59:51.239,36.1900,200
57591242329601,15:59:51.242,36.1900,300
57591242329601,15:59:51.242,36.1900,100
57591246017980,15:59:51.246,36.2000,100
57591246017980,15:59:51.246,36.2000,200
57591251184887,15:59:51.251,36.2000,100
57591251266394,15:59:51.251,36.2000,100
57591251300394,15:59:51.251,36.2000,100
57591251347102,15:59:51.251,36.2000,100
57591251425990,15:59:51.251,36.2000,100
57591252721856,15:59:51.252,36.2000,100
57591252728220,15:59:51.252,36.2000,200
57591252783901,15:59:51.252,36.2000,100
57591252865360,15:59:51.252,36.2000,35
57591358198248,15:59:51.358,36.1500,100
57591358198248,15:59:51.358,36.1500,200
57591358198248,15:59:51.358,36.1600,100
57591358198248,15:59:51.358,36.1600,200
57591358198248,15:59:51.358,36.1600,100
57591358763316,15:59:51.358,36.1700,200
57591358763316,15:59:51.358,36.1700,200
57591363012573,15:59:51.363,36.2000,100
57591363012573,15:59:51.363,36.2000,200
57591363012573,15:59:51.363,36.2000,400
57591368042746,15:59:51.368,36.2000,200
57591369221251,15:59:51.369,36.2000,200
57591473583897,15:59:51.473,36.1900,500
57591473583897,15:59:51.473,36.2000,200
57591475416804,15:59:51.475,36.0500,100
57591479129636,15:59:51.479,36.1900,100
57591479129636,15:59:51.479,36.1900,300
57591479129636,15:59:51.479,36.2000,100
57591479129636,15:59:51.479,36.2000,200
57591699513900,15:59:51.699,36.2000,200
57592145709816,15:59:52.145,36.2000,100
57592145709816,15:59:52.145,36.2000,100
57592145709816,15:59:52.145,36.2000,100
57592145958976,15:59:52.145,36.2000,100
57592145958976,15:59:52.145,36.2000,300
57592146123390,15:59:52.146,36.2000,200
57592146123390,15:59:52.146,36.2000,200
57592146879132,15:59:52.146,36.2000,100
57592146927865,15:59:52.146,36.2000,100
57592147152050,15:59:52.147,36.2000,100
57592147272077,15:59:52.147,36.2000,100
57592150586806,15:59:52.150,36.2000,100
57592252144661,15:59:52.252,36.2000,300
57592253849788,15:59:52.253,36.2000,200
57592353498850,15:59:52.353,36.2000,200
57592412579532,15:59:52.412,36.2000,40
57592412579532,15:59:52.412,36.2000,40
57592412692492,15:59:52.412,36.2000,160
57592413373361,15:59:52.413,36.1900,20
57592416353690,15:59:52.416,36.1900,100
57592456509929,15:59:52.456,36.2000,40
57592467786358,15:59:52.467,36.2000,60
57593052611403,15:59:53.052,36.2000,20
57593305708469,15:59:53.305,36.2000,80
57593305708469,15:59:53.305,36.2000,9
57593698340329,15:59:53.698,36.2000,200
57593698420639,15:59:53.698,36.2000,84
57593699685022,15:59:53.699,36.2000,200
57593699685022,15:59:53.699,36.2000,100
57593700776168,15:59:53.700,36.2000,100
57593700904506,15:59:53.700,36.1900,93
57593700921197,15:59:53.700,36.2000,200
57593708587799,15:59:53.708,36.2000,16
57594103575680,15:59:54.103,36.1900,7
57594103575680,15:59:54.103,36.1900,126
57594607370113,15:59:54.607,36.1900,74
57594607370113,15:59:54.607,36.1900,26
57594615192339,15:59:54.615,36.1900,74
57594615192339,15:59:54.615,36.1900,26
57595047163145,15:59:55.047,36.1900,74
57595047163145,15:59:55.047,36.1900,26
57595179190860,15:59:55.179,36.1900,174
57595179190860,15:59:55.179,36.1900,74
57595269574209,15:59:55.269,36.1900,26
57595269574209,15:59:55.269,36.1900,100
57595269574209,15:59:55.269,36.1900,100
57595365639193,15:59:55.365,36.1900,100
57595950407034,15:59:55.950,36.2000,52
57596008391814,15:59:56.008,36.1900,100
57597400513014,15:59:57.400,36.1500,100
57597400513014,15:59:57.400,36.1500,50
57597400861095,15:59:57.400,36.1300,100
57597612221962,15:59:57.612,36.1400,50
57597612221962,15:59:57.612,36.1500,50
57598018144647,15:59:58.018,36.1900,50
57598018144647,15:59:58.018,36.2000,3
57599383199153,15:59:59.383,36.1300,100
57599639587491,15:59:59.639,36.1300,100
57600573039686,16:00:00.573,36.1100,17791
