timestamp,time,price,volume
34200560146295,09:30:00.560,0.0000,0
34265034872172,09:31:05.034,8.5400,100
34265034872172,09:31:05.034,8.5400,100
34325462842551,09:32:05.462,8.5300,100
34919214614128,09:41:59.214,8.5300,100
35049717719553,09:44:09.717,8.5200,100
35065679251035,09:44:25.679,8.5100,100
35072569176333,09:44:32.569,8.5100,200
35072569176333,09:44:32.569,8.5100,100
35072569176333,09:44:32.569,8.5100,400
35203769666076,09:46:43.769,8.5200,100
35217660391864,09:46:57.660,8.5200,100
36018776546536,10:00:18.776,8.5150,100
37188224529091,10:19:48.224,8.5150,100
38513860627234,10:41:53.860,8.5200,100
38979115424763,10:49:39.115,8.5200,200
38979115424763,10:49:39.115,8.5200,100
38979115424763,10:49:39.115,8.5200,100
38979115424763,10:49:39.115,8.5200,100
39663519468852,11:01:03.519,8.5200,100
39663519529084,11:01:03.519,8.5200,100
39663519706957,11:01:03.519,8.5200,200
40614380744111,11:16:54.380,8.5200,100
40614380744111,11:16:54.380,8.5200,200
40614380744111,11:16:54.380,8.5200,100
40614380744111,11:16:54.380,8.5200,100
40614380744111,11:16:54.380,8.5200,100
42252559041756,11:44:12.559,8.5200,200
42252559041756,11:44:12.559,8.5200,100
42252559041756,11:44:12.559,8.5200,100
42252559041756,11:44:12.559,8.5200,100
42252559041756,11:44:12.559,8.5200,100
42252559041756,11:44:12.559,8.5200,100
42252563078488,11:44:12.563,8.5200,14
42268848590292,11:44:28.848,8.5200,100
42268854484507,11:44:28.854,8.5200,86
42268854484507,11:44:28.854,8.5200,14
42271473811872,11:44:31.473,8.5200,86
42271473811872,11:44:31.473,8.5200,14
42271478864587,11:44:31.478,8.5200,100
42420576475367,11:47:00.576,8.5200,4
42544242472855,11:49:04.242,8.5200,72
42544246568401,11:49:04.246,8.5200,10
42544246568401,11:49:04.246,8.5200,90
42573837593377,11:49:33.837,8.5200,10
42573837593377,11:49:33.837,8.5200,100
42573837593377,11:49:33.837,8.5200,200
42573837593377,11:49:33.837,8.5200,100
42573837593377,11:49:33.837,8.5200,990
42573837665506,11:49:33.837,8.5200,64
42573837673336,11:49:33.837,8.5200,136
42573837673336,11:49:33.837,8.5200,210
42573838032915,11:49:33.838,8.5200,100
42573838032915,11:49:33.838,8.5200,200
42573838158356,11:49:33.838,8.5200,200
42573838158356,11:49:33.838,8.5200,100
43256455215698,12:00:56.455,8.5100,100
43256455215698,12:00:56.455,8.5100,200
43301530081863,12:01:41.530,8.5100,300
43316569499354,12:01:56.569,8.5100,100
43316569814790,12:01:56.569,8.5100,100
43316569938420,12:01:56.569,8.5100,100
44242935104073,12:17:22.935,8.5100,100
44242935104073,12:17:22.935,8.5100,100
44242935877062,12:17:22.935,8.5100,600
44242935877062,12:17:22.935,8.5100,100
44242935877062,12:17:22.935,8.5100,100
44307000870021,12:18:27.000,8.5200,100
44307000870021,12:18:27.000,8.5200,300
44307000870021,12:18:27.000,8.5200,200
44311792569254,12:18:31.792,8.5200,200
44311792661496,12:18:31.792,8.5200,100
44311792661496,12:18:31.792,8.5200,100
44311792661496,12:18:31.792,8.5200,200
44773425358225,12:26:13.425,8.5100,100
44773425507173,12:26:13.425,8.5100,100
44773425533251,12:26:13.425,8.5100,100
44773425881011,12:26:13.425,8.5100,100
45185302873914,12:33:05.302,8.5100,100
45185302873914,12:33:05.302,8.5100,100
45185302873914,12:33:05.302,8.5100,100
45185302873914,12:33:05.302,8.5100,100
45185302873914,12:33:05.302,8.5100,100
45185303163767,12:33:05.303,8.5100,100
48395607733925,13:26:35.607,8.5200,300
48395607733925,13:26:35.607,8.5200,100
48395607733925,13:26:35.607,8.5200,100
48395607757110,13:26:35.607,8.5200,100
48395608606594,13:26:35.608,8.5200,100
48395608606594,13:26:35.608,8.5200,100
48395639897005,13:26:35.639,8.5200,200
48395639897005,13:26:35.639,8.5200,100
48395639897005,13:26:35.639,8.5200,100
49621227444541,13:47:01.227,8.5100,100
49621227444541,13:47:01.227,8.5100,100
49621227444541,13:47:01.227,8.5100,200
49621227444541,13:47:01.227,8.5100,99
50136605727075,13:55:36.605,8.5100,100
50384122605646,13:59:44.122,8.5050,15
50409962498461,14:00:09.962,8.5100,200
50512486519402,14:01:52.486,8.5200,100
50512486587335,14:01:52.486,8.5200,100
50512486670428,14:01:52.486,8.5200,100
50557662176758,14:02:37.662,8.5200,300
50557663115307,14:02:37.663,8.5200,300
50648822925908,14:04:08.822,8.5200,200
50662121253102,14:04:22.121,8.5400,100
50684815387921,14:04:44.815,8.5450,100
51091155308996,14:11:31.155,8.5400,100
51188310531111,14:13:08.310,8.5500,85
51188310623342,14:13:08.310,8.5500,15
51188310623342,14:13:08.310,8.5500,100
51278461428415,14:14:38.461,8.5600,83
51278461437494,14:14:38.461,8.5600,17
51300484776656,14:15:00.484,8.5600,100
51300484776656,14:15:00.484,8.5600,1500
51300484803646,14:15:00.484,8.5600,1083
51439292025192,14:17:19.292,8.5600,100
51694523945274,14:21:34.523,8.5700,100
51694523945274,14:21:34.523,8.5700,200
51694523945274,14:21:34.523,8.5700,200
51694524783035,14:21:34.524,8.5700,100
51879129612802,14:24:39.129,8.5700,100
52066882887594,14:27:46.882,8.5600,100
52130863658973,14:28:50.863,8.5600,100
52130863658973,14:28:50.863,8.5600,100
52130863658973,14:28:50.863,8.5600,100
52130863997228,14:28:50.863,8.5600,100
52130863997228,14:28:50.863,8.5600,100
52149694181385,14:29:09.694,8.5700,100
52149694181385,14:29:09.694,8.5700,200
52149694181385,14:29:09.694,8.5700,200
52149694636284,14:29:09.694,8.5700,33
52293980589997,14:31:33.980,8.5800,100
53267374805699,14:47:47.374,8.5750,75
53592715216893,14:53:12.715,8.5800,100
53592715216893,14:53:12.715,8.5800,100
53592715216893,14:53:12.715,8.5800,700
53592715216893,14:53:12.715,8.5800,100
53592715316357,14:53:12.715,8.5800,100
53592715489839,14:53:12.715,8.5800,100
53607854327149,14:53:27.854,8.5900,100
53607854327149,14:53:27.854,8.5900,100
53607854327149,14:53:27.854,8.5900,300
53607854327149,14:53:27.854,8.5900,200
53607855156298,14:53:27.855,8.5900,100
53789305527648,14:56:29.305,8.6000,100
53789305527648,14:56:29.305,8.6000,100
53789305527648,14:56:29.305,8.6000,200
53789305527648,14:56:29.305,8.6000,100
53789306045814,14:56:29.306,8.6000,100
53789306822117,14:56:29.306,8.6000,100
53789306822117,14:56:29.306,8.6000,100
53789306848033,14:56:29.306,8.6000,100
54299194381573,15:04:59.194,8.6000,100
54299194648718,15:04:59.194,8.6000,100
54549495109739,15:09:09.495,8.5900,100
54549495263532,15:09:09.495,8.5900,100
54549495345911,15:09:09.495,8.5900,100
54581425818064,15:09:41.425,8.5900,100
54581425818064,15:09:41.425,8.5900,100
54581425936202,15:09:41.425,8.5900,100
54581425936202,15:09:41.425,8.5900,100
54647378950221,15:10:47.378,8.5900,100
54647378950221,15:10:47.378,8.5900,925
54647378977388,15:10:47.378,8.5900,775
54647379430915,15:10:47.379,8.5900,100
54698699171539,15:11:38.699,8.5850,100
55495460863989,15:24:55.460,8.5900,200
55495460863989,15:24:55.460,8.5900,100
55495460863989,15:24:55.460,8.5900,200
55495461127076,15:24:55.461,8.5900,100
55495461127076,15:24:55.461,8.5900,100
55495461317101,15:24:55.461,8.5900,100
56338839909792,15:38:58.839,8.5950,100
56512550391645,15:41:52.550,8.6000,100
56512550391645,15:41:52.550,8.6000,200
56512550391645,15:41:52.550,8.6000,200
56512550391645,15:41:52.550,8.6000,200
56512550391645,15:41:52.550,8.6000,100
56512550391645,15:41:52.550,8.6000,100
56512550391645,15:41:52.550,8.6000,200
56512550913144,15:41:52.550,8.6000,100
56512550913144,15:41:52.550,8.6000,100
56512551425605,15:41:52.551,8.6000,100
56512555032262,15:41:52.555,8.6000,100
56512555032262,15:41:52.555,8.6000,200
56512555032262,15:41:52.555,8.6000,200
56512555032262,15:41:52.555,8.6000,300
56512555032262,15:41:52.555,8.6000,200
56512558795179,15:41:52.558,8.6000,400
56512572533958,15:41:52.572,8.6000,100
56512572533958,15:41:52.572,8.6000,40
56512593687286,15:41:52.593,8.6000,60
56512593687286,15:41:52.593,8.6000,40
56825099517556,15:47:05.099,8.6000,200
56825099517556,15:47:05.099,8.6000,100
56825099517556,15:47:05.099,8.6000,100
56825099517556,15:47:05.099,8.6000,500
56825099517556,15:47:05.099,8.6000,15
56825099517556,15:47:05.099,8.6000,100
56825099517556,15:47:05.099,8.6000,200
56825099687652,15:47:05.099,8.6000,100
56825099740213,15:47:05.099,8.6000,28
56825099746085,15:47:05.099,8.6000,72
56825099746085,15:47:05.099,8.6000,55
56825099766167,15:47:05.099,8.6000,45
56825100017863,15:47:05.100,8.6000,100
57000091177847,15:50:00.091,8.6100,20
57016697328484,15:50:16.697,8.6100,80
57016697328484,15:50:16.697,8.6100,20
57018252254843,15:50:18.252,8.6100,20
57018311542364,15:50:18.311,8.6100,60
57540343219890,15:59:00.343,8.6100,100
57540343219890,15:59:00.343,8.6100,200
57600305029354,16:00:00.305,0.0000,0
