timestamp,time,price,volume
34200932697950,09:30:00.932,35.3000,738
34205641756181,09:30:05.641,35.3700,200
34207160925179,09:30:07.160,35.4900,100
34547308986087,09:35:47.308,35.2400,7
34547309097343,09:35:47.309,35.1700,100
34547309097343,09:35:47.309,35.1600,54
34547309123665,09:35:47.309,35.1600,46
34547309123665,09:35:47.309,35.1600,54
34547309154840,09:35:47.309,35.1600,100
34547712715064,09:35:47.712,35.1500,5
35746256755513,09:55:46.256,35.0000,71
35746256755513,09:55:46.256,35.0600,59
36166706781997,10:02:46.706,34.9200,100
36166707024355,10:02:46.707,34.9200,100
36166707024355,10:02:46.707,34.9200,100
36166707024355,10:02:46.707,34.9200,100
36166720404458,10:02:46.720,34.9200,100
36166720405442,10:02:46.720,34.9200,100
36166720482337,10:02:46.720,34.9200,100
36551162547353,10:09:11.162,34.8100,100
36691226338635,10:11:31.226,34.8500,62
36976504925510,10:16:16.504,34.8600,100
36976504925510,10:16:16.504,34.8600,100
36976504925510,10:16:16.504,34.8600,140
37242164021838,10:20:42.164,34.9100,70
37242165672205,10:20:42.165,34.9100,30
37242165672205,10:20:42.165,34.9100,70
37360196931261,10:22:40.196,34.9000,100
37514184743858,10:25:14.184,34.9400,100
37514184743858,10:25:14.184,34.9400,100
37792454433717,10:29:52.454,34.9600,17
38120023153947,10:35:20.023,35.0400,100
38120023153947,10:35:20.023,35.0400,100
38120024214577,10:35:20.024,35.0400,100
38120035416715,10:35:20.035,35.0600,100
38120035731719,10:35:20.035,35.0600,100
38301028933558,10:38:21.028,35.1400,30
38992211657741,10:49:52.211,35.1500,37
38998911667961,10:49:58.911,35.1500,16
39001004419117,10:50:01.004,35.1500,47
39001004534406,10:50:01.004,35.1400,100
39001004593737,10:50:01.004,35.1400,100
39001004695915,10:50:01.004,35.1400,100
39001005253988,10:50:01.005,35.1400,30
39053054590291,10:50:53.054,35.1400,30
39251119009454,10:54:11.119,35.0900,100
39415799478374,10:56:55.799,35.0800,30
39469486985009,10:57:49.486,35.0800,70
39469487354785,10:57:49.487,35.0700,100
39469487354785,10:57:49.487,35.0700,100
39687808602333,11:01:27.808,35.0800,100
39687808602333,11:01:27.808,35.0800,100
39711090167975,11:01:51.090,35.0300,29
39711090167975,11:01:51.090,35.0300,71
39921087174453,11:05:21.087,35.0300,29
39922741285546,11:05:22.741,34.9700,100
40245299989180,11:10:45.299,34.9700,31
40256057840886,11:10:56.057,34.9400,30
40256058637748,11:10:56.058,34.9700,100
40260320519523,11:11:00.320,34.9700,47
40260320544801,11:11:00.320,34.9700,53
40260320544801,11:11:00.320,34.9700,100
41127066660303,11:25:27.066,34.9200,48
41860260553725,11:37:40.260,35.0100,100
42381424002624,11:46:21.424,35.0200,100
42381424028561,11:46:21.424,35.0200,100
42381424028561,11:46:21.424,35.0200,100
42381424028561,11:46:21.424,35.0200,100
42703318135597,11:51:43.318,35.0700,100
42801013893766,11:53:21.013,35.0800,100
42801014241057,11:53:21.014,35.0800,100
42801016476386,11:53:21.016,35.0700,100
42801016476386,11:53:21.016,35.0700,100
42801016476386,11:53:21.016,35.0700,100
42801016476386,11:53:21.016,35.0700,100
42904541858213,11:55:04.541,35.0400,100
42904547725627,11:55:04.547,35.0100,9
42904547751091,11:55:04.547,35.0100,13
43381020613836,12:03:01.020,35.0100,100
43381020644690,12:03:01.020,35.0100,100
43381020644690,12:03:01.020,35.0100,1
43470702157937,12:04:30.702,35.1400,100
43474758638249,12:04:34.758,35.1500,100
45300035704301,12:35:00.035,35.1100,58
45300035794490,12:35:00.035,35.1100,42
45300035794490,12:35:00.035,35.1100,100
46587845205600,12:56:27.845,35.0400,100
46870230526766,13:01:10.230,35.0000,21
46878235275872,13:01:18.235,35.0300,100
47155770007379,13:05:55.770,34.9500,30
47552768412823,13:12:32.768,34.9500,40
47552768412823,13:12:32.768,34.9500,60
47552768439525,13:12:32.768,34.9500,40
47698463485792,13:14:58.463,34.8800,22
47740157850801,13:15:40.157,34.8800,78
47740157850801,13:15:40.157,34.8800,22
49007100574553,13:36:47.100,34.9600,100
49296272379046,13:41:36.272,34.9700,100
49296272379046,13:41:36.272,34.9700,100
49296273049835,13:41:36.273,34.9700,99
49296273101473,13:41:36.273,34.9700,1
49296273101473,13:41:36.273,34.9800,99
49296274543536,13:41:36.274,34.9800,1
49315584249150,13:41:55.584,34.9900,100
49315584274903,13:41:55.584,34.9900,100
49315584619851,13:41:55.584,35.0000,100
49447043297929,13:44:07.043,35.0700,1
49447043297929,13:44:07.043,35.0700,100
49513815939386,13:45:13.815,35.0200,40
49618242953887,13:46:58.242,34.9800,20
49839560183347,13:50:39.560,34.9800,11
49839560183347,13:50:39.560,34.9800,1
49839560726928,13:50:39.560,34.9700,100
49917329082317,13:51:57.329,34.8900,30
50094118523663,13:54:54.118,34.9200,40
50407843863146,14:00:07.843,34.9600,100
50407843863146,14:00:07.843,34.9600,28
50407843875589,14:00:07.843,34.9600,41
50407844055705,14:00:07.844,34.9600,31
50407844055705,14:00:07.844,34.9600,2
50407844093543,14:00:07.844,34.9600,98
50691084442444,14:04:51.084,35.2000,100
50691086386911,14:04:51.086,35.2100,50
52100971515305,14:28:20.971,35.1600,72
52100971515305,14:28:20.971,35.1600,28
52100971550947,14:28:20.971,35.1600,81
52100971570891,14:28:20.971,35.1600,43
52100971570891,14:28:20.971,35.1600,57
52100971574773,14:28:20.971,35.1600,40
52100971591236,14:28:20.971,35.1600,3
52275827745828,14:31:15.827,35.1500,100
52282745006874,14:31:22.745,35.1500,100
52452928562569,14:34:12.928,35.1800,100
52703008652337,14:38:23.008,35.1900,100
52703008736520,14:38:23.008,35.1900,64
52703009119303,14:38:23.009,35.1900,36
52762792982904,14:39:22.792,35.1900,100
53024323481526,14:43:44.323,35.1400,100
53024324638410,14:43:44.324,35.1300,61
53024335308670,14:43:44.335,35.0700,100
53024335493576,14:43:44.335,35.0700,100
53025773672644,14:43:45.773,35.0600,100
53028138869249,14:43:48.138,35.0100,100
53032222963298,14:43:52.222,35.0000,100
53032222963298,14:43:52.222,35.0000,49
53035554135582,14:43:55.554,35.0200,100
53035554445456,14:43:55.554,35.0200,100
53039868061857,14:43:59.868,35.0100,20
53039868071243,14:43:59.868,35.0000,100
53039868071243,14:43:59.868,35.0000,100
53080873422206,14:44:40.873,34.9900,100
53080873492534,14:44:40.873,35.0000,100
53080875162821,14:44:40.875,35.0200,30
53080876239337,14:44:40.876,35.0200,100
53081414419778,14:44:41.414,35.0200,25
53081414419778,14:44:41.414,35.0200,100
53081414419778,14:44:41.414,35.0200,29
53098929064113,14:44:58.929,35.0400,100
53098929418275,14:44:58.929,35.0400,100
53098931411083,14:44:58.931,35.0100,100
53098932162644,14:44:58.932,35.0200,100
53115945586673,14:45:15.945,34.9900,100
53708048233314,14:55:08.048,35.0400,29
53708048233314,14:55:08.048,35.0400,100
53708048233314,14:55:08.048,35.0400,100
53708048233314,14:55:08.048,35.0400,100
53708048589184,14:55:08.048,35.0400,100
53708050833780,14:55:08.050,34.9800,100
53708051895169,14:55:08.051,34.9800,100
53708052973329,14:55:08.052,34.9700,100
53742133350239,14:55:42.133,34.9700,10
54113051113340,15:01:53.051,34.9900,129
54113051113340,15:01:53.051,34.9900,71
54113051137384,15:01:53.051,34.9900,29
54264047352342,15:04:24.047,34.9900,67
54264047352825,15:04:24.047,34.9900,33
54264049223992,15:04:24.049,34.9800,71
54264049664047,15:04:24.049,34.9800,29
54264049664047,15:04:24.049,34.9800,100
54264055473962,15:04:24.055,34.9800,100
54483614190832,15:08:03.614,35.0000,35
54483614522182,15:08:03.614,35.0000,65
54492384541593,15:08:12.384,35.0000,100
54504255638633,15:08:24.255,35.0000,100
54504266128050,15:08:24.266,35.0000,29
54510240191313,15:08:30.240,34.9900,58
54510240191313,15:08:30.240,34.9900,100
54510240686778,15:08:30.240,34.9800,100
54601007856438,15:10:01.007,34.9600,100
54601007936694,15:10:01.007,34.9600,100
54623398102627,15:10:23.398,34.9500,100
54623419084865,15:10:23.419,34.9400,100
54939939218191,15:15:39.939,34.9700,100
54939939249099,15:15:39.939,34.9700,55
54939969594362,15:15:39.969,34.9800,26
55331794089682,15:22:11.794,34.9700,100
55331804569908,15:22:11.804,34.9500,100
55404604605352,15:23:24.604,34.9300,100
55422258503325,15:23:42.258,34.9200,20
55495445594392,15:24:55.445,34.9000,1
55496448558704,15:24:56.448,34.9000,8
55615645701648,15:26:55.645,34.8900,100
55701654159635,15:28:21.654,34.9100,100
55796556382362,15:29:56.556,34.8800,100
55796644979743,15:29:56.644,34.8800,40
55796645069026,15:29:56.645,34.8700,100
55957023368744,15:32:37.023,34.8700,100
55957023368744,15:32:37.023,34.8700,28
55974679483492,15:32:54.679,34.8900,100
56004683498940,15:33:24.683,34.9200,100
56016771815747,15:33:36.771,34.9500,100
56051417383187,15:34:11.417,34.9600,36
56276391164608,15:37:56.391,34.9700,63
56309458797873,15:38:29.458,34.9800,100
56330667738432,15:38:50.667,35.0000,18
56331006791460,15:38:51.006,35.0000,100
56757811766091,15:45:57.811,35.0000,2
56787670867204,15:46:27.670,35.0000,100
56830633947864,15:47:10.633,34.9800,1
56993014806074,15:49:53.014,34.9900,31
56993078488982,15:49:53.078,34.9800,53
57008367447204,15:50:08.367,34.9850,100
57010213949961,15:50:10.213,34.9700,37
57084085830852,15:51:24.085,34.9500,10
57084085878701,15:51:24.085,34.9500,90
57286183711786,15:54:46.183,34.9100,100
57300286273545,15:55:00.286,34.9300,100
57300286273545,15:55:00.286,34.9300,69
57300286273545,15:55:00.286,34.9300,100
57300556898367,15:55:00.556,34.9400,100
57345938852942,15:55:45.938,34.9700,49
57345938852942,15:55:45.938,34.9700,51
57469080764782,15:57:49.080,34.9600,3
57542778854904,15:59:02.778,34.9900,100
57543976229085,15:59:03.976,35.0000,100
57543976229085,15:59:03.976,35.0000,33
57543976229085,15:59:03.976,35.0000,100
57558125853082,15:59:18.125,35.0000,100
57574394571470,15:59:34.394,35.0000,51
57574394571470,15:59:34.394,35.0050,49
57595010665766,15:59:55.010,34.9900,3
57595010774091,15:59:55.010,34.9900,21
57595529298846,15:59:55.529,34.9900,15
57597801091110,15:59:57.801,35.0100,100
57597801097743,15:59:57.801,35.0100,100
57598277635127,15:59:58.277,35.0000,98
57599906508225,15:59:59.906,35.0000,100
57599906526767,15:59:59.906,35.0000,2
57599906526767,15:59:59.906,35.0200,98
57600634423620,16:00:00.634,35.0200,199
57600634423620,16:00:00.634,35.0200,18078
