timestamp,time,price,volume
34200374464380,09:30:00.374,0.0000,0
34232160393976,09:30:32.160,121.6500,100
34281896726462,09:31:21.896,121.6800,100
34753675683592,09:39:13.675,121.5500,3
34753675683592,09:39:13.675,121.5500,97
34860647096407,09:41:00.647,121.5500,100
34932139294976,09:42:12.139,121.5500,100
34932139294976,09:42:12.139,121.5500,21
34932139587417,09:42:12.139,121.5500,79
34932139587417,09:42:12.139,121.5500,21
35038259279557,09:43:58.259,121.5700,2
35280436042574,09:48:00.436,121.5550,100
35280436042574,09:48:00.436,121.5500,100
35407477785344,09:50:07.477,121.5700,96
35972736222862,09:59:32.736,121.5700,100
35996457592185,09:59:56.457,121.5900,16
35997239399509,09:59:57.239,121.5900,84
36116653939531,10:01:56.653,121.6050,100
36116654393806,10:01:56.654,121.6000,100
36237294331975,10:03:57.294,121.6100,2
36449192153507,10:07:29.192,121.6300,2
36520330927028,10:08:40.330,121.6200,32
36772070550520,10:12:52.070,121.6400,100
36772132513068,10:12:52.132,121.6300,98
36857526842736,10:14:17.526,121.6200,11
36857526842736,10:14:17.526,121.6200,5
37270844909848,10:21:10.844,121.5900,43
37396459455833,10:23:16.459,121.5900,2
37430278509720,10:23:50.278,121.6000,100
37430278848159,10:23:50.278,121.6000,61
37430280357921,10:23:50.280,121.6000,70
37430280532192,10:23:50.280,121.6100,9
37430830268841,10:23:50.830,121.6000,20
37651895496050,10:27:31.895,121.5900,2
37651895496050,10:27:31.895,121.5900,86
37738087652417,10:28:58.087,121.6000,26
37738087652417,10:28:58.087,121.6000,74
37752082559539,10:29:12.082,121.5800,100
38229249523769,10:37:09.249,121.5600,200
38284339411950,10:38:04.339,121.5000,100
38287212443476,10:38:07.212,121.5100,2
38551472351318,10:42:31.472,121.5300,25
38551472351318,10:42:31.472,121.5300,75
38571248538159,10:42:51.248,121.5300,100
38571248538159,10:42:51.248,121.5300,200
38590580862639,10:43:10.580,121.5250,1
38901580593916,10:48:21.580,121.5200,2
38901580593916,10:48:21.580,121.5200,98
39192414556136,10:53:12.414,121.5000,10
39197006940010,10:53:17.006,121.5000,62
39197006940010,10:53:17.006,121.5000,28
39197006940010,10:53:17.006,121.5000,10
39242771530977,10:54:02.771,121.5000,37
39242771882294,10:54:02.771,121.5000,10
39354801929935,10:55:54.801,121.5000,22
39354802739914,10:55:54.802,121.5000,78
39354802771044,10:55:54.802,121.4900,13
39354810717870,10:55:54.810,121.5000,29
39354811193481,10:55:54.811,121.5000,10
39361328968298,10:56:01.328,121.5000,2
39453519251202,10:57:33.519,121.5000,30
39453519266693,10:57:33.519,121.5000,29
39453519356321,10:57:33.519,121.4800,42
39453520119624,10:57:33.520,121.4800,48
39527049243846,10:58:47.049,121.4800,10
39635113257506,11:00:35.113,121.5000,2
39806276248475,11:03:26.276,121.5200,7
39806276284628,11:03:26.276,121.5200,4
39893279301985,11:04:53.279,121.5200,4
39893279301985,11:04:53.279,121.5200,25
39893279301985,11:04:53.279,121.5100,71
39987700009893,11:06:27.700,121.5100,11
40019020663405,11:06:59.020,121.5100,18
40019020663405,11:06:59.020,121.5100,14
40019509758921,11:06:59.509,121.5000,100
40050417735160,11:07:30.417,121.5000,100
40117397797291,11:08:37.397,121.5100,2
40271653729896,11:11:11.653,121.5200,2
40271653729896,11:11:11.653,121.5200,100
40534123234830,11:15:34.123,121.5100,14
40534123234830,11:15:34.123,121.5100,2
40537378208995,11:15:37.378,121.5100,27
40537378242111,11:15:37.378,121.5000,100
40712411559747,11:18:32.411,121.4900,2
41149135216693,11:25:49.135,121.4800,100
41149135729502,11:25:49.135,121.4800,17
41161302520527,11:26:01.302,121.4800,2
41307405525139,11:28:27.405,121.4800,11
41655835908564,11:34:15.835,121.4900,100
41655835945724,11:34:15.835,121.4900,2
41742463554997,11:35:42.463,121.5200,14
41871425659931,11:37:51.425,121.4900,13
41871425659931,11:37:51.425,121.4900,15
42009853801072,11:40:09.853,121.4700,66
42074635879878,11:41:14.635,121.4800,2
42447477109075,11:47:27.477,121.5300,1
42663015554230,11:51:03.015,121.5300,20
43038253958702,11:57:18.253,121.5200,100
43038254270721,11:57:18.254,121.5200,14
43435246946883,12:03:55.246,121.5100,3
43670492281706,12:07:50.492,121.5100,100
43670492403600,12:07:50.492,121.5100,2
43860433635868,12:11:00.433,121.5100,2
43978018028671,12:12:58.018,121.5300,2
44062741931992,12:14:22.741,121.5200,4
44356232852785,12:19:16.232,121.5300,2
45307586076209,12:35:07.586,121.5200,40
45684526104184,12:41:24.526,121.5100,5
45691894563276,12:41:31.894,121.5100,21
46046958604558,12:47:26.958,121.4700,19
46347611937060,12:52:27.611,121.4700,15
46444612244488,12:54:04.612,121.4600,70
46444612600487,12:54:04.612,121.4600,30
46527073256845,12:55:27.073,121.4500,15
46800102499427,13:00:00.102,121.4600,2
47247317152784,13:07:27.317,121.4700,2
48068037203068,13:21:08.037,121.4900,1
48915614592862,13:35:15.614,121.4900,100
48915614592862,13:35:15.614,121.4900,132
48915614592862,13:35:15.614,121.4900,69
48915614646079,13:35:15.614,121.4900,5
49201085929813,13:40:01.085,121.5000,100
49353988473737,13:42:33.988,121.4900,55
49583833600869,13:46:23.833,121.5000,100
49583833600869,13:46:23.833,121.5000,100
49583833600869,13:46:23.833,121.5000,1
49657885764019,13:47:37.885,121.4900,65
49767682188595,13:49:27.682,121.4900,47
50410685469716,14:00:10.685,121.4900,553
50410685469716,14:00:10.685,121.4900,84
50410685469716,14:00:10.685,121.4900,78
50417664151477,14:00:17.664,121.4900,169
50417664151477,14:00:17.664,121.4900,31
50448822781869,14:00:48.822,121.5000,166
50448822781869,14:00:48.822,121.5000,1
50657594459177,14:04:17.594,121.4900,100
50811518682898,14:06:51.518,121.4900,64
50811518682898,14:06:51.518,121.4900,110
50811518682898,14:06:51.518,121.4900,2
51277168949235,14:14:37.168,121.5000,2
51300199406143,14:15:00.199,121.5000,100
51300199406143,14:15:00.199,121.5000,98
51300199406143,14:15:00.199,121.5000,2
51300205752847,14:15:00.205,121.5000,100
51300208571661,14:15:00.208,121.5000,100
51300217983114,14:15:00.217,121.5000,100
51300774249616,14:15:00.774,121.4900,100
51371541454630,14:16:11.541,121.5200,2
51381765427404,14:16:21.765,121.5400,1
52068671654631,14:27:48.671,121.5500,16
52071526301640,14:27:51.526,121.5500,9
52280971805591,14:31:20.971,121.5300,19
52309946851874,14:31:49.946,121.5400,84
52310135657151,14:31:50.135,121.5400,16
52326119180730,14:32:06.119,121.5300,4
52646570033270,14:37:26.570,121.5500,100
52776011269872,14:39:36.011,121.5400,77
52776011269872,14:39:36.011,121.5400,100
52776011269872,14:39:36.011,121.5400,2
52776011371884,14:39:36.011,121.5400,64
52776013051355,14:39:36.013,121.5400,22
52776013051355,14:39:36.013,121.5400,78
52960634723716,14:42:40.634,121.5400,3
52960634723716,14:42:40.634,121.5400,76
52960634723716,14:42:40.634,121.5400,84
52960639667064,14:42:40.639,121.5400,84
53189271858869,14:46:29.271,121.5300,2
53329828840618,14:48:49.828,121.5500,1007
53329828840618,14:48:49.828,121.5500,3
53374215589857,14:49:34.215,121.5700,93
53374215589857,14:49:34.215,121.5700,7
53379126666237,14:49:39.126,121.5700,120
53379126666237,14:49:39.126,121.5700,80
53539898278592,14:52:19.898,121.5800,3
53631987240144,14:53:51.987,121.5900,61
53744532466472,14:55:44.532,121.5700,9
53744532466472,14:55:44.532,121.5700,77
53800984240532,14:56:40.984,121.5800,4
53800984240532,14:56:40.984,121.5800,3
53828871636534,14:57:08.871,121.5700,15
53828871636534,14:57:08.871,121.5700,15
53828871901529,14:57:08.871,121.5700,3
53828872126808,14:57:08.872,121.5700,82
53828872126808,14:57:08.872,121.5700,18
53828872542601,14:57:08.872,121.5700,3
53830292407010,14:57:10.292,121.5700,64
53830292407010,14:57:10.292,121.5700,100
53830292407010,14:57:10.292,121.5700,76
53830292445166,14:57:10.292,121.5700,5
53830295203919,14:57:10.295,121.5700,87
54200917686507,15:03:20.917,121.5600,46
54282027903378,15:04:42.027,121.5300,2
54363451890374,15:06:03.451,121.5200,2
54364939521980,15:06:04.939,121.5200,85
54669605059134,15:11:09.605,121.5200,74
54669605949294,15:11:09.605,121.5200,5
54669605952595,15:11:09.605,121.5200,5
54811558952559,15:13:31.558,121.5200,3
54811558952559,15:13:31.558,121.5200,26
54811558952559,15:13:31.558,121.5200,71
54811562561365,15:13:31.562,121.5200,3
54811562561365,15:13:31.562,121.5200,2
54833384574842,15:13:53.384,121.5200,100
54834696016175,15:13:54.696,121.5200,92
54872353851960,15:14:32.353,121.5300,26
54872353851960,15:14:32.353,121.5300,1
54872353851960,15:14:32.353,121.5300,2
55000483426144,15:16:40.483,121.5200,37
55158851017853,15:19:18.851,121.5400,2
55167273185267,15:19:27.273,121.5500,12
55227278139197,15:20:27.278,121.5500,2
55368071004790,15:22:48.071,121.5600,10
55368087250959,15:22:48.087,121.5600,2
55371133199741,15:22:51.133,121.5600,1
55433829452143,15:23:53.829,121.5600,3
55544661789149,15:25:44.661,121.5600,4
55561221504388,15:26:01.221,121.5600,1
55561803674625,15:26:01.803,121.5600,19
55611966590956,15:26:51.966,121.5600,10
55621159490067,15:27:01.159,121.5500,76
55621159490067,15:27:01.159,121.5500,24
55673125010475,15:27:53.125,121.5800,2
55691409303041,15:28:11.409,121.5800,3
55800690687422,15:30:00.690,121.5700,100
55803452071006,15:30:03.452,121.5700,55
55803452071006,15:30:03.452,121.5700,45
55803497707110,15:30:03.497,121.5700,93
55803497707110,15:30:03.497,121.5700,7
55817882244894,15:30:17.882,121.5600,3
55817882372839,15:30:17.882,121.5600,1
55965338644304,15:32:45.338,121.5600,2
56059511589816,15:34:19.511,121.5600,1
56059511589816,15:34:19.511,121.5600,10
56064199772802,15:34:24.199,121.5600,3
56101604042173,15:35:01.604,121.5800,8
56101604042173,15:35:01.604,121.5800,2
56188379613892,15:36:28.379,121.5500,110
56188379613892,15:36:28.379,121.5500,42
56196880061176,15:36:36.880,121.5500,38
56196880061176,15:36:36.880,121.5500,62
56248387995589,15:37:28.387,121.5500,25
56265772077806,15:37:45.772,121.5500,77
56317707149777,15:38:37.707,121.5600,3
56317707149777,15:38:37.707,121.5600,100
56323486841409,15:38:43.486,121.5700,16
56345450576153,15:39:05.450,121.5700,2
56345450576153,15:39:05.450,121.5700,98
56401307508183,15:40:01.307,121.5600,2
56427716751653,15:40:27.716,121.5600,98
56480519248202,15:41:20.519,121.5500,80
56480519248202,15:41:20.519,121.5500,122
56480519248202,15:41:20.519,121.5500,60
56563894293576,15:42:43.894,121.5500,100
56580191099687,15:43:00.191,121.5500,2
56728364682532,15:45:28.364,121.5700,3
56776796354337,15:46:16.796,121.5700,92
56776796354337,15:46:16.796,121.5700,8
56944106515967,15:49:04.106,121.5700,3
57013196873990,15:50:13.196,121.5700,89
57013196873990,15:50:13.196,121.5700,25
57013196873990,15:50:13.196,121.5700,1
57013329438007,15:50:13.329,121.5700,92
57013336450984,15:50:13.336,121.5700,8
57013336450984,15:50:13.336,121.5700,32
57212116616950,15:53:32.116,121.5700,16
57224474965769,15:53:44.474,121.5700,74
57224543184286,15:53:44.543,121.5700,7
57291825006044,15:54:51.825,121.5700,79
57291825006044,15:54:51.825,121.5700,21
57293773411958,15:54:53.773,121.5700,4
57293773411958,15:54:53.773,121.5700,17
57293773411958,15:54:53.773,121.5600,1
57293773411958,15:54:53.773,121.5600,78
57300217010590,15:55:00.217,121.5800,100
57358480055669,15:55:58.480,121.5800,28
57366262600252,15:56:06.262,121.5800,2
57385802776232,15:56:25.802,121.5800,56
57385802776232,15:56:25.802,121.5800,16
57433806263982,15:57:13.806,121.5800,36
57433928135517,15:57:13.928,121.5800,26
57436342722073,15:57:16.342,121.5800,23
57526127808779,15:58:46.127,121.5800,100
57551207889909,15:59:11.207,121.5900,50
57551208106592,15:59:11.208,121.5900,50
57557011468785,15:59:17.011,121.6100,10
57597191667088,15:59:57.191,121.6800,12
57597336686116,15:59:57.336,121.6800,20
57600235806181,16:00:00.235,0.0000,0
