timestamp,time,price,volume
34200318786163,09:30:00.318,11.8100,1300
34584470272313,09:36:24.470,11.6500,2
34772260119973,09:39:32.260,11.7700,13
35887294769165,09:58:07.294,11.6700,100
35887294795201,09:58:07.294,11.6700,100
35887294795201,09:58:07.294,11.6700,30
35887294834669,09:58:07.294,11.7000,100
35887294834669,09:58:07.294,11.7500,100
35887295825110,09:58:07.295,11.7000,100
35887295825110,09:58:07.295,11.7000,100
36166723108859,10:02:46.723,11.6000,100
36166723185631,10:02:46.723,11.6000,900
36329994971800,10:05:29.994,11.5400,100
36329994971800,10:05:29.994,11.5400,100
36329994971800,10:05:29.994,11.5400,100
36344272007926,10:05:44.272,11.5400,100
36344272077758,10:05:44.272,11.5400,100
36344272077758,10:05:44.272,11.5400,100
36344272077758,10:05:44.272,11.5400,18
36344272096976,10:05:44.272,11.5400,82
36344359566499,10:05:44.359,11.5500,100
36344359566499,10:05:44.359,11.5500,100
36613331378599,10:10:13.331,11.5900,31
36628459511769,10:10:28.459,11.5900,69
36628459511769,10:10:28.459,11.5900,95
36628459558983,10:10:28.459,11.5900,5
36628459558983,10:10:28.459,11.5900,6
36900295423406,10:15:00.295,11.5900,11
36900295423406,10:15:00.295,11.5900,100
36928252224680,10:15:28.252,11.6000,1
36928252224680,10:15:28.252,11.6000,99
36928252266535,10:15:28.252,11.6000,1
36928252266535,10:15:28.252,11.6000,1
38371528680159,10:39:31.528,11.5800,100
38388011491826,10:39:48.011,11.5700,100
38388011531684,10:39:48.011,11.5700,100
38399431729153,10:39:59.431,11.5600,100
38399433001315,10:39:59.433,11.5700,10
38548579510887,10:42:28.579,11.5800,100
38548579510887,10:42:28.579,11.5800,1
38548579510887,10:42:28.579,11.5800,100
38548579510887,10:42:28.579,11.5900,100
38548582556562,10:42:28.582,11.6000,1
38555331681653,10:42:35.331,11.6100,100
38581565020406,10:43:01.565,11.6200,100
38680908632359,10:44:40.908,11.6400,18
38680908642567,10:44:40.908,11.6400,64
38680908723925,10:44:40.908,11.6400,18
38993813344146,10:49:53.813,11.6900,5
38993813344146,10:49:53.813,11.6900,34
39057415537793,10:50:57.415,11.6700,100
39182699510357,10:53:02.699,11.6400,100
39601543305664,11:00:01.543,11.6600,5
39830398270696,11:03:50.398,11.6400,50
39830399234699,11:03:50.399,11.6500,100
39830399234699,11:03:50.399,11.6500,100
39916853976977,11:05:16.853,11.6500,100
39922735236423,11:05:22.735,11.6500,100
39927836437207,11:05:27.836,11.6500,120
39927836934467,11:05:27.836,11.6500,145
39927837440504,11:05:27.837,11.6500,35
39934657876096,11:05:34.657,11.6600,100
39978238451357,11:06:18.238,11.6900,1
39978238451357,11:06:18.238,11.6900,100
39989874454423,11:06:29.874,11.7000,335
39989874490968,11:06:29.874,11.7000,165
40885221460234,11:21:25.221,11.6200,80
40987671309759,11:23:07.671,11.6000,2293
42053554522000,11:40:53.554,11.5300,100
42055937416817,11:40:55.937,11.5300,100
42422790981788,11:47:02.790,11.5500,100
42422790981788,11:47:02.790,11.5500,100
42422791334565,11:47:02.791,11.5500,100
42438184680693,11:47:18.184,11.5500,100
42738779324687,11:52:18.779,11.5300,50
43201708593167,12:00:01.708,11.5300,100
43201708593167,12:00:01.708,11.5300,100
43201708633178,12:00:01.708,11.5300,100
43201708633178,12:00:01.708,11.5300,1
43666595753322,12:07:46.595,11.5300,100
43666595753322,12:07:46.595,11.5300,100
44334742079849,12:18:54.742,11.5100,40
44334742079849,12:18:54.742,11.5100,160
44334742124140,12:18:54.742,11.5100,40
44595753359013,12:23:15.753,11.5200,1
44595753359013,12:23:15.753,11.5200,100
44595762831576,12:23:15.762,11.5300,776
44595762856074,12:23:15.762,11.5300,24
44595762856074,12:23:15.762,11.5300,1
44595763149041,12:23:15.763,11.5400,81
44595763154353,12:23:15.763,11.5400,19
44774909947617,12:26:14.909,11.5400,100
44774913312372,12:26:14.913,11.5500,1
44774915695163,12:26:14.915,11.5500,100
44993669831112,12:29:53.669,11.5700,100
45171418783309,12:32:51.418,11.6100,100
45576750906868,12:39:36.750,11.6200,21
45635767808163,12:40:35.767,11.6200,55
45635767854276,12:40:35.767,11.6200,24
45635767854276,12:40:35.767,11.6200,100
45635767854276,12:40:35.767,11.6200,80
45635767863760,12:40:35.767,11.6200,20
46128446386359,12:48:48.446,11.5900,100
47842868123051,13:17:22.868,11.5300,12
47842868123051,13:17:22.868,11.5300,10
47895186767270,13:18:15.186,11.5300,1
47924472832409,13:18:44.472,11.5400,100
47924472832409,13:18:44.472,11.5400,100
48029115502963,13:20:29.115,11.5400,4
48029115502963,13:20:29.115,11.5400,40
48029115502963,13:20:29.115,11.5400,100
49020090115492,13:37:00.090,11.5500,5
49020090115492,13:37:00.090,11.5500,1
49020090115492,13:37:00.090,11.5500,4
49020090147393,13:37:00.090,11.5500,6
49020090761189,13:37:00.090,11.5600,100
49234318715776,13:40:34.318,11.5700,7
49234325698614,13:40:34.325,11.5800,88
49234325731552,13:40:34.325,11.5800,12
49492327495553,13:44:52.327,11.5700,2
49492327495553,13:44:52.327,11.5700,98
49492327536973,13:44:52.327,11.5700,2
49492327536973,13:44:52.327,11.5700,50
49492327536973,13:44:52.327,11.5700,100
49980975693372,13:53:00.975,11.5400,100
49980975750341,13:53:00.975,11.5500,7
50410972547603,14:00:10.972,11.5700,10
50468401815196,14:01:08.401,11.5700,20
50639562996000,14:03:59.562,11.5800,10
50639567318183,14:03:59.567,11.5800,90
50639567318183,14:03:59.567,11.5800,1
50639567318183,14:03:59.567,11.5800,100
50639567318183,14:03:59.567,11.5800,9
50639567357150,14:03:59.567,11.5800,51
50639567370103,14:03:59.567,11.5800,40
51201818929633,14:13:21.818,11.6100,100
51201819012157,14:13:21.819,11.6100,12
51897276644424,14:24:57.276,11.6100,38
51897276698223,14:24:57.276,11.6100,22
51897276698223,14:24:57.276,11.6100,1
52067764932284,14:27:47.764,11.5800,50
52566532926074,14:36:06.532,11.5900,43
52571260657710,14:36:11.260,11.5900,2
52645804984155,14:37:25.804,11.6000,100
52939585431217,14:42:19.585,11.6100,18
52939585459256,14:42:19.585,11.6100,82
52939585459256,14:42:19.585,11.6100,20
52939585459256,14:42:19.585,11.6100,1
52939585459256,14:42:19.585,11.6100,5
53228475016140,14:47:08.475,11.6400,31
53953351979752,14:59:13.351,11.6400,100
53953351979752,14:59:13.351,11.6400,100
53953351979752,14:59:13.351,11.6400,1
53953365549514,14:59:13.365,11.6500,35
53953365549514,14:59:13.365,11.6500,7
53953608648666,14:59:13.608,11.6600,100
54281252709043,15:04:41.252,11.6300,100
54281252709043,15:04:41.252,11.6300,30
54281252748707,15:04:41.252,11.6300,70
54281254480736,15:04:41.254,11.6200,100
54281254480736,15:04:41.254,11.6200,10
54281254480736,15:04:41.254,11.6200,77
54430282197956,15:07:10.282,11.6200,100
54452632006267,15:07:32.632,11.6000,1
54452632006267,15:07:32.632,11.6000,99
54717077889293,15:11:57.077,11.6200,100
55088818588909,15:18:08.818,11.6200,100
55088818605726,15:18:08.818,11.6200,78
55090418020711,15:18:10.418,11.6400,100
55436142778486,15:23:56.142,11.6500,10
56064148541790,15:34:24.148,11.6100,68
56064148867806,15:34:24.148,11.6200,100
56064148867806,15:34:24.148,11.6100,32
56064149160892,15:34:24.149,11.6300,100
56064149267869,15:34:24.149,11.6300,83
56064149267869,15:34:24.149,11.6300,100
56064149294240,15:34:24.149,11.6200,25
56070369801123,15:34:30.369,11.6400,100
56135812203024,15:35:35.812,11.6600,52
56135812221955,15:35:35.812,11.6600,48
56149215417823,15:35:49.215,11.6600,100
56149215718204,15:35:49.215,11.6600,83
56149216087204,15:35:49.216,11.6600,17
56434100612205,15:40:34.100,11.6600,100
56434100612205,15:40:34.100,11.6600,100
56636961587289,15:43:56.961,11.6500,10
56636961587289,15:43:56.961,11.6500,78
56636961662028,15:43:56.961,11.6500,22
56636961666070,15:43:56.961,11.6500,22
56636961794703,15:43:56.961,11.6500,50
56636962332893,15:43:56.962,11.6500,100
56758279098327,15:45:58.279,11.6600,100
57261205778749,15:54:21.205,11.6500,49
57261205786509,15:54:21.205,11.6500,31
57261205847706,15:54:21.205,11.6500,20
57300479830815,15:55:00.479,11.6400,1
57551251336921,15:59:11.251,11.6500,58
57551251377668,15:59:11.251,11.6500,42
57551251377668,15:59:11.251,11.6500,33
57555329264200,15:59:15.329,11.6400,100
57566631903576,15:59:26.631,11.6500,6
57566632546126,15:59:26.632,11.6500,100
57566632546126,15:59:26.632,11.6500,200
57567285578666,15:59:27.285,11.6400,60
57567708009008,15:59:27.708,11.6700,93
57579134033902,15:59:39.134,11.6500,100
57579134033902,15:59:39.134,11.6500,37
57580694005892,15:59:40.694,11.6500,63
57580694005892,15:59:40.694,11.6500,37
57585323748026,15:59:45.323,11.6500,75
57585323748026,15:59:45.323,11.6500,25
57600225403684,16:00:00.225,11.6400,7399
