timestamp,time,price,volume
31947363335700,08:52:27.363,3.1400,200
34200887156622,09:30:00.887,3.0700,2519
34235999600480,09:30:35.999,3.0900,630
34235999600480,09:30:35.999,3.0900,4
34540510249426,09:35:40.510,3.0600,1000
34546659273012,09:35:46.659,3.0500,60
34546659826527,09:35:46.659,3.0400,72
34546659831608,09:35:46.659,3.0400,73
34572176774743,09:36:12.176,3.0000,134
34572176774743,09:36:12.176,3.0000,103
34572176774743,09:36:12.176,3.0000,99
34572176774743,09:36:12.176,3.0000,68
34587187530447,09:36:27.187,3.0000,246
34587187554867,09:36:27.187,3.0000,1686
34587187783503,09:36:27.187,2.9900,145
34587187831144,09:36:27.187,2.9900,55
34587187846696,09:36:27.187,2.9900,55
34587187946219,09:36:27.187,2.9800,100
34653873783719,09:37:33.873,2.9800,200
34653976651942,09:37:33.976,2.9900,300
34653976882440,09:37:33.976,2.9900,200
35059176663710,09:44:19.176,2.9900,100
35060998196978,09:44:20.998,2.9700,600
35119414845047,09:45:19.414,2.9700,100
35157016752474,09:45:57.016,2.9500,20
35185289960136,09:46:25.289,2.9300,100
35735568183564,09:55:35.568,2.9650,100
35735568183564,09:55:35.568,2.9650,50
35823616133674,09:57:03.616,2.9700,300
35845693197272,09:57:25.693,2.9700,486
36115824722599,10:01:55.824,2.9650,100
36115837799759,10:01:55.837,2.9900,100
36289135658928,10:04:49.135,2.9900,1
36520145737177,10:08:40.145,2.9900,100
36846286626537,10:14:06.286,2.9900,400
36846286853815,10:14:06.286,2.9900,423
36846286887882,10:14:06.286,2.9900,288
36846286901995,10:14:06.286,2.9900,70
36846287178073,10:14:06.287,2.9900,719
37021285251136,10:17:01.285,2.9700,25
37709595629592,10:28:29.595,2.9650,87
38004216264170,10:33:24.216,2.9600,200
38163973703188,10:36:03.973,2.9500,500
38163973703188,10:36:03.973,2.9500,100
38163973703188,10:36:03.973,2.9500,4
38163973703188,10:36:03.973,2.9500,100
38163982994921,10:36:03.982,2.9500,100
38163988301636,10:36:03.988,2.9500,100
38555607240142,10:42:35.607,2.9450,200
38555607240142,10:42:35.607,2.9450,100
38555615391393,10:42:35.615,2.9500,400
38555616199866,10:42:35.616,2.9500,400
38555616199866,10:42:35.616,2.9500,100
38555616199866,10:42:35.616,2.9500,100
38775137025153,10:46:15.137,2.9600,100
38775137255952,10:46:15.137,2.9600,205
38775137267775,10:46:15.137,2.9600,337
38775137272488,10:46:15.137,2.9600,65
38775137376372,10:46:15.137,2.9600,1293
38775137376372,10:46:15.137,2.9600,200
38862855219091,10:47:42.855,2.9700,100
38862855219091,10:47:42.855,2.9700,100
38975225176517,10:49:35.225,2.9600,100
38975258431103,10:49:35.258,2.9600,1300
39542615552710,10:59:02.615,2.9700,100
39542615552710,10:59:02.615,2.9700,100
39543131938867,10:59:03.131,2.9700,100
39547370170763,10:59:07.370,2.9700,100
39615641362835,11:00:15.641,2.9700,100
39615641448542,11:00:15.641,2.9700,100
39615641552642,11:00:15.641,2.9700,100
39615641552642,11:00:15.641,2.9700,100
39615652416425,11:00:15.652,2.9700,96
39615652440958,11:00:15.652,2.9700,4
39615652440958,11:00:15.652,2.9700,100
39616146910322,11:00:16.146,2.9700,100
39683749603177,11:01:23.749,2.9600,1500
39683749603177,11:01:23.749,2.9600,200
40026189327535,11:07:06.189,2.9750,100
40085884821523,11:08:05.884,2.9700,100
40254321854431,11:10:54.321,2.9700,427
40254321854431,11:10:54.321,2.9700,100
40254322247060,11:10:54.322,2.9800,100
40254322272877,11:10:54.322,2.9800,300
40354159357255,11:12:34.159,3.0000,80
40354159357255,11:12:34.159,3.0000,179
40666833162393,11:17:46.833,3.0500,30
40678224229940,11:17:58.224,3.0200,350
40685802442068,11:18:05.802,3.0200,50
40685802442068,11:18:05.802,3.0200,100
40685940328260,11:18:05.940,3.0000,200
41166765459298,11:26:06.765,3.0000,70
41166765690183,11:26:06.765,3.0000,89
41166765716890,11:26:06.765,3.0000,341
42005568032879,11:40:05.568,3.0600,100
42052238280656,11:40:52.238,3.0200,1600
42505025025053,11:48:25.025,3.0500,100
42698146523318,11:51:38.146,3.0400,100
42701535572112,11:51:41.535,3.0300,100
42728050585412,11:52:08.050,3.0300,15
42728051276840,11:52:08.051,3.0300,85
42728051276840,11:52:08.051,3.0300,15
42728061154735,11:52:08.061,3.0300,85
42728061154735,11:52:08.061,3.0300,83
43120528993932,11:58:40.528,3.0200,100
43133891588037,11:58:53.891,3.0000,100
43134468342691,11:58:54.468,3.0000,200
43149474328162,11:59:09.474,3.0000,500
44194500930155,12:16:34.500,3.0400,100
44606326355152,12:23:26.326,3.0300,100
45099324260375,12:31:39.324,3.0350,100
45099324348649,12:31:39.324,3.0400,100
45119958295035,12:31:59.958,3.0400,100
45247179931523,12:34:07.179,3.0500,20
45428866052380,12:37:08.866,3.0500,80
45428866052380,12:37:08.866,3.0500,20
45531344184919,12:38:51.344,3.0450,100
46173384564796,12:49:33.384,3.0450,100
46173384564796,12:49:33.384,3.0500,80
46173384564796,12:49:33.384,3.0500,100
46173384564796,12:49:33.384,3.0500,100
46173384564796,12:49:33.384,3.0500,20
46614665929524,12:56:54.665,3.0500,100
46614666603304,12:56:54.666,3.0500,100
46617112052179,12:56:57.112,3.0500,100
46617112832243,12:56:57.112,3.0500,420
46644916633386,12:57:24.916,3.0700,10
47016197988940,13:03:36.197,3.0900,100
47172392940223,13:06:12.392,3.1000,133
47172392940223,13:06:12.392,3.1000,2000
47172392940223,13:06:12.392,3.1000,400
47172404136798,13:06:12.404,3.1100,100
47172404207956,13:06:12.404,3.1100,1400
47290888020329,13:08:10.888,3.1200,300
47290888044850,13:08:10.888,3.1200,1
47566990671489,13:12:46.990,3.1200,75
47730199966736,13:15:30.199,3.1400,500
47730202072116,13:15:30.202,3.1500,98
47853281915011,13:17:33.281,3.1700,10
47853281915011,13:17:33.281,3.1800,20
47853281915011,13:17:33.281,3.1800,50
47874215175843,13:17:54.215,3.1800,10
47874215175843,13:17:54.215,3.1800,20
47874215175843,13:17:54.215,3.1800,50
47874215175843,13:17:54.215,3.1800,20
47874216146396,13:17:54.216,3.1800,80
47943399875461,13:19:03.399,3.2000,100
47946554135106,13:19:06.554,3.2000,200
48026651816846,13:20:26.651,3.2000,429
48026651816846,13:20:26.651,3.2000,20
48045377840291,13:20:45.377,3.2400,100
48066632692345,13:21:06.632,3.2500,100
48113709137298,13:21:53.709,3.2500,100
48130125711222,13:22:10.125,3.2500,100
48153541600769,13:22:33.541,3.2500,100
48201606659823,13:23:21.606,3.2500,100
48268142552909,13:24:28.142,3.2300,300
48322330590043,13:25:22.330,3.2300,200
48322331326907,13:25:22.331,3.2300,200
48322331326907,13:25:22.331,3.2300,200
48322349392948,13:25:22.349,3.2200,5
48322349392948,13:25:22.349,3.2200,200
48324935236370,13:25:24.935,3.2000,5
48324935236370,13:25:24.935,3.1900,100
48324935236370,13:25:24.935,3.1900,95
48324935242075,13:25:24.935,3.1900,5
48324935242075,13:25:24.935,3.1900,95
48324936246431,13:25:24.936,3.1900,100
48380386181654,13:26:20.386,3.1700,49
48456934841203,13:27:36.934,3.1700,100
48486997109286,13:28:06.997,3.1900,100
48509522845806,13:28:29.522,3.1900,100
48544267799530,13:29:04.267,3.1900,200
48545260030392,13:29:05.260,3.1900,755
48545260269790,13:29:05.260,3.1900,137
48545260272839,13:29:05.260,3.1900,37
48545260278473,13:29:05.260,3.1900,48
48545330802625,13:29:05.330,3.1900,100
48545331027993,13:29:05.331,3.1900,48
48545331155350,13:29:05.331,3.1900,175
48557596460171,13:29:17.596,3.2000,300
48620819097710,13:30:20.819,3.2000,200
48643736495944,13:30:43.736,3.2000,300
48681476302015,13:31:21.476,3.2000,200
48688290312582,13:31:28.290,3.2000,100
48688290459355,13:31:28.290,3.2000,650
48938430111867,13:35:38.430,3.2000,100
49160243345336,13:39:20.243,3.1800,300
49264426217057,13:41:04.426,3.1800,100
49309262913307,13:41:49.262,3.1700,94
49371309025709,13:42:51.309,3.1500,31
49459041935396,13:44:19.041,3.1400,100
49459042179608,13:44:19.042,3.1400,50
49479702570793,13:44:39.702,3.1500,300
49550335295854,13:45:50.335,3.1500,100
49550335437014,13:45:50.335,3.1500,169
49601624591156,13:46:41.624,3.1500,2
49601624604244,13:46:41.624,3.1500,40
49601624605524,13:46:41.624,3.1500,87
49601624847572,13:46:41.624,3.1500,371
49601625266355,13:46:41.625,3.1500,100
49678983928213,13:47:58.983,3.1450,100
49697233235907,13:48:17.233,3.1600,100
49782789463223,13:49:42.789,3.1600,100
50540734413660,14:02:20.734,3.1600,50
50540734413660,14:02:20.734,3.1600,50
50848790050682,14:07:28.790,3.1500,100
50849204038112,14:07:29.204,3.1600,100
50849204438904,14:07:29.204,3.1700,1860
50938946241975,14:08:58.946,3.1800,213
50938946253154,14:08:58.946,3.1800,22
50938946305040,14:08:58.946,3.1800,50
50938946318176,14:08:58.946,3.1800,200
50976721447269,14:09:36.721,3.2000,100
50981885866815,14:09:41.885,3.2000,2400
51195999118847,14:13:15.999,3.2000,100
51195999118847,14:13:15.999,3.2000,200
51195999118847,14:13:15.999,3.2000,400
51195999118847,14:13:15.999,3.2000,80
51195999118847,14:13:15.999,3.2000,400
51279858325319,14:14:39.858,3.2000,500
51279867115516,14:14:39.867,3.1900,100
51279867237977,14:14:39.867,3.1900,100
51279867282810,14:14:39.867,3.1900,100
51376048137594,14:16:16.048,3.2000,100
51526220604153,14:18:46.220,3.1900,17
51659879313049,14:20:59.879,3.2000,200
51788795509315,14:23:08.795,3.2000,200
51788795633267,14:23:08.795,3.2000,234
52332448990846,14:32:12.448,3.2000,100
52405521399028,14:33:25.521,3.2000,100
52530227755745,14:35:30.227,3.1900,83
52530227755745,14:35:30.227,3.1900,20
52530227755745,14:35:30.227,3.1900,100
52530227755745,14:35:30.227,3.1900,97
52530227782320,14:35:30.227,3.1900,3
52530227782320,14:35:30.227,3.1900,57
52554234082554,14:35:54.234,3.1600,100
52554234082554,14:35:54.234,3.1600,80
52554234082554,14:35:54.234,3.1600,120
52554234137232,14:35:54.234,3.1600,80
52554234137232,14:35:54.234,3.1600,20
52554234196042,14:35:54.234,3.1600,100
52554235412887,14:35:54.235,3.1600,100
52620931257845,14:37:00.931,3.1800,200
52641546824350,14:37:21.546,3.2000,95
52641546824350,14:37:21.546,3.2000,5
52885786578278,14:41:25.786,3.1700,100
52885786578278,14:41:25.786,3.1700,300
52885786833766,14:41:25.786,3.1700,40
52885786888775,14:41:25.786,3.1700,49
52885786888775,14:41:25.786,3.1700,51
53032908184591,14:43:52.908,3.2000,95
53032908184591,14:43:52.908,3.2000,5
53035671626235,14:43:55.671,3.1800,7
53141698553836,14:45:41.698,3.2000,100
53155037638048,14:45:55.037,3.2000,100
53155037817088,14:45:55.037,3.2100,2500
53233536484836,14:47:13.536,3.2200,100
53308204383193,14:48:28.204,3.2000,100
53308204383193,14:48:28.204,3.2000,78
53308204615629,14:48:28.204,3.2000,22
53308204615629,14:48:28.204,3.2000,78
53308204623932,14:48:28.204,3.2000,5
53308204645542,14:48:28.204,3.2000,17
53308204645542,14:48:28.204,3.2000,20
53308204946206,14:48:28.204,3.2000,80
53308216197513,14:48:28.216,3.1900,38
53308221253812,14:48:28.221,3.1800,100
53308221253812,14:48:28.221,3.1700,100
53308221253812,14:48:28.221,3.1700,250
53323514001254,14:48:43.514,3.1900,100
53323521884384,14:48:43.521,3.1900,20
53411017962213,14:50:11.017,3.2200,100
53448548413062,14:50:48.548,3.2100,50
53448548437343,14:50:48.548,3.2100,50
53478690795845,14:51:18.690,3.2000,100
53478690795845,14:51:18.690,3.2000,200
53478691153980,14:51:18.691,3.2000,45
53516871691159,14:51:56.871,3.1950,100
53545147446004,14:52:25.147,3.1800,100
53642284328277,14:54:02.284,3.1900,100
53724212716469,14:55:24.212,3.1800,75
53899806122033,14:58:19.806,3.2000,100
53904857445894,14:58:24.857,3.1950,100
54009043931200,15:00:09.043,3.1950,100
54012222074422,15:00:12.222,3.1950,100
54030740277420,15:00:30.740,3.2100,100
54146453927241,15:02:26.453,3.2100,100
54155952233859,15:02:35.952,3.2000,300
54155952233859,15:02:35.952,3.2000,100
54167098567884,15:02:47.098,3.1900,300
54167100498269,15:02:47.100,3.1800,100
54167100498269,15:02:47.100,3.1800,25
54167100550341,15:02:47.100,3.1800,13
54167100554226,15:02:47.100,3.1800,23
54167100558114,15:02:47.100,3.1800,34
54167100561250,15:02:47.100,3.1800,5
54247281848789,15:04:07.281,3.1900,400
54281094933182,15:04:41.094,3.2100,100
54590641389310,15:09:50.641,3.2000,100
54651445407488,15:10:51.445,3.2000,100
54707648595132,15:11:47.648,3.2000,100
54746702598117,15:12:26.702,3.2000,100
54746702827797,15:12:26.702,3.2000,168
54746702835758,15:12:26.702,3.2000,32
54746703586652,15:12:26.703,3.2000,100
54759245810113,15:12:39.245,3.2000,100
54773342265717,15:12:53.342,3.2100,300
54773342265717,15:12:53.342,3.2100,500
54773342265717,15:12:53.342,3.2100,67
54773342283018,15:12:53.342,3.2100,33
54773342283018,15:12:53.342,3.2100,500
54773342283018,15:12:53.342,3.2100,500
54773342728038,15:12:53.342,3.2100,100
54773342766596,15:12:53.342,3.2100,100
54773345333102,15:12:53.345,3.2100,100
54913862030070,15:15:13.862,3.2200,100
55015267745941,15:16:55.267,3.2200,100
55059852394493,15:17:39.852,3.2300,100
55059852652107,15:17:39.852,3.2300,100
55059852765943,15:17:39.852,3.2300,100
55059852767227,15:17:39.852,3.2300,100
55059859616105,15:17:39.859,3.2300,80
55062856673882,15:17:42.856,3.2300,400
55062867791644,15:17:42.867,3.2300,100
55120575369162,15:18:40.575,3.2400,200
55156636951596,15:19:16.636,3.2400,400
55184157178504,15:19:44.157,3.2400,200
55184157501296,15:19:44.157,3.2400,200
55184157501296,15:19:44.157,3.2400,100
55184158601911,15:19:44.158,3.2400,100
55254145302927,15:20:54.145,3.2500,273
55254145302927,15:20:54.145,3.2500,200
55254145302927,15:20:54.145,3.2500,1000
55254145302927,15:20:54.145,3.2500,1800
55254250190376,15:20:54.250,3.2700,100
55254251208277,15:20:54.251,3.2700,700
55254251409756,15:20:54.251,3.2700,100
55264077827889,15:21:04.077,3.2700,100
55310693986279,15:21:50.693,3.2600,2
55310694134107,15:21:50.694,3.2600,198
55310694134107,15:21:50.694,3.2600,100
55310694134107,15:21:50.694,3.2600,200
55310694134107,15:21:50.694,3.2600,500
55310700199537,15:21:50.700,3.2400,100
55328765890211,15:22:08.765,3.2600,200
55350784097742,15:22:30.784,3.2500,20
55350784097742,15:22:30.784,3.2500,30
55350784546280,15:22:30.784,3.2500,70
55350784546280,15:22:30.784,3.2500,30
55350784557697,15:22:30.784,3.2500,2
55350784571468,15:22:30.784,3.2500,67
55350784847516,15:22:30.784,3.2500,1
55350784847516,15:22:30.784,3.2500,99
55350784860612,15:22:30.784,3.2500,1
55350784860612,15:22:30.784,3.2500,99
55350784910317,15:22:30.784,3.2500,1
55350784915326,15:22:30.784,3.2500,50
55350785612665,15:22:30.785,3.2500,49
55350785612665,15:22:30.785,3.2500,51
55350785620336,15:22:30.785,3.2500,1
55350785639096,15:22:30.785,3.2500,48
55350785639096,15:22:30.785,3.2500,1
55421117024762,15:23:41.117,3.2500,20
55519872578951,15:25:19.872,3.2600,100
55519872578951,15:25:19.872,3.2600,50
55526340796638,15:25:26.340,3.2600,100
55590697350417,15:26:30.697,3.2550,100
55597986676886,15:26:37.986,3.2500,50
55597986676886,15:26:37.986,3.2500,100
55597986676886,15:26:37.986,3.2500,1000
55597987096225,15:26:37.987,3.2500,100
55597987578059,15:26:37.987,3.2300,100
55693497829371,15:28:13.497,3.2500,200
55693497842941,15:28:13.497,3.2500,100
55714456353266,15:28:34.456,3.2500,93
55716108353806,15:28:36.108,3.2400,100
55802494534966,15:30:02.494,3.2500,400
55840565683570,15:30:40.565,3.2500,200
55846811729485,15:30:46.811,3.2500,100
55846811969860,15:30:46.811,3.2500,50
55850117095657,15:30:50.117,3.2600,100
56027934397821,15:33:47.934,3.2500,100
56039491289078,15:33:59.491,3.2500,4
56039491289078,15:33:59.491,3.2500,100
56039491289078,15:33:59.491,3.2500,100
56039491289078,15:33:59.491,3.2500,30
56039491289078,15:33:59.491,3.2500,100
56039491289078,15:33:59.491,3.2500,66
56039491533658,15:33:59.491,3.2500,34
56039491533658,15:33:59.491,3.2500,28
56039491534906,15:33:59.491,3.2500,30
56039491690477,15:33:59.491,3.2500,9
56039491704457,15:33:59.491,3.2500,30
56072995395657,15:34:32.995,3.2500,3
56072995395657,15:34:32.995,3.2500,100
56072995395657,15:34:32.995,3.2500,97
56072996028198,15:34:32.996,3.2500,3
56180602205945,15:36:20.602,3.2700,21
56180602205945,15:36:20.602,3.2700,1
56180602205945,15:36:20.602,3.2700,100
56180798727843,15:36:20.798,3.2700,100
56182621722953,15:36:22.621,3.2700,150
56220181146729,15:37:00.181,3.2800,34
56220181173098,15:37:00.181,3.2800,66
56220181173098,15:37:00.181,3.2800,100
56237905866206,15:37:17.905,3.2800,200
56273364662156,15:37:53.364,3.2900,100
56285138868272,15:38:05.138,3.2900,100
56285138868272,15:38:05.138,3.2900,250
56285138868272,15:38:05.138,3.2900,50
56301024979296,15:38:21.024,3.2900,200
56301024979296,15:38:21.024,3.2900,100
56401868838824,15:40:01.868,3.2900,100
56440417071642,15:40:40.417,3.2900,400
56453678153428,15:40:53.678,3.2900,100
56458148993609,15:40:58.148,3.3000,143
56458148993609,15:40:58.148,3.3000,90
56458148993609,15:40:58.148,3.3000,190
56458148993609,15:40:58.148,3.3000,1000
56562935884599,15:42:42.935,3.3200,300
56574115811101,15:42:54.115,3.3100,200
56574120817500,15:42:54.120,3.3000,100
56574121716737,15:42:54.121,3.3000,7
56641042469531,15:44:01.042,3.3100,200
56641055835693,15:44:01.055,3.3200,100
56652635266539,15:44:12.635,3.3200,100
56685695871414,15:44:45.695,3.3200,300
56685696101600,15:44:45.696,3.3200,86
56724066452291,15:45:24.066,3.3200,400
56737836888817,15:45:37.836,3.3200,114
56747921355608,15:45:47.921,3.3300,100
56747926591710,15:45:47.926,3.3200,286
56747926591710,15:45:47.926,3.3200,100
56818667207830,15:46:58.667,3.3000,800
56838170952018,15:47:18.170,3.3000,600
56859446694513,15:47:39.446,3.2900,309
56859446694513,15:47:39.446,3.2900,191
56859446923620,15:47:39.446,3.2900,59
56859447268305,15:47:39.447,3.2900,100
56859447453546,15:47:39.447,3.2900,61
56859447454797,15:47:39.447,3.2900,39
56907686895397,15:48:27.686,3.2900,100
56907687926571,15:48:27.687,3.2900,200
56926951143968,15:48:46.951,3.2700,100
56926951353233,15:48:46.951,3.2700,100
56926951370153,15:48:46.951,3.2700,100
56926951373076,15:48:46.951,3.2700,18
56926951385451,15:48:46.951,3.2700,100
56926951387127,15:48:46.951,3.2700,29
56926951392142,15:48:46.951,3.2700,100
56926962928927,15:48:46.962,3.2700,200
56927165276060,15:48:47.165,3.2700,400
56929653046575,15:48:49.653,3.2700,500
56929653276400,15:48:49.653,3.2700,67
56969120650438,15:49:29.120,3.2900,400
56969121838180,15:49:29.121,3.2900,100
56969122067064,15:49:29.122,3.2900,15
56969122449373,15:49:29.122,3.2900,1456
56969126910578,15:49:29.126,3.2900,30
56981247800271,15:49:41.247,3.2900,200
57001496003815,15:50:01.496,3.2900,100
57006398906339,15:50:06.398,3.2900,300
57023128558192,15:50:23.128,3.2900,400
57036659963008,15:50:36.659,3.2900,100
57036660722586,15:50:36.660,3.3000,100
57036661386871,15:50:36.661,3.3000,50
57058400136102,15:50:58.400,3.3000,100
57072029606286,15:51:12.029,3.3000,50
57077645983039,15:51:17.645,3.3100,100
57077645983039,15:51:17.645,3.3200,100
57107762154765,15:51:47.762,3.3200,100
57107763515335,15:51:47.763,3.3200,100
57129757604097,15:52:09.757,3.3000,162
57184032859567,15:53:04.032,3.3000,444
57184032935365,15:53:04.032,3.3000,394
57184032935365,15:53:04.032,3.3000,100
57215488263897,15:53:35.488,3.3000,56
57215488263897,15:53:35.488,3.3000,44
57241756554515,15:54:01.756,3.2900,100
57241756554515,15:54:01.756,3.2900,100
57241757199803,15:54:01.757,3.2800,15
57241757200391,15:54:01.757,3.2800,57
57241757226529,15:54:01.757,3.2800,28
57252849729003,15:54:12.849,3.3000,200
57252849744630,15:54:12.849,3.3000,50
57252849744630,15:54:12.849,3.3000,50
57252854152122,15:54:12.854,3.3100,200
57275263799037,15:54:35.263,3.3100,50
57275263799037,15:54:35.263,3.3100,77
57275263799037,15:54:35.263,3.3100,1500
57275263799037,15:54:35.263,3.3100,700
57275263799037,15:54:35.263,3.3100,73
57289082112936,15:54:49.082,3.3200,500
57300086485187,15:55:00.086,3.3200,300
57309523436625,15:55:09.523,3.3200,100
57383470605726,15:56:23.470,3.3000,1500
57383470605726,15:56:23.470,3.3000,600
57383470837174,15:56:23.470,3.3000,30
57383470842007,15:56:23.470,3.3000,178
57390009071704,15:56:30.009,3.3000,72
57399780116978,15:56:39.780,3.3100,16
57399780116978,15:56:39.780,3.3100,84
57408660058258,15:56:48.660,3.3200,12
57408660058258,15:56:48.660,3.3200,88
57408665178581,15:56:48.665,3.3200,500
57413213726904,15:56:53.213,3.3200,40
57415575810586,15:56:55.575,3.3200,500
57425727836260,15:57:05.727,3.3000,1744
57425728822679,15:57:05.728,3.3000,1717
57425728943753,15:57:05.728,3.3000,15
57426950329092,15:57:06.950,3.3100,100
57426950329092,15:57:06.950,3.3200,372
57426950329092,15:57:06.950,3.3200,645
57426950329092,15:57:06.950,3.3200,50
57426950329092,15:57:06.950,3.3200,199
57426950329092,15:57:06.950,3.3200,334
57432757772952,15:57:12.757,3.3100,100
57432758266029,15:57:12.758,3.3100,100
57432760959677,15:57:12.760,3.3000,5
57435470725641,15:57:15.470,3.3200,100
57435470725641,15:57:15.470,3.3200,50
57435470725641,15:57:15.470,3.3300,120
57435470725641,15:57:15.470,3.3300,330
57435471276072,15:57:15.471,3.3200,100
57435471276072,15:57:15.471,3.3200,100
57435471276072,15:57:15.471,3.3200,100
57444792861068,15:57:24.792,3.3200,100
57444792861068,15:57:24.792,3.3200,100
57451613859329,15:57:31.613,3.3200,100
57455531637711,15:57:35.531,3.3100,55
57469394390971,15:57:49.394,3.3000,139
57469394390971,15:57:49.394,3.3000,4
57469394425854,15:57:49.394,3.3000,50
57472308492039,15:57:52.308,3.3000,50
57472308492039,15:57:52.308,3.3000,100
57472308492039,15:57:52.308,3.3000,100
57472308492039,15:57:52.308,3.3000,50
57480854805789,15:58:00.854,3.3000,21
57480854805789,15:58:00.854,3.3000,79
57498025082793,15:58:18.025,3.3000,21
57498025082793,15:58:18.025,3.3000,29
57498025082793,15:58:18.025,3.3000,34
57500219933157,15:58:20.219,3.3000,40
57509920431616,15:58:29.920,3.3000,26
57516819478898,15:58:36.819,3.3200,400
57524179852887,15:58:44.179,3.3200,100
57530221233749,15:58:50.221,3.3200,40
57533716226651,15:58:53.716,3.3200,100
57542459586157,15:59:02.459,3.3000,100
57546334785854,15:59:06.334,3.3000,90
57546334809983,15:59:06.334,3.3000,2857
57546334937022,15:59:06.334,3.3000,1953
57553150984972,15:59:13.150,3.3200,560
57553150984972,15:59:13.150,3.3200,601
57559589495970,15:59:19.589,3.3300,300
57560027907669,15:59:20.027,3.3300,100
57569571473569,15:59:29.571,3.3300,200
57569623145155,15:59:29.623,3.3300,40
57572021190590,15:59:32.021,3.3300,40
57585672224786,15:59:45.672,3.3300,8
57589281025982,15:59:49.281,3.3300,812
57589281025982,15:59:49.281,3.3300,1100
57589281025982,15:59:49.281,3.3300,400
57589281025982,15:59:49.281,3.3300,727
57589506134155,15:59:49.506,3.3300,200
57590234275770,15:59:50.234,3.3000,9
57590345468116,15:59:50.345,3.3300,273
57590345468116,15:59:50.345,3.3300,27
57590767778273,15:59:50.767,3.3400,500
57590767778273,15:59:50.767,3.3400,300
57594026214987,15:59:54.026,3.3400,41
57594026554009,15:59:54.026,3.3400,100
57594423541807,15:59:54.423,3.3400,100
57599069420336,15:59:59.069,3.3200,16
57600301486555,16:00:00.301,3.3200,735
57883643622736,16:04:43.643,3.2600,100
57883725447747,16:04:43.725,3.2500,20
57883726027822,16:04:43.726,3.2200,10
58101089990754,16:08:21.089,3.2200,49
58604623450690,16:16:44.623,3.2200,7
60886373006486,16:54:46.373,3.2200,71
60886373006486,16:54:46.373,3.2100,1074
61937893941905,17:12:17.893,3.2200,5
