timestamp,time,price,volume
34200195745933,09:30:00.195,0.0000,0
34273689661151,09:31:13.689,25.7200,1
34363857471598,09:32:43.857,25.7300,100
34363860029405,09:32:43.860,25.7100,90
34363860057271,09:32:43.860,25.7100,10
34363860744255,09:32:43.860,25.7100,100
34363867906976,09:32:43.867,25.7000,100
34363867906976,09:32:43.867,25.7000,100
34363869239471,09:32:43.869,25.7000,100
34363869811480,09:32:43.869,25.7100,100
34363869860714,09:32:43.869,25.7100,40
34364095204237,09:32:44.095,25.7000,49
34364095229516,09:32:44.095,25.7000,51
34364095229516,09:32:44.095,25.7000,100
34364464012166,09:32:44.464,25.7000,701
34364464060862,09:32:44.464,25.7100,100
34364464060862,09:32:44.464,25.7100,100
34364494923909,09:32:44.494,25.7200,100
34365848171423,09:32:45.848,25.7100,100
34365848171423,09:32:45.848,25.7100,100
34365848171423,09:32:45.848,25.7100,100
34365850270435,09:32:45.850,25.7000,65
34371303301407,09:32:51.303,25.7100,202
34375926305853,09:32:55.926,25.7400,1
34381141283733,09:33:01.141,25.7600,100
34451368242691,09:34:11.368,25.7600,6
34451374138532,09:34:11.374,25.7800,1
34473844324907,09:34:33.844,25.7600,94
34473844324907,09:34:33.844,25.7600,200
34473846460161,09:34:33.846,25.7500,100
34505123833698,09:35:05.123,25.7400,100
34505502014311,09:35:05.502,25.7400,100
34518870339666,09:35:18.870,25.7000,100
34518920608783,09:35:18.920,25.6900,100
34522547602985,09:35:22.547,25.6500,1
34522571783339,09:35:22.571,25.6400,100
34593905981670,09:36:33.905,25.6200,100
34597026072784,09:36:37.026,25.6200,100
34597026072784,09:36:37.026,25.6200,100
34611006826414,09:36:51.006,25.6300,200
34613251642600,09:36:53.251,25.6300,100
34613251642600,09:36:53.251,25.6300,100
34616511858867,09:36:56.511,25.6400,200
34618566865142,09:36:58.566,25.6400,200
34618567048804,09:36:58.567,25.6400,100
34618567048804,09:36:58.567,25.6400,100
34620024865432,09:37:00.024,25.6500,100
34679763821206,09:37:59.763,25.6800,100
34679763988521,09:37:59.763,25.6800,100
34679763988521,09:37:59.763,25.6800,100
34679797805152,09:37:59.797,25.6600,100
34693127452015,09:38:13.127,25.6600,39
34693740120669,09:38:13.740,25.6600,100
34693740154688,09:38:13.740,25.6600,5
34704530070706,09:38:24.530,25.6700,41
34724595315962,09:38:44.595,25.6700,100
34777840403183,09:39:37.840,25.6700,38
34777840403183,09:39:37.840,25.6700,100
34799148364290,09:39:59.148,25.6400,100
34800095011733,09:40:00.095,25.6500,100
34812308622749,09:40:12.308,25.6600,200
34816727254563,09:40:16.727,25.6700,100
34816807632317,09:40:16.807,25.6500,100
34828580070786,09:40:28.580,25.6500,100
34828583113531,09:40:28.583,25.6700,100
34842521764182,09:40:42.521,25.6800,100
34842616148265,09:40:42.616,25.6800,100
34842616148265,09:40:42.616,25.6800,100
34843942044418,09:40:43.942,25.6700,100
34873325106166,09:41:13.325,25.6500,100
34873325130815,09:41:13.325,25.6500,300
34905164788281,09:41:45.164,25.6200,100
34905164813931,09:41:45.164,25.6200,100
34905164846105,09:41:45.164,25.6200,100
34905165087742,09:41:45.165,25.6200,100
34905165087742,09:41:45.165,25.6200,100
34905165087742,09:41:45.165,25.6200,100
34905165087742,09:41:45.165,25.6200,100
34908454728501,09:41:48.454,25.6100,100
34910160761945,09:41:50.160,25.5900,200
34910160788951,09:41:50.160,25.5900,100
34910160788951,09:41:50.160,25.5900,39
34910160788951,09:41:50.160,25.5900,100
34922163129333,09:42:02.163,25.6200,100
34922165756815,09:42:02.165,25.6200,100
34922165805210,09:42:02.165,25.6200,100
34922165883644,09:42:02.165,25.6200,100
34922165883644,09:42:02.165,25.6200,40
34922256972046,09:42:02.256,25.6200,100
34922256972046,09:42:02.256,25.6200,100
34927460760897,09:42:07.460,25.6100,100
34970432993658,09:42:50.432,25.5800,40
34970433491753,09:42:50.433,25.5900,100
34970434340749,09:42:50.434,25.5900,100
34970434340749,09:42:50.434,25.5900,100
34971922296321,09:42:51.922,25.5900,100
34974906548222,09:42:54.906,25.5900,100
34974908283857,09:42:54.908,25.5900,100
34974908283857,09:42:54.908,25.5900,100
34975406952511,09:42:55.406,25.5900,100
35043799613968,09:44:03.799,25.5900,100
35043799821522,09:44:03.799,25.5800,400
35044082114738,09:44:04.082,25.5600,100
35044083096958,09:44:04.083,25.5600,100
35044083657206,09:44:04.083,25.5600,100
35044083657206,09:44:04.083,25.5700,100
35048583482475,09:44:08.583,25.5700,100
35048583482475,09:44:08.583,25.5700,100
35050218813112,09:44:10.218,25.5700,100
35050218836797,09:44:10.218,25.5700,100
35050219291923,09:44:10.219,25.5700,100
35050273274748,09:44:10.273,25.5700,100
35055726257729,09:44:15.726,25.5800,100
35066538656956,09:44:26.538,25.5700,100
35066538759418,09:44:26.538,25.5700,100
35066539011420,09:44:26.539,25.5700,100
35066539011420,09:44:26.539,25.5700,100
35066539172744,09:44:26.539,25.5700,100
35066539951133,09:44:26.539,25.5700,100
35067868822323,09:44:27.868,25.5700,2
35067868850546,09:44:27.868,25.5700,98
35070025414997,09:44:30.025,25.5800,100
35071379107751,09:44:31.379,25.5700,100
35071379107751,09:44:31.379,25.5700,100
35071379107751,09:44:31.379,25.5700,100
35071379107751,09:44:31.379,25.5700,100
35094711431545,09:44:54.711,25.5700,100
35103702529673,09:45:03.702,25.5700,100
35104895004349,09:45:04.895,25.5700,100
35113856389193,09:45:13.856,25.5800,55
35115023984024,09:45:15.023,25.5800,100
35115924558694,09:45:15.924,25.5800,1
35121707170911,09:45:21.707,25.5800,2
35124705912122,09:45:24.705,25.5800,1
35135085290027,09:45:35.085,25.5700,100
35168140297599,09:46:08.140,25.5600,100
35187380105748,09:46:27.380,25.5400,100
35187381462880,09:46:27.381,25.5400,100
35187500378682,09:46:27.500,25.5300,100
35199704356583,09:46:39.704,25.5500,8
35199723224671,09:46:39.723,25.5500,92
35204476475248,09:46:44.476,25.5500,100
35219712220290,09:46:59.712,25.5600,3
35233866181849,09:47:13.866,25.5500,100
35233866181849,09:47:13.866,25.5500,100
35233866181849,09:47:13.866,25.5500,200
35233866181849,09:47:13.866,25.5500,100
35286960755190,09:48:06.960,25.5300,100
35300687127543,09:48:20.687,25.5300,100
35312862582345,09:48:32.862,25.5300,100
35333699020943,09:48:53.699,25.5200,2
35333699020943,09:48:53.699,25.5200,98
35363107788324,09:49:23.107,25.5300,200
35363131828843,09:49:23.131,25.5400,200
35363146190857,09:49:23.146,25.5500,200
35364507850429,09:49:24.507,25.5600,100
35364507850429,09:49:24.507,25.5600,100
35376263372980,09:49:36.263,25.5500,100
35379178431524,09:49:39.178,25.5500,100
35394447006252,09:49:54.447,25.5500,100
35409653953348,09:50:09.653,25.5500,100
35416764664677,09:50:16.764,25.5500,100
35416765559815,09:50:16.765,25.5500,3
35427215156811,09:50:27.215,25.5600,3
35429714720360,09:50:29.714,25.5600,2
35463323820282,09:51:03.323,25.5500,100
35467305407640,09:51:07.305,25.5600,100
35467305407640,09:51:07.305,25.5600,2
35467306693897,09:51:07.306,25.5600,100
35467306805234,09:51:07.306,25.5600,100
35468257838972,09:51:08.257,25.5700,3
35468257866057,09:51:08.257,25.5700,97
35469855103048,09:51:09.855,25.5800,100
35482414277560,09:51:22.414,25.5900,7
35482414301177,09:51:22.414,25.5900,93
35544715870189,09:52:24.715,25.5700,2
35546745822426,09:52:26.745,25.5700,100
35570391854989,09:52:50.391,25.5700,100
35570391854989,09:52:50.391,25.5700,100
35570442644744,09:52:50.442,25.5800,100
35575547939258,09:52:55.547,25.5900,100
35585472486700,09:53:05.472,25.6000,100
35585472486700,09:53:05.472,25.6000,100
35594663967852,09:53:14.663,25.6000,100
35594663967852,09:53:14.663,25.6000,100
35594737298115,09:53:14.737,25.6000,100
35594737323232,09:53:14.737,25.6000,100
35594737323232,09:53:14.737,25.6000,100
35600773904057,09:53:20.773,25.6000,100
35600776158460,09:53:20.776,25.6000,2
35600776522142,09:53:20.776,25.6000,100
35601778919748,09:53:21.778,25.6100,200
35602006702585,09:53:22.006,25.6200,68
35602006728584,09:53:22.006,25.6200,132
35602006728584,09:53:22.006,25.6200,100
35606581522163,09:53:26.581,25.6300,100
35606581522163,09:53:26.581,25.6300,100
35606581522163,09:53:26.581,25.6300,100
35606614693869,09:53:26.614,25.6400,99
35606614719881,09:53:26.614,25.6400,1
35606918429517,09:53:26.918,25.6400,100
35606937291556,09:53:26.937,25.6400,100
35606937291556,09:53:26.937,25.6400,100
35606938541028,09:53:26.938,25.6400,100
35606938541028,09:53:26.938,25.6400,100
35606938541028,09:53:26.938,25.6400,100
35606938541028,09:53:26.938,25.6400,100
35610033659454,09:53:30.033,25.6400,100
35610033659454,09:53:30.033,25.6400,100
35610033659454,09:53:30.033,25.6400,100
35610033659454,09:53:30.033,25.6400,100
35610434714436,09:53:30.434,25.6400,100
35616070147109,09:53:36.070,25.6400,100
35616070147109,09:53:36.070,25.6400,100
35643399257827,09:54:03.399,25.6400,5
35643399798580,09:54:03.399,25.6400,95
35643399798580,09:54:03.399,25.6400,100
35643399798580,09:54:03.399,25.6400,200
35643399798580,09:54:03.399,25.6400,5
35645714893906,09:54:05.714,25.6400,95
35645714893906,09:54:05.714,25.6400,100
35655483298236,09:54:15.483,25.6400,5
35672381142013,09:54:32.381,25.6400,100
35672381196770,09:54:32.381,25.6400,2
35697377609418,09:54:57.377,25.6400,6
35701032173815,09:55:01.032,25.6400,1
35704526258526,09:55:04.526,25.6300,100
35710277193550,09:55:10.277,25.6200,100
35740264098810,09:55:40.264,25.6100,100
35740265051692,09:55:40.265,25.6100,4
35747929760914,09:55:47.929,25.6000,4
35747929760914,09:55:47.929,25.6000,96
35747929977854,09:55:47.929,25.6000,4
35747929977854,09:55:47.929,25.6000,100
35812703455936,09:56:52.703,25.5800,1
35819714459190,09:56:59.714,25.5900,100
35839256535003,09:57:19.256,25.6100,100
35886279235395,09:58:06.279,25.6100,2
35886279261467,09:58:06.279,25.6100,98
35886279261467,09:58:06.279,25.6100,100
35919718788677,09:58:39.718,25.6300,1
35919718812649,09:58:39.718,25.6300,99
35921246195823,09:58:41.246,25.6300,100
35921246195823,09:58:41.246,25.6300,100
35921246195823,09:58:41.246,25.6300,100
35953351062669,09:59:13.351,25.6300,100
35953351062669,09:59:13.351,25.6300,100
35954713387700,09:59:14.713,25.6400,44
35969801716772,09:59:29.801,25.6400,100
35969801716772,09:59:29.801,25.6400,100
35969801725153,09:59:29.801,25.6400,100
35969801725153,09:59:29.801,25.6400,100
36020743101229,10:00:20.743,25.6400,100
36020768109021,10:00:20.768,25.6400,100
36020768948108,10:00:20.768,25.6400,3
36026743717604,10:00:26.743,25.6400,100
36037503710281,10:00:37.503,25.6500,100
36037504916988,10:00:37.504,25.6500,100
36037504916988,10:00:37.504,25.6500,200
36069722261411,10:01:09.722,25.6500,3
36069722285917,10:01:09.722,25.6500,97
36069930411767,10:01:09.930,25.6500,100
36069931322067,10:01:09.931,25.6500,2
36074741875054,10:01:14.741,25.6400,100
36074741875054,10:01:14.741,25.6400,100
36074742263089,10:01:14.742,25.6400,100
36074742263089,10:01:14.742,25.6400,100
36074742263089,10:01:14.742,25.6400,100
36093494554911,10:01:33.494,25.6400,100
36093494554911,10:01:33.494,25.6400,100
36094567099866,10:01:34.567,25.6400,100
36098097055190,10:01:38.097,25.6400,2
36098097079487,10:01:38.097,25.6400,98
36099715367934,10:01:39.715,25.6500,100
36154349875309,10:02:34.349,25.6500,100
36154349875309,10:02:34.349,25.6500,100
36154349875309,10:02:34.349,25.6500,1
36154349875309,10:02:34.349,25.6500,100
36154349875309,10:02:34.349,25.6500,1
36159938722421,10:02:39.938,25.6400,100
36166837080182,10:02:46.837,25.6000,400
36166837080182,10:02:46.837,25.6000,100
36166846458629,10:02:46.846,25.6000,100
36166846458629,10:02:46.846,25.6000,100
36166846458629,10:02:46.846,25.6000,100
36177403595591,10:02:57.403,25.6000,100
36251819634361,10:04:11.819,25.6400,34
36251819821737,10:04:11.819,25.6400,66
36251819821737,10:04:11.819,25.6400,100
36253337379913,10:04:13.337,25.6400,2
36257900998497,10:04:17.900,25.6400,1
36257900998497,10:04:17.900,25.6400,99
36257901143222,10:04:17.901,25.6400,1
36264165304653,10:04:24.165,25.6400,2
36264165304653,10:04:24.165,25.6400,100
36279278941515,10:04:39.278,25.6400,100
36291725088929,10:04:51.725,25.6400,100
36332310392609,10:05:32.310,25.6300,3
36336647176741,10:05:36.647,25.6350,200
36336647176741,10:05:36.647,25.6300,100
36336647176741,10:05:36.647,25.6300,100
36336647176741,10:05:36.647,25.6300,200
36339717230698,10:05:39.717,25.6400,1
36339717770161,10:05:39.717,25.6400,7
36340872266709,10:05:40.872,25.6400,92
36342806898773,10:05:42.806,25.6400,100
36364722081483,10:06:04.722,25.6400,3
36368293870064,10:06:08.293,25.6400,2
36381117452455,10:06:21.117,25.6400,72
36381117482725,10:06:21.117,25.6400,123
36381117482725,10:06:21.117,25.6400,100
36418373558989,10:06:58.373,25.6600,100
36437986321772,10:07:17.986,25.6600,100
36437986321772,10:07:17.986,25.6600,100
36437986354049,10:07:17.986,25.6600,2
36437986363629,10:07:17.986,25.6600,2
36437986370926,10:07:17.986,25.6600,2
36437986664826,10:07:17.986,25.6600,96
36443273602507,10:07:23.273,25.6600,100
36443273602507,10:07:23.273,25.6600,91
36443273931614,10:07:23.273,25.6600,9
36452754534296,10:07:32.754,25.6600,100
36452754534296,10:07:32.754,25.6600,300
36452754534296,10:07:32.754,25.6600,100
36486139474874,10:08:06.139,25.6600,100
36486139474874,10:08:06.139,25.6600,100
36525298631097,10:08:45.298,25.6600,1
36525298631097,10:08:45.298,25.6600,100
36525298631097,10:08:45.298,25.6600,100
36553493096427,10:09:13.493,25.6500,100
36553493141468,10:09:13.493,25.6500,100
36554030719610,10:09:14.030,25.6400,200
36579729303827,10:09:39.729,25.6300,4
36579729329523,10:09:39.729,25.6300,96
36579729329523,10:09:39.729,25.6300,100
36579729329523,10:09:39.729,25.6300,100
36579729329523,10:09:39.729,25.6300,200
36579729329523,10:09:39.729,25.6300,100
36579729329523,10:09:39.729,25.6300,4
36579729439726,10:09:39.729,25.6300,96
36580970796858,10:09:40.970,25.6300,100
36580970796858,10:09:40.970,25.6300,100
36580970796858,10:09:40.970,25.6300,100
36638002773086,10:10:38.002,25.6400,100
36638002773086,10:10:38.002,25.6400,100
36648537800631,10:10:48.537,25.6400,200
36648537800631,10:10:48.537,25.6400,100
36651279551957,10:10:51.279,25.6300,100
36655621269185,10:10:55.621,25.6300,7
36684264218199,10:11:24.264,25.6300,93
36684264218199,10:11:24.264,25.6300,3
36684264218199,10:11:24.264,25.6300,100
36697347390416,10:11:37.347,25.6300,100
36697347390416,10:11:37.347,25.6300,28
36697347436501,10:11:37.347,25.6300,72
36711652652204,10:11:51.652,25.6400,200
36711652652204,10:11:51.652,25.6400,100
36711652652204,10:11:51.652,25.6400,100
36728542091306,10:12:08.542,25.6500,100
36728542131846,10:12:08.542,25.6500,100
36728542862420,10:12:08.542,25.6500,8
36728542897058,10:12:08.542,25.6500,92
36728543799744,10:12:08.543,25.6500,100
36731990588453,10:12:11.990,25.6500,100
36737318400699,10:12:17.318,25.6400,100
36737318400699,10:12:17.318,25.6400,100
36737318400699,10:12:17.318,25.6400,3
36737318421486,10:12:17.318,25.6400,100
36743427583461,10:12:23.427,25.6300,100
36791208553549,10:13:11.208,25.6300,68
36791208606750,10:13:11.208,25.6300,28
36792786034791,10:13:12.786,25.6300,4
36792786034791,10:13:12.786,25.6300,96
36792786117961,10:13:12.786,25.6300,4
36793131414638,10:13:13.131,25.6300,7
36793139523867,10:13:13.139,25.6300,93
36801255576030,10:13:21.255,25.6400,100
36801255576030,10:13:21.255,25.6400,100
36801406355158,10:13:21.406,25.6400,2
36801406939578,10:13:21.406,25.6400,98
36802944378323,10:13:22.944,25.6400,100
36802944378323,10:13:22.944,25.6400,100
36802944378323,10:13:22.944,25.6400,100
36802944378323,10:13:22.944,25.6400,100
36802944378323,10:13:22.944,25.6400,100
36813508428128,10:13:33.508,25.6400,100
36813508428128,10:13:33.508,25.6400,100
36813508428128,10:13:33.508,25.6400,1200
36813508428128,10:13:33.508,25.6400,58
36813508572747,10:13:33.508,25.6400,800
36813508572747,10:13:33.508,25.6400,91
36813639999071,10:13:33.639,25.6400,100
36813639999071,10:13:33.639,25.6400,9
36813643249389,10:13:33.643,25.6400,91
36842215699772,10:14:02.215,25.6400,100
36871191408100,10:14:31.191,25.6400,100
36871191408100,10:14:31.191,25.6400,100
36871191408100,10:14:31.191,25.6400,100
36871191408100,10:14:31.191,25.6400,100
36871191408100,10:14:31.191,25.6400,3
36871191408100,10:14:31.191,25.6400,100
36871191408100,10:14:31.191,25.6400,100
36871191733998,10:14:31.191,25.6400,100
36871191888505,10:14:31.191,25.6400,100
36871191888505,10:14:31.191,25.6400,100
36875308787145,10:14:35.308,25.6400,100
36905855528286,10:15:05.855,25.6400,100
36905860079441,10:15:05.860,25.6400,1
36916885348052,10:15:16.885,25.6400,100
36937763043846,10:15:37.763,25.6300,100
36937763075412,10:15:37.763,25.6300,3
36941517805068,10:15:41.517,25.6300,100
36949723910565,10:15:49.723,25.6300,2
36951752142701,10:15:51.752,25.6300,1
36967742304026,10:16:07.742,25.6200,100
36979323016609,10:16:19.323,25.6200,3
36979323016609,10:16:19.323,25.6200,97
37002974233023,10:16:42.974,25.6200,100
37002974233023,10:16:42.974,25.6200,96
37002974263107,10:16:42.974,25.6200,4
37002974263107,10:16:42.974,25.6200,100
37036536900309,10:17:16.536,25.6100,100
37044316573652,10:17:24.316,25.6100,100
37053048800149,10:17:33.048,25.6200,5
37076715321811,10:17:56.715,25.6100,300
37076715321811,10:17:56.715,25.6100,100
37088479348862,10:18:08.479,25.6000,4
37089213693125,10:18:09.213,25.5900,200
37089213693125,10:18:09.213,25.5900,100
37089213693125,10:18:09.213,25.5900,100
37091683633132,10:18:11.683,25.5900,100
37113048032684,10:18:33.048,25.5800,100
37115225523062,10:18:35.225,25.5800,100
37115523026723,10:18:35.523,25.5800,100
37115523026723,10:18:35.523,25.5800,100
37115523026723,10:18:35.523,25.5800,100
37115523026723,10:18:35.523,25.5800,100
37115523026723,10:18:35.523,25.5800,100
37115713112347,10:18:35.713,25.5800,100
37122159134130,10:18:42.159,25.5900,100
37122159134130,10:18:42.159,25.5900,100
37122159134130,10:18:42.159,25.5900,100
37122159134130,10:18:42.159,25.5900,100
37122159429600,10:18:42.159,25.5900,100
37122159509047,10:18:42.159,25.5900,100
37122718295955,10:18:42.718,25.5950,100
37138768778538,10:18:58.768,25.5900,100
37156472886576,10:19:16.472,25.6000,100
37156472886576,10:19:16.472,25.6000,200
37156472886576,10:19:16.472,25.6000,100
37156472886576,10:19:16.472,25.6000,100
37157678823037,10:19:17.678,25.6100,100
37157678823037,10:19:17.678,25.6100,100
37159922449411,10:19:19.922,25.6200,95
37159922449411,10:19:19.922,25.6200,200
37159922449411,10:19:19.922,25.6200,200
37159922850332,10:19:19.922,25.6200,200
37159922850332,10:19:19.922,25.6200,100
37159922850332,10:19:19.922,25.6200,100
37159922850332,10:19:19.922,25.6200,98
37159922863434,10:19:19.922,25.6200,2
37159922863434,10:19:19.922,25.6200,10
37159922878538,10:19:19.922,25.6200,90
37160714534861,10:19:20.714,25.6300,100
37160714534861,10:19:20.714,25.6300,100
37164133055504,10:19:24.133,25.6200,200
37164133055504,10:19:24.133,25.6200,100
37164133055504,10:19:24.133,25.6200,100
37164133494696,10:19:24.133,25.6200,100
37164133494696,10:19:24.133,25.6200,300
37164133494696,10:19:24.133,25.6200,100
37164133494696,10:19:24.133,25.6200,100
37168123818834,10:19:28.123,25.6200,300
37168123818834,10:19:28.123,25.6200,100
37168123818834,10:19:28.123,25.6200,200
37168124250006,10:19:28.124,25.6200,52
37168124307559,10:19:28.124,25.6200,48
37168124307559,10:19:28.124,25.6200,4
37168124360419,10:19:28.124,25.6200,52
37168124420830,10:19:28.124,25.6200,44
37168124420830,10:19:28.124,25.6200,8
37168124472228,10:19:28.124,25.6200,92
37168124564505,10:19:28.124,25.6200,100
37171553692540,10:19:31.553,25.6300,200
37171553692540,10:19:31.553,25.6300,100
37184940679848,10:19:44.940,25.6500,300
37184940798465,10:19:44.940,25.6500,100
37185715036031,10:19:45.715,25.6500,100
37185715036031,10:19:45.715,25.6500,100
37214330122421,10:20:14.330,25.6500,200
37214330122421,10:20:14.330,25.6500,100
37214330122421,10:20:14.330,25.6500,100
37235161840809,10:20:35.161,25.6500,200
37235161840809,10:20:35.161,25.6500,2
37290369990316,10:21:30.369,25.6400,97
37290369990316,10:21:30.369,25.6400,100
37290369990316,10:21:30.369,25.6400,100
37317409261310,10:21:57.409,25.6500,3
37318582055688,10:21:58.582,25.6500,97
37318582055688,10:21:58.582,25.6500,88
37318582082846,10:21:58.582,25.6500,12
37318582082846,10:21:58.582,25.6500,100
37324729141379,10:22:04.729,25.6600,2
37324731046468,10:22:04.731,25.6600,78
37336620365126,10:22:16.620,25.6600,20
37336620365126,10:22:16.620,25.6600,83
37336620450769,10:22:16.620,25.6600,17
37336620450769,10:22:16.620,25.6600,53
37336620474061,10:22:16.620,25.6600,47
37351714492392,10:22:31.714,25.6700,200
37351714492392,10:22:31.714,25.6700,100
37351714492392,10:22:31.714,25.6700,100
37356835519811,10:22:36.835,25.6800,2
37369971522524,10:22:49.971,25.6800,100
37369971522524,10:22:49.971,25.6800,100
37369971522524,10:22:49.971,25.6800,100
37369971522524,10:22:49.971,25.6800,100
37386414104931,10:23:06.414,25.6700,100
37386414335778,10:23:06.414,25.6700,100
37386414341508,10:23:06.414,25.6700,100
37386414341508,10:23:06.414,25.6700,200
37386414341508,10:23:06.414,25.6700,3
37386414341508,10:23:06.414,25.6700,100
37411833042834,10:23:31.833,25.6600,100
37411833042834,10:23:31.833,25.6600,100
37445747427443,10:24:05.747,25.6600,100
37445747427443,10:24:05.747,25.6600,100
37445747427443,10:24:05.747,25.6600,100
37446918314350,10:24:06.918,25.6600,100
37449729275857,10:24:09.729,25.6600,10
37474002496287,10:24:34.002,25.6600,90
37509531046738,10:25:09.531,25.6700,100
37509531046738,10:25:09.531,25.6700,40
37516126393564,10:25:16.126,25.6700,60
37516126393564,10:25:16.126,25.6700,40
37516126423945,10:25:16.126,25.6700,60
37627233846713,10:27:07.233,25.6900,100
37627233846713,10:27:07.233,25.6900,200
37627233846713,10:27:07.233,25.6900,2
37627233846713,10:27:07.233,25.6900,1
37628240310940,10:27:08.240,25.6800,100
37650862985002,10:27:30.862,25.6800,100
37651844054934,10:27:31.844,25.6800,100
37651844054934,10:27:31.844,25.6800,17
37651844083617,10:27:31.844,25.6800,83
37693642248246,10:28:13.642,25.6700,300
37693642248246,10:28:13.642,25.6700,100
37693642506771,10:28:13.642,25.6700,3
37693642506771,10:28:13.642,25.6700,1
37693642506771,10:28:13.642,25.6700,6
37693642956382,10:28:13.642,25.6700,100
37749736300685,10:29:09.736,25.6700,100
37749736300685,10:29:09.736,25.6700,67
37749736374208,10:29:09.736,25.6700,33
37749736374208,10:29:09.736,25.6700,100
37767570593052,10:29:27.570,25.6800,115
37767570593052,10:29:27.570,25.6800,85
37767570643215,10:29:27.570,25.6800,15
37769682021512,10:29:29.682,25.6900,100
37769682021512,10:29:29.682,25.6900,100
37776653626578,10:29:36.653,25.7000,2
37812268746644,10:30:12.268,25.6900,100
37812268746644,10:30:12.268,25.6900,100
37812268746644,10:30:12.268,25.6900,3
37812268746644,10:30:12.268,25.6900,100
37812797013195,10:30:12.797,25.6700,100
37812876107004,10:30:12.876,25.6600,4
37812876855797,10:30:12.876,25.6600,2
37866677328019,10:31:06.677,25.6300,100
37866677328019,10:31:06.677,25.6300,10
37960114271952,10:32:40.114,25.6500,81
38012533121582,10:33:32.533,25.6500,100
38012533264333,10:33:32.533,25.6500,64
38012533452640,10:33:32.533,25.6500,36
38012533452640,10:33:32.533,25.6500,100
38024430996911,10:33:44.430,25.6500,100
38024430996911,10:33:44.430,25.6500,100
38032833193425,10:33:52.833,25.6500,100
38081153806657,10:34:41.153,25.6500,100
38081153901911,10:34:41.153,25.6500,100
38081153901911,10:34:41.153,25.6500,100
38081153901911,10:34:41.153,25.6500,4
38081154237520,10:34:41.154,25.6500,96
38081154237520,10:34:41.154,25.6500,100
38104001451545,10:35:04.001,25.6600,1
38111234092376,10:35:11.234,25.6500,100
38111234092376,10:35:11.234,25.6500,7
38111234092376,10:35:11.234,25.6500,100
38111238503729,10:35:11.238,25.6500,100
38111238503729,10:35:11.238,25.6500,48
38185318150470,10:36:25.318,25.6500,200
38185318150470,10:36:25.318,25.6500,100
38185318150470,10:36:25.318,25.6500,7
38185319595152,10:36:25.319,25.6400,24
38185319681457,10:36:25.319,25.6400,100
38185319736781,10:36:25.319,25.6400,30
38236704853743,10:37:16.704,25.6300,100
38236704853743,10:37:16.704,25.6300,100
38236704853743,10:37:16.704,25.6300,100
38262152799311,10:37:42.152,25.6100,41
38265200157138,10:37:45.200,25.6100,25
38265201895790,10:37:45.201,25.6100,26
38292287242946,10:38:12.287,25.6200,82
38292287409161,10:38:12.287,25.6200,118
38292287409161,10:38:12.287,25.6200,400
38292287409161,10:38:12.287,25.6200,100
38292287409161,10:38:12.287,25.6200,200
38292287409161,10:38:12.287,25.6200,100
38292287409161,10:38:12.287,25.6200,100
38292287744470,10:38:12.287,25.6200,100
38302418424884,10:38:22.418,25.6300,100
38302418424884,10:38:22.418,25.6300,100
38302418424884,10:38:22.418,25.6300,200
38342139782489,10:39:02.139,25.6400,100
38342139782489,10:39:02.139,25.6400,100
38342139782489,10:39:02.139,25.6400,100
38343717047185,10:39:03.717,25.6500,100
38343717084917,10:39:03.717,25.6500,100
38352841151066,10:39:12.841,25.6600,100
38352841151066,10:39:12.841,25.6600,68
38352841176878,10:39:12.841,25.6600,32
38352841176878,10:39:12.841,25.6600,100
38352841176878,10:39:12.841,25.6600,10
38352841176878,10:39:12.841,25.6600,100
38363196472495,10:39:23.196,25.6600,100
38423552629206,10:40:23.552,25.6600,7
38423552629206,10:40:23.552,25.6600,100
38423552629206,10:40:23.552,25.6600,100
38543822583858,10:42:23.822,25.6500,300
38543822583858,10:42:23.822,25.6500,100
38543822583858,10:42:23.822,25.6500,100
38543822583858,10:42:23.822,25.6500,100
38543822583858,10:42:23.822,25.6500,100
38543822583858,10:42:23.822,25.6500,7
38543914137252,10:42:23.914,25.6400,100
38543914137252,10:42:23.914,25.6400,100
38543914137252,10:42:23.914,25.6400,100
38579248231122,10:42:59.248,25.6400,100
38579248231122,10:42:59.248,25.6400,100
38579248231122,10:42:59.248,25.6400,62
38579248231122,10:42:59.248,25.6400,1
38579248231122,10:42:59.248,25.6400,12
38579248733944,10:42:59.248,25.6400,36
38579248959983,10:42:59.248,25.6400,52
38579248959983,10:42:59.248,25.6400,200
38606016041735,10:43:26.016,25.6500,100
38606016041735,10:43:26.016,25.6500,100
38606016041735,10:43:26.016,25.6500,100
38645307741858,10:44:05.307,25.6600,100
38645307741858,10:44:05.307,25.6600,200
38645307741858,10:44:05.307,25.6600,81
38645307817601,10:44:05.307,25.6600,19
38645308246447,10:44:05.308,25.6600,400
38645308246447,10:44:05.308,25.6600,100
38645308246447,10:44:05.308,25.6600,100
38645308246447,10:44:05.308,25.6600,100
38645308246447,10:44:05.308,25.6600,200
38645308246447,10:44:05.308,25.6600,100
38713476105209,10:45:13.476,25.6500,300
38713476105209,10:45:13.476,25.6500,1
38713476105209,10:45:13.476,25.6500,100
38713476105209,10:45:13.476,25.6500,7
38713476105209,10:45:13.476,25.6500,100
38713476460501,10:45:13.476,25.6500,200
38713476460501,10:45:13.476,25.6500,100
38722405532459,10:45:22.405,25.6400,100
38768383623816,10:46:08.383,25.6400,48
38768384293896,10:46:08.384,25.6400,52
38768384293896,10:46:08.384,25.6400,100
38768384293896,10:46:08.384,25.6400,200
38768384293896,10:46:08.384,25.6400,100
38768384293896,10:46:08.384,25.6400,10
38824213750593,10:47:04.213,25.6400,100
38824213750593,10:47:04.213,25.6400,100
38824213750593,10:47:04.213,25.6400,100
38824214012370,10:47:04.214,25.6400,100
38824214012370,10:47:04.214,25.6400,8
38830759071690,10:47:10.759,25.6300,100
38871570454309,10:47:51.570,25.6300,100
38871570454309,10:47:51.570,25.6300,100
38871570454309,10:47:51.570,25.6300,100
38871570553036,10:47:51.570,25.6300,100
38925730093961,10:48:45.730,25.6300,7
38925730093961,10:48:45.730,25.6300,100
38953713280977,10:49:13.713,25.6300,48
38953713581289,10:49:13.713,25.6300,52
38953713581289,10:49:13.713,25.6300,175
38953713626812,10:49:13.713,25.6300,25
39000500379893,10:50:00.500,25.6300,100
39000500379893,10:50:00.500,25.6300,100
39107641103144,10:51:47.641,25.6300,100
39107643361438,10:51:47.643,25.6300,100
39107643361438,10:51:47.643,25.6300,200
39107643361438,10:51:47.643,25.6300,100
39107643361438,10:51:47.643,25.6300,100
39107643433487,10:51:47.643,25.6300,100
39107643433487,10:51:47.643,25.6300,100
39107643470318,10:51:47.643,25.6300,100
39169758545957,10:52:49.758,25.6400,100
39169758545957,10:52:49.758,25.6400,100
39169758545957,10:52:49.758,25.6400,100
39169758545957,10:52:49.758,25.6400,100
39169758545957,10:52:49.758,25.6400,100
39169758545957,10:52:49.758,25.6400,200
39169758545957,10:52:49.758,25.6400,100
39169758545957,10:52:49.758,25.6400,100
39169759025304,10:52:49.759,25.6400,100
39468107540700,10:57:48.107,25.6300,100
39468107745420,10:57:48.107,25.6300,100
39468107745420,10:57:48.107,25.6300,100
39468107745420,10:57:48.107,25.6300,100
39468107745420,10:57:48.107,25.6300,100
39468107745420,10:57:48.107,25.6300,300
39468107745420,10:57:48.107,25.6300,100
39468107745420,10:57:48.107,25.6300,9
39468107745420,10:57:48.107,25.6300,100
39468107751361,10:57:48.107,25.6300,200
39468107751361,10:57:48.107,25.6300,100
39468168516897,10:57:48.168,25.6250,200
39468168516897,10:57:48.168,25.6250,100
39468168516897,10:57:48.168,25.6200,300
39468168516897,10:57:48.168,25.6200,100
39468964952754,10:57:48.964,25.6300,100
39482679371810,10:58:02.679,25.6300,100
39482679371810,10:58:02.679,25.6300,200
39482679371810,10:58:02.679,25.6300,100
39530339209717,10:58:50.339,25.6300,8
39530339209717,10:58:50.339,25.6300,92
39533743912203,10:58:53.743,25.6300,8
39533743912203,10:58:53.743,25.6300,92
39533743939898,10:58:53.743,25.6300,8
39533743939898,10:58:53.743,25.6300,1
39606963114689,11:00:06.963,25.6250,1
39663193452459,11:01:03.193,25.6300,300
39663193452459,11:01:03.193,25.6300,65
39663194005929,11:01:03.194,25.6300,14
39663194056399,11:01:03.194,25.6300,121
39663194056399,11:01:03.194,25.6300,79
39663194095908,11:01:03.194,25.6300,3
39663311878069,11:01:03.311,25.6300,18
39663311878069,11:01:03.311,25.6300,66
39663311878069,11:01:03.311,25.6300,100
39663311958071,11:01:03.311,25.6300,184
39663314566766,11:01:03.314,25.6300,16
39663461625080,11:01:03.461,25.6400,100
39663461625080,11:01:03.461,25.6400,200
39663461625080,11:01:03.461,25.6400,100
39663461625080,11:01:03.461,25.6400,4
39663463544241,11:01:03.463,25.6400,18
39663463792416,11:01:03.463,25.6400,178
39663463792416,11:01:03.463,25.6400,100
39663463792416,11:01:03.463,25.6400,100
39663463792416,11:01:03.463,25.6400,100
39663463792416,11:01:03.463,25.6400,100
39663486591993,11:01:03.486,25.6500,4
39663815802524,11:01:03.815,25.6450,200
39666854359046,11:01:06.854,25.6400,72
39666854359046,11:01:06.854,25.6400,28
39667179753036,11:01:07.179,25.6400,10
39724699632732,11:02:04.699,25.6500,18
39724700670503,11:02:04.700,25.6500,18
40083164160279,11:08:03.164,25.6450,1
40123218176689,11:08:43.218,25.6500,5
40190176975257,11:09:50.176,25.6400,400
40191174017941,11:09:51.174,25.6400,162
40191174017941,11:09:51.174,25.6400,100
40191174017941,11:09:51.174,25.6400,1
40191174017941,11:09:51.174,25.6400,100
40191174017941,11:09:51.174,25.6400,100
40191174017941,11:09:51.174,25.6400,100
40191174017941,11:09:51.174,25.6400,300
40191174017941,11:09:51.174,25.6400,9
40191174017941,11:09:51.174,25.6400,100
40191174017941,11:09:51.174,25.6400,100
40191174017941,11:09:51.174,25.6400,28
40191174056272,11:09:51.174,25.6400,72
40191174237646,11:09:51.174,25.6400,200
40191174237646,11:09:51.174,25.6400,100
40191204409899,11:09:51.204,25.6300,100
40191204409899,11:09:51.204,25.6300,100
40191204409899,11:09:51.204,25.6300,100
40191204794646,11:09:51.204,25.6300,100
40191224256068,11:09:51.224,25.6200,100
40191224256068,11:09:51.224,25.6200,100
40191224256068,11:09:51.224,25.6200,100
40191224256068,11:09:51.224,25.6200,100
40191224256068,11:09:51.224,25.6200,100
40191224625078,11:09:51.224,25.6200,100
40191224625078,11:09:51.224,25.6200,100
40191224625078,11:09:51.224,25.6200,100
40191224797649,11:09:51.224,25.6200,100
40191224885254,11:09:51.224,25.6200,17
40191225721413,11:09:51.225,25.6200,83
40191225721413,11:09:51.225,25.6200,17
40192173723099,11:09:52.173,25.6200,100
40192173723099,11:09:52.173,25.6200,100
40219577634667,11:10:19.577,25.6250,100
40245474112342,11:10:45.474,25.6250,1
40259160596690,11:10:59.160,25.6300,100
40259160596690,11:10:59.160,25.6300,100
40309261507604,11:11:49.261,25.6300,1
40354796918745,11:12:34.796,25.6250,3
40399859783326,11:13:19.859,25.6250,1
40482443668553,11:14:42.443,25.6300,1
40604716892473,11:16:44.716,25.6300,1
40604717652577,11:16:44.717,25.6300,1
40685279684546,11:18:05.279,25.6250,100
40711919309733,11:18:31.919,25.6200,2
40711919309733,11:18:31.919,25.6200,100
40711919309733,11:18:31.919,25.6200,100
40711919309733,11:18:31.919,25.6200,100
40711919309733,11:18:31.919,25.6200,100
40711919309733,11:18:31.919,25.6200,100
40711919309733,11:18:31.919,25.6200,100
40711919309733,11:18:31.919,25.6200,100
40711919309733,11:18:31.919,25.6200,100
40711919309733,11:18:31.919,25.6200,198
40711919400904,11:18:31.919,25.6200,2
40711919400904,11:18:31.919,25.6200,100
40711919400904,11:18:31.919,25.6200,10
40711919400904,11:18:31.919,25.6200,100
40711919426121,11:18:31.919,25.6200,100
40711919426121,11:18:31.919,25.6200,70
40712195763875,11:18:32.195,25.6100,100
40712195763875,11:18:32.195,25.6100,100
40712195763875,11:18:32.195,25.6100,100
40712879605553,11:18:32.879,25.6150,98
40729930204685,11:18:49.930,25.6200,200
40729930204685,11:18:49.930,25.6200,49
40729930204685,11:18:49.930,25.6200,200
40803895461034,11:20:03.895,25.6250,100
40803895498070,11:20:03.895,25.6300,300
40803895498070,11:20:03.895,25.6300,100
40803895498070,11:20:03.895,25.6300,100
40803895498070,11:20:03.895,25.6300,100
40803895523655,11:20:03.895,25.6300,104
40803896005964,11:20:03.896,25.6300,100
40803896085726,11:20:03.896,25.6300,96
40803918498935,11:20:03.918,25.6400,200
40803918498935,11:20:03.918,25.6400,300
40803918498935,11:20:03.918,25.6400,200
40803918498935,11:20:03.918,25.6400,100
40803918498935,11:20:03.918,25.6400,10
40803945426352,11:20:03.945,25.6500,55
40803945426352,11:20:03.945,25.6500,100
40803945426352,11:20:03.945,25.6500,200
40803945426352,11:20:03.945,25.6500,300
40803945426352,11:20:03.945,25.6500,100
40803945595061,11:20:03.945,25.6500,100
40803945595061,11:20:03.945,25.6500,200
40804683480737,11:20:04.683,25.6600,200
40804683480737,11:20:04.683,25.6600,100
40804683480737,11:20:04.683,25.6600,100
40804728229911,11:20:04.728,25.6700,1
40804879762365,11:20:04.879,25.6600,98
40872133261900,11:21:12.133,25.6500,100
40872133261900,11:21:12.133,25.6500,100
40872133261900,11:21:12.133,25.6500,300
40872133261900,11:21:12.133,25.6500,200
40872133261900,11:21:12.133,25.6500,1
40872133261900,11:21:12.133,25.6500,100
40872133261900,11:21:12.133,25.6500,10
40906174184892,11:21:46.174,25.6400,200
40932900678648,11:22:12.900,25.6300,100
40932900854016,11:22:12.900,25.6300,10
40969906488406,11:22:49.906,25.6300,200
40969906488406,11:22:49.906,25.6300,100
40969906488406,11:22:49.906,25.6300,100
40969906884425,11:22:49.906,25.6300,1
40969906884425,11:22:49.906,25.6300,100
40969906884425,11:22:49.906,25.6300,100
40980693489755,11:23:00.693,25.6400,100
40980693675677,11:23:00.693,25.6400,42
40980695879629,11:23:00.695,25.6400,158
41288109738266,11:28:08.109,25.6500,1
41316359355694,11:28:36.359,25.6500,2
41332642355959,11:28:52.642,25.6500,2
41441383647375,11:30:41.383,25.6400,300
41441383647375,11:30:41.383,25.6400,1
41441383647375,11:30:41.383,25.6400,1
41441383647375,11:30:41.383,25.6400,100
41441383647375,11:30:41.383,25.6400,100
41441383647375,11:30:41.383,25.6400,300
41441383647375,11:30:41.383,25.6400,100
41441383647375,11:30:41.383,25.6400,100
41441383647375,11:30:41.383,25.6400,100
41441383647375,11:30:41.383,25.6400,100
41441383647375,11:30:41.383,25.6400,100
41441383647375,11:30:41.383,25.6400,8
41441383808882,11:30:41.383,25.6400,100
41441383810281,11:30:41.383,25.6400,100
41441383810281,11:30:41.383,25.6400,100
41441885806504,11:30:41.885,25.6300,100
41441885806504,11:30:41.885,25.6300,200
41441885806504,11:30:41.885,25.6300,25
41441885806504,11:30:41.885,25.6300,100
41441885806504,11:30:41.885,25.6300,75
41441886153459,11:30:41.886,25.6300,225
41441886153459,11:30:41.886,25.6300,200
41441916013704,11:30:41.916,25.6200,100
41441916013704,11:30:41.916,25.6200,200
41441916013704,11:30:41.916,25.6200,100
41441916328757,11:30:41.916,25.6200,100
41441916328757,11:30:41.916,25.6200,100
41441916328757,11:30:41.916,25.6200,100
41441916328757,11:30:41.916,25.6200,100
41441916642091,11:30:41.916,25.6200,100
41441916642091,11:30:41.916,25.6200,100
41441916642091,11:30:41.916,25.6200,100
41441916692968,11:30:41.916,25.6200,100
41441917495730,11:30:41.917,25.6200,100
41441917495730,11:30:41.917,25.6200,100
41511499892335,11:31:51.499,25.6150,1
41559312219612,11:32:39.312,25.6100,200
41559312219612,11:32:39.312,25.6100,3
41559312219612,11:32:39.312,25.6100,100
41559312219612,11:32:39.312,25.6100,2
41559312219612,11:32:39.312,25.6100,100
41559312219612,11:32:39.312,25.6100,8
41728348898344,11:35:28.348,25.6000,2
41728348898344,11:35:28.348,25.6000,3
41728348898344,11:35:28.348,25.6000,200
41728348898344,11:35:28.348,25.6000,1
41728348898344,11:35:28.348,25.6000,100
41728348898344,11:35:28.348,25.6000,100
41728348898344,11:35:28.348,25.6000,100
41728348898344,11:35:28.348,25.6000,9
41728449964063,11:35:28.449,25.5900,100
41728449964063,11:35:28.449,25.5900,1
41728449964063,11:35:28.449,25.5900,100
41728597355075,11:35:28.597,25.5900,100
41784667274692,11:36:24.667,25.5800,2
41784667274692,11:36:24.667,25.5800,2
41784667274692,11:36:24.667,25.5800,10
41784667274692,11:36:24.667,25.5800,100
41810630524706,11:36:50.630,25.5700,1
41810630524706,11:36:50.630,25.5700,2
41810630524706,11:36:50.630,25.5700,97
41810630557748,11:36:50.630,25.5700,3
41810630557748,11:36:50.630,25.5700,1
41817021979711,11:36:57.021,25.5600,2
41917697263133,11:38:37.697,25.5500,2
41917697263133,11:38:37.697,25.5500,98
41941134644074,11:39:01.134,25.5500,2
41941134644074,11:39:01.134,25.5500,1
41941134644074,11:39:01.134,25.5500,1
41941134644074,11:39:01.134,25.5500,10
41941134644074,11:39:01.134,25.5500,2
41941134644074,11:39:01.134,25.5500,84
41945234599635,11:39:05.234,25.5500,100
41947959777260,11:39:07.959,25.5500,1
41947959973145,11:39:07.959,25.5500,1
41947959973145,11:39:07.959,25.5500,2
41947959973145,11:39:07.959,25.5500,1
42071312251633,11:41:11.312,25.5500,100
42071312251633,11:41:11.312,25.5500,200
42071312251633,11:41:11.312,25.5500,100
42071312251633,11:41:11.312,25.5500,200
42071312251633,11:41:11.312,25.5500,100
42071312251633,11:41:11.312,25.5500,100
42071312395922,11:41:11.312,25.5500,200
42071312602324,11:41:11.312,25.5500,59
42071312618622,11:41:11.312,25.5500,100
42071312661343,11:41:11.312,25.5500,41
42072415408500,11:41:12.415,25.5600,100
42072415408500,11:41:12.415,25.5600,200
42072415408500,11:41:12.415,25.5600,100
42072415408500,11:41:12.415,25.5600,100
42072415408500,11:41:12.415,25.5600,100
42072415521794,11:41:12.415,25.5600,100
42072415638725,11:41:12.415,25.5600,100
42072415646176,11:41:12.415,25.5600,100
42072415649370,11:41:12.415,25.5600,100
42134407775041,11:42:14.407,25.5700,1
42162769796052,11:42:42.769,25.5700,1
42164502145277,11:42:44.502,25.5700,198
42164502145277,11:42:44.502,25.5700,200
42164502145277,11:42:44.502,25.5700,100
42164502145277,11:42:44.502,25.5700,100
42164502145277,11:42:44.502,25.5700,2
42164502201678,11:42:44.502,25.5700,98
42164550576802,11:42:44.550,25.5800,1
42164562352635,11:42:44.562,25.5800,1
42164741276638,11:42:44.741,25.5800,10
42164741276638,11:42:44.741,25.5800,90
42164755728279,11:42:44.755,25.5800,10
42164755728279,11:42:44.755,25.5800,90
42164755796284,11:42:44.755,25.5800,10
42164836216802,11:42:44.836,25.5800,100
42165151639302,11:42:45.151,25.5900,1
42165190210424,11:42:45.190,25.5900,1
42170106955428,11:42:50.106,25.5900,99
42216953653317,11:43:36.953,25.6000,100
42243578599964,11:44:03.578,25.5900,1
42243578599964,11:44:03.578,25.5900,100
42243578599964,11:44:03.578,25.5900,100
42243578599964,11:44:03.578,25.5900,300
42243578599964,11:44:03.578,25.5900,2
42243578599964,11:44:03.578,25.5900,8
42243578599964,11:44:03.578,25.5900,100
42243578632850,11:44:03.578,25.5900,100
42247558756400,11:44:07.558,25.5800,600
42247558756400,11:44:07.558,25.5800,2
42247558756400,11:44:07.558,25.5800,100
42247558756400,11:44:07.558,25.5800,100
42247558756400,11:44:07.558,25.5800,3
42248568998673,11:44:08.568,25.5700,1
42248568998673,11:44:08.568,25.5700,2
42296275741803,11:44:56.275,25.5700,100
42296275741803,11:44:56.275,25.5700,100
42323740692328,11:45:23.740,25.5700,6
42323740717683,11:45:23.740,25.5700,94
42360944943943,11:46:00.944,25.5700,200
42360944943943,11:46:00.944,25.5700,100
42367347926579,11:46:07.347,25.5700,9
42555564072260,11:49:15.564,25.5800,200
42555564072260,11:49:15.564,25.5800,100
42598070737825,11:49:58.070,25.5900,200
42598070737825,11:49:58.070,25.5900,100
42598070737825,11:49:58.070,25.5900,100
42614934076207,11:50:14.934,25.5900,100
42614934076207,11:50:14.934,25.5900,178
42614934076207,11:50:14.934,25.5900,3
42614934076207,11:50:14.934,25.5900,100
42614934076207,11:50:14.934,25.5900,9
42614934076207,11:50:14.934,25.5900,310
42614934121069,11:50:14.934,25.5900,90
42655280204052,11:50:55.280,25.5950,100
42686700130264,11:51:26.700,25.6000,100
42686745622895,11:51:26.745,25.6000,100
42696421355775,11:51:36.421,25.5900,100
42696421355775,11:51:36.421,25.5900,200
42696421355775,11:51:36.421,25.5900,2
42696421355775,11:51:36.421,25.5900,98
42696422182233,11:51:36.422,25.5900,2
42823203106331,11:53:43.203,25.5900,1
42838182401398,11:53:58.182,25.5900,1
42840280206758,11:54:00.280,25.5900,98
42840280206758,11:54:00.280,25.5900,200
42840280206758,11:54:00.280,25.5900,2
42903146770896,11:55:03.146,25.5900,200
42903146770896,11:55:03.146,25.5900,100
42903245908462,11:55:03.245,25.6000,100
42903245908462,11:55:03.245,25.6000,100
42903282636718,11:55:03.282,25.6000,100
42903282636718,11:55:03.282,25.6000,100
42903282719283,11:55:03.282,25.6000,107
43149182983763,11:59:09.182,25.6000,100
43149182983763,11:59:09.182,25.6000,100
43149182983763,11:59:09.182,25.6000,3
43149182983763,11:59:09.182,25.6000,100
43149182983763,11:59:09.182,25.6000,200
43149182983763,11:59:09.182,25.6000,200
43149182983763,11:59:09.182,25.6000,200
43149182983763,11:59:09.182,25.6000,100
43149182983763,11:59:09.182,25.6000,100
43149182983763,11:59:09.182,25.6000,300
43149182983763,11:59:09.182,25.6000,8
43149183157138,11:59:09.183,25.6000,100
43149183157138,11:59:09.183,25.6000,100
43149196108215,11:59:09.196,25.5900,400
43149196108215,11:59:09.196,25.5900,100
43149196108215,11:59:09.196,25.5900,100
43149196108215,11:59:09.196,25.5900,100
43149196108215,11:59:09.196,25.5900,100
43149196108215,11:59:09.196,25.5900,100
43149196149875,11:59:09.196,25.5900,100
43149196154691,11:59:09.196,25.5900,100
43149196162905,11:59:09.196,25.5900,100
43149196312605,11:59:09.196,25.5900,100
43149196312605,11:59:09.196,25.5900,100
43149196560720,11:59:09.196,25.5900,100
43197343094967,11:59:57.343,25.5900,200
43197343094967,11:59:57.343,25.5900,100
43197343094967,11:59:57.343,25.5900,100
43197343144998,11:59:57.343,25.5900,100
43204828580128,12:00:04.828,25.6000,100
43204828580128,12:00:04.828,25.6000,100
43204828580128,12:00:04.828,25.6000,100
43224223195749,12:00:24.223,25.6100,100
43224223221288,12:00:24.223,25.6100,100
43224223221288,12:00:24.223,25.6100,100
43224223221288,12:00:24.223,25.6100,100
43224223517498,12:00:24.223,25.6100,100
43224223517498,12:00:24.223,25.6100,100
43224223517498,12:00:24.223,25.6100,100
43245877271115,12:00:45.877,25.6100,2
43245877271115,12:00:45.877,25.6100,8
43245877757231,12:00:45.877,25.6100,100
43323311133828,12:02:03.311,25.6150,17
43344231760015,12:02:24.231,25.6200,1
43344231788515,12:02:24.231,25.6200,99
43344231788515,12:02:24.231,25.6200,200
43344231788515,12:02:24.231,25.6200,100
43344231788515,12:02:24.231,25.6200,200
43344231788515,12:02:24.231,25.6200,100
43356682207469,12:02:36.682,25.6300,100
43382170199657,12:03:02.170,25.6400,100
43382170229282,12:03:02.170,25.6400,6
43382170229282,12:03:02.170,25.6400,100
43382266265849,12:03:02.266,25.6500,1
43566239635928,12:06:06.239,25.6400,100
43566239635928,12:06:06.239,25.6400,100
43566239635928,12:06:06.239,25.6400,1
43566239635928,12:06:06.239,25.6400,100
43566239635928,12:06:06.239,25.6400,200
43566239635928,12:06:06.239,25.6400,100
43566239635928,12:06:06.239,25.6400,400
43566239635928,12:06:06.239,25.6400,7
43743464071299,12:09:03.464,25.6400,1
43768141577559,12:09:28.141,25.6300,300
43768141577559,12:09:28.141,25.6300,2
43768141577559,12:09:28.141,25.6300,194
43768141931990,12:09:28.141,25.6300,306
43768141931990,12:09:28.141,25.6300,100
43768141931990,12:09:28.141,25.6300,7
43768141931990,12:09:28.141,25.6300,100
43768141931990,12:09:28.141,25.6300,100
43768142254790,12:09:28.142,25.6300,100
43768234912441,12:09:28.234,25.6200,100
43768234912441,12:09:28.234,25.6200,100
43768234912441,12:09:28.234,25.6200,1
43768234912441,12:09:28.234,25.6200,100
43768234912441,12:09:28.234,25.6200,100
43768234912441,12:09:28.234,25.6200,499
43768241932731,12:09:28.241,25.6200,1
43768241932731,12:09:28.241,25.6200,100
43768241932731,12:09:28.241,25.6200,99
43768387844603,12:09:28.387,25.6200,100
43810520761330,12:10:10.520,25.6200,100
43810520788234,12:10:10.520,25.6200,100
43810520788234,12:10:10.520,25.6200,100
43810520788234,12:10:10.520,25.6200,100
43810520788234,12:10:10.520,25.6200,100
43810520917475,12:10:10.520,25.6200,100
43828253247140,12:10:28.253,25.6300,100
43828253247140,12:10:28.253,25.6300,100
43860437748771,12:11:00.437,25.6400,199
43860437748771,12:11:00.437,25.6400,100
43860437748771,12:11:00.437,25.6400,1
43860437780134,12:11:00.437,25.6400,99
43860475727058,12:11:00.475,25.6450,100
43870869760655,12:11:10.869,25.6500,100
44035355041245,12:13:55.355,25.6500,2
44060785613308,12:14:20.785,25.6400,300
44060785613308,12:14:20.785,25.6400,1
44060785613308,12:14:20.785,25.6400,100
44060785613308,12:14:20.785,25.6400,3
44060785613308,12:14:20.785,25.6400,96
44060785693522,12:14:20.785,25.6400,4
44060785693522,12:14:20.785,25.6400,6
44060785740895,12:14:20.785,25.6400,10
44060785767861,12:14:20.785,25.6400,10
44060785942189,12:14:20.785,25.6400,10
44060786251481,12:14:20.786,25.6400,4
44060786278110,12:14:20.786,25.6400,266
44060786278110,12:14:20.786,25.6400,100
44060786278110,12:14:20.786,25.6400,200
44061350361477,12:14:21.350,25.6300,1
44061350361477,12:14:21.350,25.6300,1
44061350361477,12:14:21.350,25.6300,3
44219620315957,12:16:59.620,25.6300,1
44219620315957,12:16:59.620,25.6300,100
44219620315957,12:16:59.620,25.6300,100
44219620315957,12:16:59.620,25.6300,200
44219620315957,12:16:59.620,25.6300,100
44219620318070,12:16:59.620,25.6300,200
44318244471019,12:18:38.244,25.6300,2
44318244471019,12:18:38.244,25.6300,100
44318244471019,12:18:38.244,25.6300,100
44318244471019,12:18:38.244,25.6300,300
44318244471019,12:18:38.244,25.6300,8
44376101322937,12:19:36.101,25.6300,300
44376101322937,12:19:36.101,25.6300,100
44423050020833,12:20:23.050,25.6400,100
44423050020833,12:20:23.050,25.6400,100
44423050020833,12:20:23.050,25.6400,100
44467003354007,12:21:07.003,25.6450,100
44475525897041,12:21:15.525,25.6500,1
44476941496668,12:21:16.941,25.6500,1
44512395020330,12:21:52.395,25.6500,1
44599102086848,12:23:19.102,25.6400,400
44599102086848,12:23:19.102,25.6400,100
44599102086848,12:23:19.102,25.6400,500
44599102086848,12:23:19.102,25.6400,3
44599102086848,12:23:19.102,25.6400,100
44599102086848,12:23:19.102,25.6400,2
44599102086848,12:23:19.102,25.6400,100
44599102086848,12:23:19.102,25.6400,200
44599102086848,12:23:19.102,25.6400,7
44601762358052,12:23:21.762,25.6300,1
44601762358052,12:23:21.762,25.6300,30
44601762358052,12:23:21.762,25.6300,100
44601762358052,12:23:21.762,25.6300,2
44601762358052,12:23:21.762,25.6300,200
44638789235773,12:23:58.789,25.6200,1
44638789235773,12:23:58.789,25.6200,1
44674149402587,12:24:34.149,25.6100,8
44674149402587,12:24:34.149,25.6100,1
44674149402587,12:24:34.149,25.6100,1
44689117490476,12:24:49.117,25.6000,1
44689572352185,12:24:49.572,25.6000,100
44689572352185,12:24:49.572,25.6000,100
44694509260183,12:24:54.509,25.6000,100
44780380845876,12:26:20.380,25.6000,100
44780380882255,12:26:20.380,25.6000,1
44780380882255,12:26:20.380,25.6000,1
44780380882255,12:26:20.380,25.6000,100
44780380882255,12:26:20.380,25.6000,8
44801835731325,12:26:41.835,25.5900,1
44801835731325,12:26:41.835,25.5900,99
44812052405200,12:26:52.052,25.5900,100
44812052405200,12:26:52.052,25.5900,1
44834870080374,12:27:14.870,25.5800,1
44878481630104,12:27:58.481,25.5800,19
44880123876885,12:28:00.123,25.5800,100
44885549278780,12:28:05.549,25.5800,81
44885549278780,12:28:05.549,25.5800,19
44885549339388,12:28:05.549,25.5800,81
44885549339388,12:28:05.549,25.5800,1
44885549339388,12:28:05.549,25.5800,9
44904633464343,12:28:24.633,25.5700,2
44904633464343,12:28:24.633,25.5700,1
44905934522830,12:28:25.934,25.5700,2
44956461917693,12:29:16.461,25.5700,106
45142322553129,12:32:22.322,25.5800,1
45143677571461,12:32:23.677,25.5750,10
45218940662700,12:33:38.940,25.5800,1
45378755319479,12:36:18.755,25.5700,100
45378755319479,12:36:18.755,25.5700,1
45378755319479,12:36:18.755,25.5700,100
45378755319479,12:36:18.755,25.5700,99
45378756564803,12:36:18.756,25.5700,1
45378756564803,12:36:18.756,25.5700,100
45378756564803,12:36:18.756,25.5700,100
45378756564803,12:36:18.756,25.5700,200
45378756564803,12:36:18.756,25.5700,300
45378756564803,12:36:18.756,25.5700,9
45378756564803,12:36:18.756,25.5700,100
45378757113221,12:36:18.757,25.5700,3
45378757149453,12:36:18.757,25.5700,97
45378757149453,12:36:18.757,25.5700,3
45378757204573,12:36:18.757,25.5700,97
45396936836714,12:36:36.936,25.5600,100
45396936911736,12:36:36.936,25.5600,2
45396936911736,12:36:36.936,25.5600,98
45396936923698,12:36:36.936,25.5600,102
45398579293466,12:36:38.579,25.5500,1
45398579293466,12:36:38.579,25.5500,100
45398579293466,12:36:38.579,25.5500,100
45470280781586,12:37:50.280,25.5400,2
45470280781586,12:37:50.280,25.5400,1
45470280781586,12:37:50.280,25.5400,1
45470280781586,12:37:50.280,25.5400,96
45547242764978,12:39:07.242,25.5400,200
45547242764978,12:39:07.242,25.5400,8
45547292112203,12:39:07.292,25.5400,92
45547292112203,12:39:07.292,25.5400,1
45547292112203,12:39:07.292,25.5400,7
45547292158804,12:39:07.292,25.5400,2
45581901909659,12:39:41.901,25.5300,2
45581901909659,12:39:41.901,25.5300,98
45589314070366,12:39:49.314,25.5300,100
45597748035099,12:39:57.748,25.5300,2
45597748035099,12:39:57.748,25.5300,1
45597748035099,12:39:57.748,25.5300,1
45597748035099,12:39:57.748,25.5300,2
45717207564169,12:41:57.207,25.5200,95
45717207564169,12:41:57.207,25.5200,2
45717207564169,12:41:57.207,25.5200,9
45717207564169,12:41:57.207,25.5200,100
45717207564169,12:41:57.207,25.5200,1
45717207564169,12:41:57.207,25.5200,100
45717207564169,12:41:57.207,25.5200,193
45717207604995,12:41:57.207,25.5200,7
45717445165426,12:41:57.445,25.5100,100
45736986362818,12:42:16.986,25.5100,2
45736986362818,12:42:16.986,25.5100,1
45736986362818,12:42:16.986,25.5100,9
45773868584160,12:42:53.868,25.5100,100
45773868611152,12:42:53.868,25.5100,100
45773868611152,12:42:53.868,25.5100,100
45773868611152,12:42:53.868,25.5100,100
45845035918606,12:44:05.035,25.5100,1
45845035918606,12:44:05.035,25.5100,200
45845035918606,12:44:05.035,25.5100,9
45849066186686,12:44:09.066,25.5100,48
45849066677990,12:44:09.066,25.5100,40
45852634867748,12:44:12.634,25.5100,100
45866475984991,12:44:26.475,25.5100,200
45894326810889,12:44:54.326,25.5100,100
45905812591614,12:45:05.812,25.5100,1
45922702432144,12:45:22.702,25.5200,400
45922702432144,12:45:22.702,25.5200,100
45967619015371,12:46:07.619,25.5200,200
45967619015371,12:46:07.619,25.5200,1
45967619015371,12:46:07.619,25.5200,9
45967619465255,12:46:07.619,25.5200,100
45967620035798,12:46:07.620,25.5200,1
45967637348848,12:46:07.637,25.5200,10
45971260585405,12:46:11.260,25.5200,1
46023588336975,12:47:03.588,25.5200,100
46033112084043,12:47:13.112,25.5300,100
46033112084043,12:47:13.112,25.5300,48
46033112114360,12:47:13.112,25.5300,152
46094453296725,12:48:14.453,25.5400,78
46094453329234,12:48:14.453,25.5400,22
46145581063182,12:49:05.581,25.5500,100
46145581770953,12:49:05.581,25.5500,100
46145581770953,12:49:05.581,25.5500,100
46165133762677,12:49:25.133,25.5600,100
46369888790024,12:52:49.888,25.5600,200
46369888790024,12:52:49.888,25.5600,100
46369888790024,12:52:49.888,25.5600,100
46369888807930,12:52:49.888,25.5600,100
46369892473849,12:52:49.892,25.5600,2
46428107389305,12:53:48.107,25.5600,100
46428107389305,12:53:48.107,25.5600,8
46428107389305,12:53:48.107,25.5600,100
46501048095518,12:55:01.048,25.5500,4
46501048095518,12:55:01.048,25.5500,296
46501048410222,12:55:01.048,25.5500,4
46501048410222,12:55:01.048,25.5500,8
46501048410222,12:55:01.048,25.5500,1
46501048410222,12:55:01.048,25.5500,2
46501048410222,12:55:01.048,25.5500,100
46523942605195,12:55:23.942,25.5400,1
46523942605195,12:55:23.942,25.5400,99
46549338211088,12:55:49.338,25.5400,101
46549338211088,12:55:49.338,25.5400,1
46565273390119,12:56:05.273,25.5300,100
46565273526305,12:56:05.273,25.5300,300
46565273526305,12:56:05.273,25.5300,1
46565273526305,12:56:05.273,25.5300,100
46565273526305,12:56:05.273,25.5300,9
46911427733251,13:01:51.427,25.5350,99
46979082934680,13:02:59.082,25.5400,100
46979082934680,13:02:59.082,25.5400,90
46979083204419,13:02:59.083,25.5400,10
46979083204419,13:02:59.083,25.5400,200
46979083204419,13:02:59.083,25.5400,100
46979083204419,13:02:59.083,25.5400,100
46979083204419,13:02:59.083,25.5400,100
46979083204419,13:02:59.083,25.5400,100
46979083204419,13:02:59.083,25.5400,100
46979083204419,13:02:59.083,25.5400,100
46979087566221,13:02:59.087,25.5400,100
46979140385026,13:02:59.140,25.5400,1
46979335586492,13:02:59.335,25.5400,99
46980693496314,13:03:00.693,25.5500,10
47014666690356,13:03:34.666,25.5600,200
47014666690356,13:03:34.666,25.5600,44
47014666690356,13:03:34.666,25.5600,100
47014666690356,13:03:34.666,25.5600,100
47014667881170,13:03:34.667,25.5600,100
47014667881170,13:03:34.667,25.5600,100
47014667881170,13:03:34.667,25.5600,200
47014668138201,13:03:34.668,25.5600,100
47014668138201,13:03:34.668,25.5600,200
47014668138201,13:03:34.668,25.5600,100
47014668278588,13:03:34.668,25.5600,100
47014668278588,13:03:34.668,25.5600,100
47014668278588,13:03:34.668,25.5600,100
47014673082664,13:03:34.673,25.5600,100
47014673082664,13:03:34.673,25.5600,100
47014682213812,13:03:34.682,25.5600,100
47014682213812,13:03:34.682,25.5600,200
47014682213812,13:03:34.682,25.5600,100
47015453826696,13:03:35.453,25.5600,100
47015453826696,13:03:35.453,25.5600,100
47057343731922,13:04:17.343,25.5700,1
47066590913449,13:04:26.590,25.5650,66
47066652289421,13:04:26.652,25.5700,1
47093493165694,13:04:53.493,25.5700,1
47094045833028,13:04:54.045,25.5700,1
47094290561211,13:04:54.290,25.5700,1
47116621176686,13:05:16.621,25.5700,75
47116621209705,13:05:16.621,25.5700,25
47125945815427,13:05:25.945,25.5700,2
47180240160693,13:06:20.240,25.5700,100
47180240160693,13:06:20.240,25.5700,3
47180240160693,13:06:20.240,25.5700,100
47180240160693,13:06:20.240,25.5700,100
47180240160693,13:06:20.240,25.5700,200
47180240160693,13:06:20.240,25.5700,1
47180240160693,13:06:20.240,25.5700,100
47180240160693,13:06:20.240,25.5700,7
47183113468478,13:06:23.113,25.5600,100
47183113468478,13:06:23.113,25.5600,100
47183113468478,13:06:23.113,25.5600,1
47183113468478,13:06:23.113,25.5600,2
47183113468478,13:06:23.113,25.5600,200
47183478301031,13:06:23.478,25.5500,100
47183478301031,13:06:23.478,25.5500,100
47183478411334,13:06:23.478,25.5500,100
47183479439690,13:06:23.479,25.5500,100
47183479439690,13:06:23.479,25.5500,100
47183479439690,13:06:23.479,25.5500,100
47183479439690,13:06:23.479,25.5500,100
47252279851808,13:07:32.279,25.5400,100
47252279851808,13:07:32.279,25.5400,200
47252279851808,13:07:32.279,25.5400,100
47252279851808,13:07:32.279,25.5400,1
47252279851808,13:07:32.279,25.5400,100
47252279851808,13:07:32.279,25.5400,100
47256668346286,13:07:36.668,25.5400,1
47256668346286,13:07:36.668,25.5400,99
47262949219264,13:07:42.949,25.5400,1
47370177672148,13:09:30.177,25.5400,100
47404452343840,13:10:04.452,25.5400,100
47404452343840,13:10:04.452,25.5400,200
47404452343840,13:10:04.452,25.5400,100
47404452343840,13:10:04.452,25.5400,100
47406082228956,13:10:06.082,25.5450,2
47415647769293,13:10:15.647,25.5500,100
47415647769293,13:10:15.647,25.5500,200
47415647795127,13:10:15.647,25.5500,100
47512593747134,13:11:52.593,25.5600,100
47553441093598,13:12:33.441,25.5600,2
47553441122301,13:12:33.441,25.5600,100
47553441122301,13:12:33.441,25.5600,100
47553441122301,13:12:33.441,25.5600,100
47553441122301,13:12:33.441,25.5600,100
47553497784256,13:12:33.497,25.5700,2
47553500573598,13:12:33.500,25.5700,1
47609399652136,13:13:29.399,25.5650,1
47611268011214,13:13:31.268,25.5600,100
47611268011214,13:13:31.268,25.5600,100
47611268011214,13:13:31.268,25.5600,100
47611268011214,13:13:31.268,25.5600,100
47611268011214,13:13:31.268,25.5600,100
47611268011214,13:13:31.268,25.5600,11
47611268011214,13:13:31.268,25.5600,3
47625211570475,13:13:45.211,25.5600,100
47640213372471,13:14:00.213,25.5550,100
47691780234202,13:14:51.780,25.5500,200
47691780234202,13:14:51.780,25.5500,300
47691780234202,13:14:51.780,25.5500,1
47691780234202,13:14:51.780,25.5500,10
47691780244144,13:14:51.780,25.5500,100
47691780244144,13:14:51.780,25.5500,100
47691781935478,13:14:51.781,25.5400,1
47691784057112,13:14:51.784,25.5350,25
47707412215662,13:15:07.412,25.5400,100
47707412215662,13:15:07.412,25.5400,100
47707412215662,13:15:07.412,25.5400,100
47753448062048,13:15:53.448,25.5500,100
47753448062048,13:15:53.448,25.5500,100
47753448093347,13:15:53.448,25.5500,100
47753448093347,13:15:53.448,25.5500,100
47865189190185,13:17:45.189,25.5600,100
47865189190185,13:17:45.189,25.5600,100
47865189190185,13:17:45.189,25.5600,100
47865189190185,13:17:45.189,25.5600,100
47881170104726,13:18:01.170,25.5700,100
47881170104726,13:18:01.170,25.5700,100
47881182205066,13:18:01.182,25.5700,10
47881182205066,13:18:01.182,25.5700,100
47881182205066,13:18:01.182,25.5700,100
47889309159592,13:18:09.309,25.5800,100
47904812890701,13:18:24.812,25.5750,100
47904812890701,13:18:24.812,25.5800,100
47904812890701,13:18:24.812,25.5800,100
47904812890701,13:18:24.812,25.5800,200
47904812890701,13:18:24.812,25.5800,100
47904812890701,13:18:24.812,25.5800,100
47904812928171,13:18:24.812,25.5800,100
47904993600336,13:18:24.993,25.5900,100
47981733091303,13:19:41.733,25.5850,1
47983182715474,13:19:43.182,25.5900,100
48045800488861,13:20:45.800,25.5800,100
48045800488861,13:20:45.800,25.5800,2
48045800488861,13:20:45.800,25.5800,2
48045800488861,13:20:45.800,25.5800,200
48045800488861,13:20:45.800,25.5800,100
48045800488861,13:20:45.800,25.5800,100
48045800488861,13:20:45.800,25.5800,8
48045859735583,13:20:45.859,25.5700,100
48045859735583,13:20:45.859,25.5700,2
48045859735583,13:20:45.859,25.5700,1
48045860834615,13:20:45.860,25.5700,2
48045860834615,13:20:45.860,25.5700,10
48045862581751,13:20:45.862,25.5700,90
48045862581751,13:20:45.862,25.5700,10
48100299150478,13:21:40.299,25.5600,100
48123124376915,13:22:03.124,25.5400,100
48132292391243,13:22:12.292,25.5400,100
48132292391243,13:22:12.292,25.5400,100
48132292391243,13:22:12.292,25.5400,78
48132292417532,13:22:12.292,25.5400,72
48151799243451,13:22:31.799,25.5400,1
48151799243451,13:22:31.799,25.5400,1
48151799243451,13:22:31.799,25.5400,11
48151799243451,13:22:31.799,25.5400,100
48220183805222,13:23:40.183,25.5400,100
48220183805222,13:23:40.183,25.5400,100
48220183805222,13:23:40.183,25.5400,300
48255365149629,13:24:15.365,25.5400,1
48255365149629,13:24:15.365,25.5400,1
48255365149629,13:24:15.365,25.5400,10
48271811370801,13:24:31.811,25.5400,100
48271811370801,13:24:31.811,25.5400,100
48319176172722,13:25:19.176,25.5400,100
48319176172722,13:25:19.176,25.5400,100
48325060954569,13:25:25.060,25.5400,100
48325060954569,13:25:25.060,25.5400,100
48335802337562,13:25:35.802,25.5400,1
48335802337562,13:25:35.802,25.5400,99
48335802400380,13:25:35.802,25.5400,1
48394301737771,13:26:34.301,25.5300,100
48394301737771,13:26:34.301,25.5300,1
48394301737771,13:26:34.301,25.5300,11
48417087300024,13:26:57.087,25.5200,1
48417087300024,13:26:57.087,25.5200,61
48417087459922,13:26:57.087,25.5200,39
48439343909464,13:27:19.343,25.5100,100
48439343980115,13:27:19.343,25.5100,1
48482205519461,13:28:02.205,25.5000,4000
48482205519461,13:28:02.205,25.5000,1000
48482205519461,13:28:02.205,25.5000,1
48482205951186,13:28:02.205,25.5000,300
48482205951186,13:28:02.205,25.5000,100
48482205951186,13:28:02.205,25.5000,200
48482206447698,13:28:02.206,25.5000,200
48482206488142,13:28:02.206,25.5000,200
48490482884547,13:28:10.482,25.5000,100
48490482884547,13:28:10.482,25.5000,12
48522024157146,13:28:42.024,25.5100,200
48522024157146,13:28:42.024,25.5100,24
48522024195626,13:28:42.024,25.5100,76
48522024195626,13:28:42.024,25.5100,200
48522024195626,13:28:42.024,25.5100,200
48522024195626,13:28:42.024,25.5100,43
48522024248647,13:28:42.024,25.5100,99
48522024272971,13:28:42.024,25.5100,58
48522024272971,13:28:42.024,25.5100,99
48522024274962,13:28:42.024,25.5100,58
48522024801930,13:28:42.024,25.5100,143
48548053086244,13:29:08.053,25.5200,100
48548053086244,13:29:08.053,25.5200,105
48548053086244,13:29:08.053,25.5200,100
48606009927947,13:30:06.009,25.5300,1
48689118889601,13:31:29.118,25.5400,100
48697669015278,13:31:37.669,25.5400,100
48698847322099,13:31:38.847,25.5400,52
48698847347786,13:31:38.847,25.5400,48
48698847642087,13:31:38.847,25.5400,100
48698847642087,13:31:38.847,25.5400,100
48701878309227,13:31:41.878,25.5400,25
48721519151532,13:32:01.519,25.5500,100
48800025430355,13:33:20.025,25.5600,100
48800025430355,13:33:20.025,25.5600,100
48800026135040,13:33:20.026,25.5600,100
48800026135040,13:33:20.026,25.5600,29
48800026135040,13:33:20.026,25.5600,100
48805265208784,13:33:25.265,25.5600,115
48805265208784,13:33:25.265,25.5600,100
48805265208784,13:33:25.265,25.5600,100
48805265208784,13:33:25.265,25.5600,85
48805265517490,13:33:25.265,25.5600,15
48834230594151,13:33:54.230,25.5500,100
48835554212177,13:33:55.554,25.5500,12
48835554212177,13:33:55.554,25.5500,1
48835554212177,13:33:55.554,25.5500,100
48895579419084,13:34:55.579,25.5400,2
48895579419084,13:34:55.579,25.5400,13
48900727518404,13:35:00.727,25.5300,100
48900727518404,13:35:00.727,25.5300,1
48905020679999,13:35:05.020,25.5300,44
48908239245596,13:35:08.239,25.5300,40
48908239956046,13:35:08.239,25.5300,16
48920125384208,13:35:20.125,25.5200,100
48976308127976,13:36:16.308,25.5200,1
48976308127976,13:36:16.308,25.5200,13
48977089692139,13:36:17.089,25.5200,84
48980026050033,13:36:20.026,25.5200,100
48980293285159,13:36:20.293,25.5200,100
49007650605361,13:36:47.650,25.5200,1
49007650605361,13:36:47.650,25.5200,1
49028185512868,13:37:08.185,25.5200,36
49030028266603,13:37:10.028,25.5200,64
49030028266603,13:37:10.028,25.5200,36
49031485426840,13:37:11.485,25.5200,64
49104135938369,13:38:24.135,25.5200,1
49104135938369,13:38:24.135,25.5200,100
49104135938369,13:38:24.135,25.5200,100
49104135938369,13:38:24.135,25.5200,100
49104135938369,13:38:24.135,25.5200,100
49104135938369,13:38:24.135,25.5200,1
49104135938369,13:38:24.135,25.5200,13
49104135938369,13:38:24.135,25.5200,200
49104136302681,13:38:24.136,25.5200,200
49104136717031,13:38:24.136,25.5200,100
49113843707334,13:38:33.843,25.5200,1
49113843707334,13:38:33.843,25.5200,1
49125028448936,13:38:45.028,25.5200,100
49177081747975,13:39:37.081,25.5200,98
49177081747975,13:39:37.081,25.5200,1
49177081747975,13:39:37.081,25.5200,1
49177302842896,13:39:37.302,25.5200,99
49195828315781,13:39:55.828,25.5100,1
49205025804987,13:40:05.025,25.5100,100
49358092175714,13:42:38.092,25.5000,72
49358093070352,13:42:38.093,25.5000,28
49358093070352,13:42:38.093,25.5000,2
49358093070352,13:42:38.093,25.5000,1
49358093070352,13:42:38.093,25.5000,100
49358093070352,13:42:38.093,25.5000,12
49366409116364,13:42:46.409,25.4900,100
49367472786951,13:42:47.472,25.4900,1
49367472786951,13:42:47.472,25.4900,100
49373121080685,13:42:53.121,25.4800,1
49373121080685,13:42:53.121,25.4800,1
49378735370022,13:42:58.735,25.4800,100
49378735370022,13:42:58.735,25.4800,200
49378735480397,13:42:58.735,25.4800,97
49378735480397,13:42:58.735,25.4800,100
49394068868005,13:43:14.068,25.4900,100
49455198987432,13:44:15.198,25.4800,1
49455198987432,13:44:15.198,25.4800,99
49455199383138,13:44:15.199,25.4800,1
49455199383138,13:44:15.199,25.4800,15
49474858108806,13:44:34.858,25.4800,100
49474858108806,13:44:34.858,25.4800,1
49491754805563,13:44:51.754,25.4800,200
49491754805563,13:44:51.754,25.4800,100
49518366676372,13:45:18.366,25.4800,1
49571165915103,13:46:11.165,25.4800,200
49571166116395,13:46:11.166,25.4800,100
49571166143306,13:46:11.166,25.4800,100
49571166143306,13:46:11.166,25.4800,100
49604281547525,13:46:44.281,25.4800,1
49604281547525,13:46:44.281,25.4800,99
49608632207318,13:46:48.632,25.4800,1
49608632207318,13:46:48.632,25.4800,12
49608632207318,13:46:48.632,25.4800,87
49613747436920,13:46:53.747,25.4800,13
49613747436920,13:46:53.747,25.4800,1
49637768997917,13:47:17.768,25.4700,100
49637768997917,13:47:17.768,25.4700,200
49637769029815,13:47:17.769,25.4700,1
49761908709548,13:49:21.908,25.4600,1
49761908709548,13:49:21.908,25.4600,99
49761909428093,13:49:21.909,25.4600,1
49761909428093,13:49:21.909,25.4600,13
49790258100911,13:49:50.258,25.4500,1
49790258100911,13:49:50.258,25.4500,1
49796937498686,13:49:56.937,25.4600,2
49796939038390,13:49:56.939,25.4600,98
49796939038390,13:49:56.939,25.4600,100
49796939038390,13:49:56.939,25.4600,100
49796939038390,13:49:56.939,25.4600,100
49834422173268,13:50:34.422,25.4600,1
49834422173268,13:50:34.422,25.4600,12
49834422173268,13:50:34.422,25.4600,100
49834422173268,13:50:34.422,25.4600,1
49911312281155,13:51:51.312,25.4500,100
49913424717716,13:51:53.424,25.4500,100
49930268656417,13:52:10.268,25.4500,1
49930268656417,13:52:10.268,25.4500,100
49930268656417,13:52:10.268,25.4500,100
49930268656417,13:52:10.268,25.4500,1
49930268656417,13:52:10.268,25.4500,100
49930268656417,13:52:10.268,25.4500,15
49932615732836,13:52:12.615,25.4400,100
49944864109458,13:52:24.864,25.4400,1
49969549872889,13:52:49.549,25.4400,100
49969549872889,13:52:49.549,25.4400,73
49969549872889,13:52:49.549,25.4400,100
49969549872889,13:52:49.549,25.4400,100
49969549872889,13:52:49.549,25.4400,27
49969549951775,13:52:49.549,25.4400,73
50034412580661,13:53:54.412,25.4400,100
50034412580661,13:53:54.412,25.4400,1
50034412580661,13:53:54.412,25.4400,1
50058826912727,13:54:18.826,25.4400,100
50106955924610,13:55:06.955,25.4400,2
50106955924610,13:55:06.955,25.4400,1
50106955924610,13:55:06.955,25.4400,97
50106955951507,13:55:06.955,25.4400,3
50106955951507,13:55:06.955,25.4400,19
50124315491157,13:55:24.315,25.4400,1
50126320141185,13:55:26.320,25.4400,1
50150350459560,13:55:50.350,25.4400,100
50155015011499,13:55:55.015,25.4400,1
50185097734408,13:56:25.097,25.4300,100
50220753972966,13:57:00.753,25.4400,300
50220753972966,13:57:00.753,25.4400,100
50220753972966,13:57:00.753,25.4400,100
50220753972966,13:57:00.753,25.4400,100
50259524140364,13:57:39.524,25.4400,1
50259524140364,13:57:39.524,25.4400,1
50259524140364,13:57:39.524,25.4400,100
50259524140364,13:57:39.524,25.4400,19
50261035420939,13:57:41.035,25.4300,100
50312675451321,13:58:32.675,25.4400,100
50312675451321,13:58:32.675,25.4400,61
50312675581975,13:58:32.675,25.4400,39
50312675581975,13:58:32.675,25.4400,61
50312676085697,13:58:32.676,25.4400,7
50337457029119,13:58:57.457,25.4300,100
50337457029119,13:58:57.457,25.4300,100
50337457029119,13:58:57.457,25.4300,1
50337457029119,13:58:57.457,25.4300,1
50337457029119,13:58:57.457,25.4300,399
50337732261074,13:58:57.732,25.4300,200
50356229297718,13:59:16.229,25.4300,18
50356229297718,13:59:16.229,25.4300,81
50356229944792,13:59:16.229,25.4300,19
50356229944792,13:59:16.229,25.4300,1
50356229944792,13:59:16.229,25.4300,1
50356229944792,13:59:16.229,25.4300,1
50361536470283,13:59:21.536,25.4300,100
50402689923246,14:00:02.689,25.4200,1
50402689923246,14:00:02.689,25.4200,200
50402696748262,14:00:02.696,25.4200,200
50402700587645,14:00:02.700,25.4200,200
50402701363040,14:00:02.701,25.4200,200
50402701363040,14:00:02.701,25.4200,100
50402702738816,14:00:02.702,25.4200,101
50402707318028,14:00:02.707,25.4300,100
50402711931456,14:00:02.711,25.4300,100
50402723507806,14:00:02.723,25.4200,99
50402723507806,14:00:02.723,25.4200,100
50402723507806,14:00:02.723,25.4200,1
50402814891363,14:00:02.814,25.4300,100
50402815908848,14:00:02.815,25.4400,100
50403200763281,14:00:03.200,25.4500,100
50403200763281,14:00:03.200,25.4500,100
50403200763281,14:00:03.200,25.4500,100
50404838463572,14:00:04.838,25.4500,1
50405201311154,14:00:05.201,25.4500,199
50405720335461,14:00:05.720,25.4500,100
50405955672135,14:00:05.955,25.4600,23
50406728230609,14:00:06.728,25.4600,77
50408746374391,14:00:08.746,25.4800,114
50408746450018,14:00:08.746,25.4800,86
50408993975636,14:00:08.993,25.4900,100
50408993975636,14:00:08.993,25.4900,100
50408998164062,14:00:08.998,25.4900,100
50409003390468,14:00:09.003,25.5000,100
50409122007793,14:00:09.122,25.5000,3
50409964257042,14:00:09.964,25.5300,9
50409976124130,14:00:09.976,25.5300,100
50410117631509,14:00:10.117,25.5200,100
50413012315618,14:00:13.012,25.5300,100
50413021120807,14:00:13.021,25.5500,100
50413025901695,14:00:13.025,25.5500,83
50416358726318,14:00:16.358,25.5500,85
50423322544005,14:00:23.322,25.5400,300
50423325179865,14:00:23.325,25.5300,100
50423858196092,14:00:23.858,25.5200,5
50446508567621,14:00:46.508,25.4900,1
50464448089359,14:01:04.448,25.5100,100
50464448089359,14:01:04.448,25.5100,100
50465382204282,14:01:05.382,25.5200,100
50466703516271,14:01:06.703,25.5200,100
50471391129119,14:01:11.391,25.5000,100
50471954893365,14:01:11.954,25.5000,300
50471954893365,14:01:11.954,25.5000,100
50471957943155,14:01:11.957,25.5100,100
50471957943155,14:01:11.957,25.5100,200
50471957943155,14:01:11.957,25.5100,100
50475996842115,14:01:15.996,25.5000,100
50493694707801,14:01:33.694,25.5000,1
50493694707801,14:01:33.694,25.5000,99
50505329194242,14:01:45.329,25.5000,100
50505329194242,14:01:45.329,25.5000,100
50510850120757,14:01:50.850,25.5100,52
50510961977638,14:01:50.961,25.5100,100
50510962118524,14:01:50.962,25.5100,100
50511298912941,14:01:51.298,25.5100,100
50515780787923,14:01:55.780,25.5100,1
50515780787923,14:01:55.780,25.5100,100
50536827627120,14:02:16.827,25.5000,1
50536827627120,14:02:16.827,25.5000,13
50536883241887,14:02:16.883,25.4900,100
50540190536478,14:02:20.190,25.4700,100
50540190536478,14:02:20.190,25.4700,100
50544824359301,14:02:24.824,25.4700,10
50574580188575,14:02:54.580,25.4900,1
50574580188575,14:02:54.580,25.4900,99
50590180906232,14:03:10.180,25.4900,1
50595074055191,14:03:15.074,25.5000,100
50599019785867,14:03:19.019,25.5100,1
50599661274906,14:03:19.661,25.5100,99
50599661274906,14:03:19.661,25.5100,100
50599661274906,14:03:19.661,25.5100,100
50624305452112,14:03:44.305,25.5200,100
50631310572062,14:03:51.310,25.5300,1
50650718974179,14:04:10.718,25.5300,100
50650718974179,14:04:10.718,25.5300,4
50650719026874,14:04:10.719,25.5300,96
50660501675300,14:04:20.501,25.5300,12
50660501675300,14:04:20.501,25.5300,1
50670246388097,14:04:30.246,25.5300,100
50675774989068,14:04:35.774,25.5300,1
50686561380637,14:04:46.561,25.5400,100
50686561380637,14:04:46.561,25.5400,200
50686561380637,14:04:46.561,25.5400,100
50722188057661,14:05:22.188,25.5300,1
50736026074193,14:05:36.026,25.5300,100
50736026074193,14:05:36.026,25.5300,100
50759236696011,14:05:59.236,25.5200,100
50759236696011,14:05:59.236,25.5200,1
50792150180244,14:06:32.150,25.5000,100
50807272595407,14:06:47.272,25.5000,100
50817657376515,14:06:57.657,25.5000,15
50817657376515,14:06:57.657,25.5000,85
50817657459142,14:06:57.657,25.5000,15
50817657459142,14:06:57.657,25.5000,1
50823870713570,14:07:03.870,25.5000,100
50823870713570,14:07:03.870,25.5000,100
50833485848920,14:07:13.485,25.5000,84
50837818780768,14:07:17.818,25.5000,100
50837818944966,14:07:17.818,25.5000,100
50837818944966,14:07:17.818,25.5000,98
50837818944966,14:07:17.818,25.5000,100
50837819963480,14:07:17.819,25.5000,100
50890273392441,14:08:10.273,25.4900,1
50890273392441,14:08:10.273,25.4900,99
50892606535485,14:08:12.606,25.4900,1
50892606535485,14:08:12.606,25.4900,1
50892606535485,14:08:12.606,25.4900,17
50892606535485,14:08:12.606,25.4900,1
50892606535485,14:08:12.606,25.4900,80
50901620193381,14:08:21.620,25.4900,10
50941259584655,14:09:01.259,25.4900,10
50941259584655,14:09:01.259,25.4900,1
50941259584655,14:09:01.259,25.4900,89
50944465436080,14:09:04.465,25.5100,100
50944465436080,14:09:04.465,25.5100,100
50944465436080,14:09:04.465,25.5100,100
50944465436080,14:09:04.465,25.5100,100
50944465449696,14:09:04.465,25.5100,100
50946606056357,14:09:06.606,25.5200,67
50946606150705,14:09:06.606,25.5200,33
50946606150705,14:09:06.606,25.5200,100
50946606150705,14:09:06.606,25.5200,70
50951139905035,14:09:11.139,25.5200,100
50951140022809,14:09:11.140,25.5200,95
50968226330015,14:09:28.226,25.5200,100
50968226330015,14:09:28.226,25.5200,25
50986444191702,14:09:46.444,25.5200,100
50992204241495,14:09:52.204,25.5100,100
50995139009029,14:09:55.139,25.5100,100
50996637908298,14:09:56.637,25.5100,100
50996637908298,14:09:56.637,25.5100,1
50996637908298,14:09:56.637,25.5100,100
50996637908298,14:09:56.637,25.5100,100
50996637908298,14:09:56.637,25.5100,100
51000050893151,14:10:00.050,25.5000,1
51000050893151,14:10:00.050,25.5000,1
51011293128892,14:10:11.293,25.5000,1
51011293267068,14:10:11.293,25.5000,1
51011293412944,14:10:11.293,25.5000,1
51011293801084,14:10:11.293,25.5000,1
51011293833605,14:10:11.293,25.5000,96
51011293833605,14:10:11.293,25.5000,100
51011293833605,14:10:11.293,25.5000,100
51011294369660,14:10:11.294,25.5100,1
51011294751773,14:10:11.294,25.5100,1
51060973870260,14:11:00.973,25.5000,100
51060973870260,14:11:00.973,25.5000,100
51060973870260,14:11:00.973,25.5000,100
51060973870260,14:11:00.973,25.5000,100
51060974397366,14:11:00.974,25.5000,100
51060974397366,14:11:00.974,25.5000,51
51060974451383,14:11:00.974,25.5000,149
51061039633835,14:11:01.039,25.5100,100
51065055914665,14:11:05.055,25.5100,100
51065055914665,14:11:05.055,25.5100,100
51065055914665,14:11:05.055,25.5100,100
51066150215288,14:11:06.150,25.5100,100
51066150599333,14:11:06.150,25.5100,19
51071277723427,14:11:11.277,25.5100,1
51076852519223,14:11:16.852,25.5100,1
51131780155074,14:12:11.780,25.5200,200
51131780155074,14:12:11.780,25.5200,200
51131780155074,14:12:11.780,25.5200,100
51131780201711,14:12:11.780,25.5200,200
51175990990840,14:12:55.990,25.5200,1
51175990990840,14:12:55.990,25.5200,100
51175990990840,14:12:55.990,25.5200,100
51175990990840,14:12:55.990,25.5200,99
51175991318545,14:12:55.991,25.5200,1
51175991318545,14:12:55.991,25.5200,1
51175991318545,14:12:55.991,25.5200,18
51176969318877,14:12:56.969,25.5200,100
51176969318877,14:12:56.969,25.5200,100
51180276773939,14:13:00.276,25.5200,100
51188541924626,14:13:08.541,25.5200,100
51300162406002,14:15:00.162,25.5200,1
51300162406002,14:15:00.162,25.5200,100
51300162406002,14:15:00.162,25.5200,100
51300162406002,14:15:00.162,25.5200,20
51300162406002,14:15:00.162,25.5200,100
51300162406002,14:15:00.162,25.5200,1
51300162406002,14:15:00.162,25.5200,100
51300212544543,14:15:00.212,25.5100,100
51300212544543,14:15:00.212,25.5100,1
51300212544543,14:15:00.212,25.5100,100
51300212544543,14:15:00.212,25.5100,100
51301386669045,14:15:01.386,25.5100,100
51301451293148,14:15:01.451,25.5100,2
51301451293148,14:15:01.451,25.5100,1
51301498070395,14:15:01.498,25.5000,100
51301498226077,14:15:01.498,25.5000,100
51304875090229,14:15:04.875,25.5000,100
51308599017554,14:15:08.599,25.5100,100
51308599017554,14:15:08.599,25.5100,100
51308599017554,14:15:08.599,25.5100,81
51311089004248,14:15:11.089,25.5200,100
51311089004248,14:15:11.089,25.5200,200
51314259526287,14:15:14.259,25.5200,1
51341990917502,14:15:41.990,25.5100,100
51341990917502,14:15:41.990,25.5100,100
51342833574715,14:15:42.833,25.5100,100
51355921669204,14:15:55.921,25.5100,1
51368755792742,14:16:08.755,25.5000,100
51368755792742,14:16:08.755,25.5000,21
51370957035386,14:16:10.957,25.5000,100
51370957068370,14:16:10.957,25.5000,100
51370957859791,14:16:10.957,25.5000,100
51370957859791,14:16:10.957,25.5000,100
51370957859791,14:16:10.957,25.5000,100
51371314524505,14:16:11.314,25.5000,100
51381391116436,14:16:21.391,25.5000,100
51400208444366,14:16:40.208,25.5100,100
51400208444366,14:16:40.208,25.5100,100
51400209027262,14:16:40.209,25.5100,84
51400209106522,14:16:40.209,25.5100,16
51400411175146,14:16:40.411,25.5200,100
51400411175146,14:16:40.411,25.5200,100
51417360674205,14:16:57.360,25.5200,100
51417360674205,14:16:57.360,25.5200,100
51417360674205,14:16:57.360,25.5200,1
51429689671671,14:17:09.689,25.5300,144
51429690672360,14:17:09.690,25.5300,56
51429690672360,14:17:09.690,25.5300,44
51429690814564,14:17:09.690,25.5300,56
51433739794387,14:17:13.739,25.5200,1
51436902311279,14:17:16.902,25.5200,10
51446618831977,14:17:26.618,25.5200,100
51474032381764,14:17:54.032,25.5100,100
51503588213126,14:18:23.588,25.5200,100
51503588213126,14:18:23.588,25.5200,100
51510561528425,14:18:30.561,25.5200,100
51526317136208,14:18:46.317,25.5100,1
51526317136208,14:18:46.317,25.5100,1
51526317136208,14:18:46.317,25.5100,19
51556934421337,14:19:16.934,25.5200,100
51556934425176,14:19:16.934,25.5200,100
51556934425176,14:19:16.934,25.5200,100
51560751000197,14:19:20.751,25.5300,80
51560751079844,14:19:20.751,25.5300,20
51562654218164,14:19:22.654,25.5300,1
51581624765620,14:19:41.624,25.5300,100
51595092545580,14:19:55.092,25.5300,100
51601407136211,14:20:01.407,25.5200,1
51601407136211,14:20:01.407,25.5200,99
51601407162950,14:20:01.407,25.5200,1
51605466399802,14:20:05.466,25.5200,100
51618330315696,14:20:18.330,25.5200,100
51623014652085,14:20:23.014,25.5200,1
51625855050302,14:20:25.855,25.5100,100
51635660772243,14:20:35.660,25.5100,100
51635660772243,14:20:35.660,25.5100,20
51635660772243,14:20:35.660,25.5100,1
51635660772243,14:20:35.660,25.5100,1
51653984430891,14:20:53.984,25.5100,100
51654548325809,14:20:54.548,25.5200,98
51654548658461,14:20:54.548,25.5200,2
51656554098318,14:20:56.554,25.5200,100
51672632635569,14:21:12.632,25.5300,100
51677754443734,14:21:17.754,25.5400,100
51677754443734,14:21:17.754,25.5400,100
51685101993273,14:21:25.101,25.5400,100
51701899748289,14:21:41.899,25.5400,100
51750377119389,14:22:30.377,25.5400,16
51750377119389,14:22:30.377,25.5400,1
51750377119389,14:22:30.377,25.5400,100
51750377119389,14:22:30.377,25.5400,100
51750377119389,14:22:30.377,25.5400,1
51750377119389,14:22:30.377,25.5400,100
51759076135893,14:22:39.076,25.5500,100
51759076135893,14:22:39.076,25.5500,100
51759076135893,14:22:39.076,25.5500,200
51759100930635,14:22:39.100,25.5500,100
51759101089251,14:22:39.101,25.5500,100
51759101089251,14:22:39.101,25.5500,100
51765306018146,14:22:45.306,25.5600,100
51765311987476,14:22:45.311,25.5700,200
51765311987476,14:22:45.311,25.5700,100
51765311987476,14:22:45.311,25.5700,100
51765311987476,14:22:45.311,25.5700,100
51770359061225,14:22:50.359,25.5800,200
51782454280571,14:23:02.454,25.5800,100
51782454280571,14:23:02.454,25.5800,100
51787009055396,14:23:07.009,25.5800,1
51803648653364,14:23:23.648,25.5800,100
51803648653364,14:23:23.648,25.5800,100
51806975379843,14:23:26.975,25.5800,100
51806975452544,14:23:26.975,25.5800,100
51809999311406,14:23:29.999,25.5800,100
51809999311406,14:23:29.999,25.5800,100
51809999311406,14:23:29.999,25.5800,100
51809999311406,14:23:29.999,25.5800,100
51821904471591,14:23:41.904,25.5700,1
51821904471591,14:23:41.904,25.5700,1
51871341410906,14:24:31.341,25.5600,1
51871341410906,14:24:31.341,25.5600,1
51871341410906,14:24:31.341,25.5600,98
51871341445385,14:24:31.341,25.5600,2
51871341445385,14:24:31.341,25.5600,10
51871341445385,14:24:31.341,25.5600,94
51871341452988,14:24:31.341,25.5600,6
51873734037125,14:24:33.734,25.5500,1
51875141389844,14:24:35.141,25.5500,99
51875141389844,14:24:35.141,25.5500,100
51904997739155,14:25:04.997,25.5500,100
51904997739155,14:25:04.997,25.5500,100
51904998644864,14:25:04.998,25.5500,74
51910994480478,14:25:10.994,25.5600,4
52003645219749,14:26:43.645,25.5500,1163
52003645219749,14:26:43.645,25.5500,1
52003645219749,14:26:43.645,25.5500,200
52003645219749,14:26:43.645,25.5500,15
52003645219749,14:26:43.645,25.5500,2
52003645219749,14:26:43.645,25.5500,100
52004222786123,14:26:44.222,25.5450,1
52004223115894,14:26:44.223,25.5400,1
52004229673668,14:26:44.229,25.5400,43
52006326428733,14:26:46.326,25.5450,100
52060260529905,14:27:40.260,25.5300,10
52075864077092,14:27:55.864,25.5300,90
52075864077092,14:27:55.864,25.5300,100
52075864077092,14:27:55.864,25.5300,100
52075864077092,14:27:55.864,25.5300,1
52075864077092,14:27:55.864,25.5300,9
52075864120773,14:27:55.864,25.5300,47
52076681239853,14:27:56.681,25.5200,100
52076724963845,14:27:56.724,25.5200,1
52079709946826,14:27:59.709,25.5200,100
52079709946826,14:27:59.709,25.5200,112
52079709993820,14:27:59.709,25.5200,188
52079828967764,14:27:59.828,25.5250,100
52079828967764,14:27:59.828,25.5200,100
52112535130225,14:28:32.535,25.5200,15
52112535130225,14:28:32.535,25.5200,1
52112535130225,14:28:32.535,25.5200,1
52143596991138,14:29:03.596,25.5200,1
52143596991138,14:29:03.596,25.5200,100
52203674224481,14:30:03.674,25.5200,100
52204772490941,14:30:04.772,25.5200,100
52204772490941,14:30:04.772,25.5200,1
52204772490941,14:30:04.772,25.5200,100
52204772490941,14:30:04.772,25.5200,13
52232181829804,14:30:32.181,25.5200,100
52232181829804,14:30:32.181,25.5200,100
52262356621386,14:31:02.356,25.5200,100
52281355366135,14:31:21.355,25.5200,1
52281355366135,14:31:21.355,25.5200,1
52310280909764,14:31:50.280,25.5100,100
52310280909764,14:31:50.280,25.5100,100
52310280909764,14:31:50.280,25.5100,1
52310280909764,14:31:50.280,25.5100,100
52317266925648,14:31:57.266,25.5000,100
52320578546018,14:32:00.578,25.5000,100
52320578546018,14:32:00.578,25.5000,100
52320578546018,14:32:00.578,25.5000,100
52348259404327,14:32:28.259,25.5100,100
52348259404327,14:32:28.259,25.5100,100
52359213400924,14:32:39.213,25.5100,10
52359213530836,14:32:39.213,25.5100,90
52359214405985,14:32:39.214,25.5100,100
52432945440588,14:33:52.945,25.5100,100
52432945440588,14:33:52.945,25.5100,100
52432945440588,14:33:52.945,25.5100,100
52432945440588,14:33:52.945,25.5100,100
52432945440588,14:33:52.945,25.5100,100
52432945470767,14:33:52.945,25.5100,16
52432945470767,14:33:52.945,25.5100,100
52432945490300,14:33:52.945,25.5100,100
52432945490300,14:33:52.945,25.5100,16
52432945585199,14:33:52.945,25.5100,116
52432945650055,14:33:52.945,25.5100,68
52433074758057,14:33:53.074,25.5100,200
52497404378725,14:34:57.404,25.5200,300
52497404410021,14:34:57.404,25.5200,100
52497404410021,14:34:57.404,25.5200,100
52497404410021,14:34:57.404,25.5200,100
52497404410021,14:34:57.404,25.5200,100
52544037324765,14:35:44.037,25.5200,3
52544037324765,14:35:44.037,25.5200,400
52544037324765,14:35:44.037,25.5200,100
52544037324765,14:35:44.037,25.5200,1
52544037324765,14:35:44.037,25.5200,10
52544037324765,14:35:44.037,25.5200,100
52544037324765,14:35:44.037,25.5200,100
52544037324765,14:35:44.037,25.5200,100
52545299892334,14:35:45.299,25.5100,100
52545301026435,14:35:45.301,25.5100,2
52545301026435,14:35:45.301,25.5100,1
52545301026435,14:35:45.301,25.5100,1
52545301026435,14:35:45.301,25.5100,2
52545302053865,14:35:45.302,25.5100,100
52545302053865,14:35:45.302,25.5100,400
52545302053865,14:35:45.302,25.5100,100
52545302053865,14:35:45.302,25.5100,100
52545302053865,14:35:45.302,25.5100,100
52545302053865,14:35:45.302,25.5100,200
52545302053865,14:35:45.302,25.5100,100
52545302053865,14:35:45.302,25.5100,100
52545302053865,14:35:45.302,25.5100,100
52545302053865,14:35:45.302,25.5100,58
52572338858126,14:36:12.338,25.5000,13
52572338858126,14:36:12.338,25.5000,87
52572338902133,14:36:12.338,25.5000,13
52576602629634,14:36:16.602,25.5000,100
52580878456109,14:36:20.878,25.5000,100
52606300788912,14:36:46.300,25.5000,1
52606300788912,14:36:46.300,25.5000,99
52611030175770,14:36:51.030,25.5000,14
52636045996137,14:37:16.045,25.4900,100
52639005529400,14:37:19.005,25.5000,100
52639005529400,14:37:19.005,25.5000,100
52642384681466,14:37:22.384,25.5000,100
52646767375322,14:37:26.767,25.5100,200
52646767375322,14:37:26.767,25.5100,100
52646767476570,14:37:26.767,25.5100,200
52728222388132,14:38:48.222,25.5200,100
52728222388132,14:38:48.222,25.5200,200
52728222388132,14:38:48.222,25.5200,100
52728222388132,14:38:48.222,25.5200,100
52728222388132,14:38:48.222,25.5200,100
52755465098570,14:39:15.465,25.5200,14
52755465098570,14:39:15.465,25.5200,100
52755699710961,14:39:15.699,25.5100,100
52759544871989,14:39:19.544,25.5100,100
52769858418638,14:39:29.858,25.5050,100
52791327403602,14:39:51.327,25.5100,99
52791327403602,14:39:51.327,25.5100,100
52791327403602,14:39:51.327,25.5100,67
52808710781054,14:40:08.710,25.5100,100
52808710781054,14:40:08.710,25.5100,12
52813533892020,14:40:13.533,25.5100,51
52814110051815,14:40:14.110,25.5100,149
52973591814398,14:42:53.591,25.5100,199
52973592467979,14:42:53.592,25.5100,1
52973592467979,14:42:53.592,25.5100,99
52973592504165,14:42:53.592,25.5100,1
52973592504165,14:42:53.592,25.5100,100
52973592504165,14:42:53.592,25.5100,100
52973592504165,14:42:53.592,25.5100,100
52973592504165,14:42:53.592,25.5100,100
52973594078631,14:42:53.594,25.5100,100
52977567494047,14:42:57.567,25.5100,100
52977567740550,14:42:57.567,25.5100,100
52983253935753,14:43:03.253,25.5000,1
52983253935753,14:43:03.253,25.5000,2
52983253935753,14:43:03.253,25.5000,97
52984412860574,14:43:04.412,25.5000,3
52984412860574,14:43:04.412,25.5000,97
52986731878241,14:43:06.731,25.5000,3
52986731878241,14:43:06.731,25.5000,2
52986731878241,14:43:06.731,25.5000,11
52986731878241,14:43:06.731,25.5000,1
52988608341646,14:43:08.608,25.4900,100
52989199321827,14:43:09.199,25.4900,52
52991129488230,14:43:11.129,25.4900,100
52998592718216,14:43:18.592,25.4850,100
52998592718216,14:43:18.592,25.4850,100
52998592718216,14:43:18.592,25.4800,100
52998592718216,14:43:18.592,25.4800,100
53016359783954,14:43:36.359,25.5000,300
53016361520834,14:43:36.361,25.5000,100
53067247038771,14:44:27.247,25.5000,101
53067247038771,14:44:27.247,25.5000,100
53085191333435,14:44:45.191,25.5100,100
53108484520579,14:45:08.484,25.5200,58
53108487115977,14:45:08.487,25.5200,42
53108487115977,14:45:08.487,25.5200,58
53108487404652,14:45:08.487,25.5200,42
53110839730227,14:45:10.839,25.5200,100
53110839730227,14:45:10.839,25.5200,100
53161608544880,14:46:01.608,25.5200,100
53161608544880,14:46:01.608,25.5200,100
53189257625649,14:46:29.257,25.5300,100
53229391058782,14:47:09.391,25.5400,100
53229391058782,14:47:09.391,25.5400,100
53229391058782,14:47:09.391,25.5400,100
53229391280052,14:47:09.391,25.5400,100
53229391353812,14:47:09.391,25.5400,100
53229391353812,14:47:09.391,25.5400,100
53244437155872,14:47:24.437,25.5450,100
53245328058667,14:47:25.328,25.5400,100
53245328058667,14:47:25.328,25.5400,100
53245328058667,14:47:25.328,25.5400,100
53245328233502,14:47:25.328,25.5400,10
53245328233502,14:47:25.328,25.5400,100
53300385941524,14:48:20.385,25.5350,600
53310297343619,14:48:30.297,25.5400,100
53310297343619,14:48:30.297,25.5400,200
53310297343619,14:48:30.297,25.5400,100
53316714420089,14:48:36.714,25.5500,100
53316714420089,14:48:36.714,25.5500,100
53316714420089,14:48:36.714,25.5500,100
53316714420089,14:48:36.714,25.5500,100
53316714420089,14:48:36.714,25.5500,10
53316714420089,14:48:36.714,25.5500,100
53397236495299,14:49:57.236,25.5600,200
53397236521580,14:49:57.236,25.5600,100
53397236521580,14:49:57.236,25.5600,100
53397236521580,14:49:57.236,25.5600,100
53397236521580,14:49:57.236,25.5600,100
53397236521580,14:49:57.236,25.5600,100
53399215295219,14:49:59.215,25.5700,32
53399215353101,14:49:59.215,25.5700,44
53467005669130,14:51:07.005,25.5650,500
53467005669130,14:51:07.005,25.5600,100
53468520700006,14:51:08.520,25.5700,100
53468520700006,14:51:08.520,25.5700,100
53468520700006,14:51:08.520,25.5700,100
53468521047061,14:51:08.521,25.5700,100
53468521047061,14:51:08.521,25.5700,100
53469533300084,14:51:09.533,25.5800,1
53469533590451,14:51:09.533,25.5800,100
53469533590451,14:51:09.533,25.5800,100
53501970340386,14:51:41.970,25.5900,100
53501970340386,14:51:41.970,25.5900,100
53501970340386,14:51:41.970,25.5900,200
53501970340386,14:51:41.970,25.5900,94
53501970340386,14:51:41.970,25.5900,100
53505668447045,14:51:45.668,25.6000,100
53505668447045,14:51:45.668,25.6000,94
53511110458302,14:51:51.110,25.6050,100
53511110458302,14:51:51.110,25.6100,2
53511110458302,14:51:51.110,25.6100,74
53511113465188,14:51:51.113,25.6100,1100
53511113558432,14:51:51.113,25.6100,326
53511113558432,14:51:51.113,25.6100,100
53511113558432,14:51:51.113,25.6100,100
53512169397514,14:51:52.169,25.6200,100
53512170671410,14:51:52.170,25.6200,100
53512329648797,14:51:52.329,25.6200,100
53513490590065,14:51:53.490,25.6100,500
53513490590065,14:51:53.490,25.6100,7
53513491401409,14:51:53.491,25.6100,100
53521790005817,14:52:01.790,25.6050,100
53526276073769,14:52:06.276,25.6100,100
53541999440245,14:52:21.999,25.6200,196
53541999970009,14:52:21.999,25.6200,104
53556139508180,14:52:36.139,25.6300,100
53556139508180,14:52:36.139,25.6300,100
53599842378651,14:53:19.842,25.6300,100
53599842378651,14:53:19.842,25.6300,100
53599842378651,14:53:19.842,25.6300,100
53603060749535,14:53:23.060,25.6300,100
53603060749535,14:53:23.060,25.6300,100
53609294528975,14:53:29.294,25.6300,5
53609294528975,14:53:29.294,25.6300,100
53611273752320,14:53:31.273,25.6300,100
53703537531142,14:55:03.537,25.6300,100
53703537531142,14:55:03.537,25.6300,1
53703537531142,14:55:03.537,25.6300,100
53703537531142,14:55:03.537,25.6300,100
53703537531142,14:55:03.537,25.6300,4
53703537531142,14:55:03.537,25.6300,2
53703537531142,14:55:03.537,25.6300,100
53703537531142,14:55:03.537,25.6300,100
53703537531142,14:55:03.537,25.6300,100
53703538648931,14:55:03.538,25.6300,100
53703538648931,14:55:03.538,25.6300,100
53703539145050,14:55:03.539,25.6300,100
53703539875256,14:55:03.539,25.6300,100
53703539967839,14:55:03.539,25.6300,100
53703539967839,14:55:03.539,25.6300,1
53711302717165,14:55:11.302,25.6200,300
53712498026618,14:55:12.498,25.6200,200
53712498026618,14:55:12.498,25.6200,1
53712498026618,14:55:12.498,25.6200,1
53774231122088,14:56:14.231,25.6100,1
53774231122088,14:56:14.231,25.6100,1
53774231122088,14:56:14.231,25.6100,98
53800929162329,14:56:40.929,25.6200,100
53800929162329,14:56:40.929,25.6200,100
53800929284646,14:56:40.929,25.6200,100
53800929284646,14:56:40.929,25.6200,100
53825235284911,14:57:05.235,25.6200,2
53825235284911,14:57:05.235,25.6200,2
53825235284911,14:57:05.235,25.6200,100
53825235284911,14:57:05.235,25.6200,1
53825235284911,14:57:05.235,25.6200,200
53825235284911,14:57:05.235,25.6200,2
53828144376144,14:57:08.144,25.6100,100
53853238103179,14:57:33.238,25.6100,100
53889280031729,14:58:09.280,25.6200,100
53889280031729,14:58:09.280,25.6200,44
53889280140474,14:58:09.280,25.6200,56
53925917604256,14:58:45.917,25.6200,100
53925917604256,14:58:45.917,25.6200,100
53925917604256,14:58:45.917,25.6200,2
53925917604256,14:58:45.917,25.6200,100
53925917604256,14:58:45.917,25.6200,1
53927419531947,14:58:47.419,25.6100,1
53942215130846,14:59:02.215,25.6200,100
53942215130846,14:59:02.215,25.6200,83
53942215130846,14:59:02.215,25.6200,100
54176557974260,15:02:56.557,25.6200,10
54200796001090,15:03:20.796,25.6200,12
54200796450435,15:03:20.796,25.6200,78
54200796450435,15:03:20.796,25.6200,200
54200796450435,15:03:20.796,25.6200,100
54200796450435,15:03:20.796,25.6200,100
54200796450435,15:03:20.796,25.6200,1
54200796450435,15:03:20.796,25.6200,400
54200796450435,15:03:20.796,25.6200,100
54200796450435,15:03:20.796,25.6200,100
54200796450435,15:03:20.796,25.6200,100
54200906530604,15:03:20.906,25.6100,100
54200906530604,15:03:20.906,25.6100,100
54200906530604,15:03:20.906,25.6100,2
54200906530604,15:03:20.906,25.6100,100
54200906530604,15:03:20.906,25.6100,100
54200906530604,15:03:20.906,25.6100,300
54204811051253,15:03:24.811,25.6100,77
54204811076259,15:03:24.811,25.6100,155
54204811906636,15:03:24.811,25.6100,44
54204811906636,15:03:24.811,25.6100,100
54204811906636,15:03:24.811,25.6100,100
54204811906636,15:03:24.811,25.6100,56
54246299172881,15:04:06.299,25.6100,100
54246299548747,15:04:06.299,25.6100,99
54247317031571,15:04:07.317,25.6000,100
54247317035274,15:04:07.317,25.6000,100
54247317109343,15:04:07.317,25.6000,100
54309378342504,15:05:09.378,25.6000,2
54320245017869,15:05:20.245,25.6000,1
54320245183350,15:05:20.245,25.6000,1
54336243427460,15:05:36.243,25.5900,100
54336243427460,15:05:36.243,25.5900,47
54336243427460,15:05:36.243,25.5900,100
54352781428104,15:05:52.781,25.5800,100
54481641647681,15:08:01.641,25.5750,100
54486613165559,15:08:06.613,25.5750,100
54486613165559,15:08:06.613,25.5800,1
54486613165559,15:08:06.613,25.5800,99
54486613193007,15:08:06.613,25.5800,1
54486613193007,15:08:06.613,25.5800,7
54486613360154,15:08:06.613,25.5800,193
54486613360154,15:08:06.613,25.5800,200
54486613360154,15:08:06.613,25.5800,100
54486613360154,15:08:06.613,25.5800,200
54486613360154,15:08:06.613,25.5800,100
54486613360154,15:08:06.613,25.5800,100
54486613382163,15:08:06.613,25.5800,156
54486613499632,15:08:06.613,25.5800,44
54486613499632,15:08:06.613,25.5800,56
54486613727824,15:08:06.613,25.5800,44
54486613727824,15:08:06.613,25.5800,100
54486617638827,15:08:06.617,25.5850,100
54545653973683,15:09:05.653,25.5800,100
54545653973683,15:09:05.653,25.5800,100
54545653973683,15:09:05.653,25.5800,100
54545653973683,15:09:05.653,25.5800,1
54545653973683,15:09:05.653,25.5800,9
54545653973683,15:09:05.653,25.5800,100
54545653973683,15:09:05.653,25.5800,100
54559442311537,15:09:19.442,25.5700,100
54559442311537,15:09:19.442,25.5700,100
54560180619350,15:09:20.180,25.5700,100
54569882801778,15:09:29.882,25.5700,100
54601647122449,15:10:01.647,25.5600,300
54601647122449,15:10:01.647,25.5600,100
54601647122449,15:10:01.647,25.5600,100
54622296460230,15:10:22.296,25.5500,100
54622296510620,15:10:22.296,25.5500,13
54622296510620,15:10:22.296,25.5500,100
54640823108819,15:10:40.823,25.5300,100
54640823108819,15:10:40.823,25.5300,100
54640823108819,15:10:40.823,25.5300,100
54643094223831,15:10:43.094,25.5300,100
54666266948141,15:11:06.266,25.5200,20
54666388656735,15:11:06.388,25.5200,101
54692423606789,15:11:32.423,25.5300,2
54692423688586,15:11:32.423,25.5300,416
54692423825932,15:11:32.423,25.5300,82
54692423825932,15:11:32.423,25.5300,18
54692423831682,15:11:32.423,25.5300,100
54692423876981,15:11:32.423,25.5300,82
54692423876981,15:11:32.423,25.5300,100
54692423876981,15:11:32.423,25.5300,100
54692423876981,15:11:32.423,25.5300,200
54692424122532,15:11:32.424,25.5300,200
54692424122532,15:11:32.424,25.5300,55
54692424177714,15:11:32.424,25.5300,45
54692424177714,15:11:32.424,25.5300,9
54692431528330,15:11:32.431,25.5300,100
54695915262189,15:11:35.915,25.5300,91
54695915262189,15:11:35.915,25.5300,9
54696831841355,15:11:36.831,25.5300,91
54696831841355,15:11:36.831,25.5300,100
54696831841355,15:11:36.831,25.5300,9
54697670444889,15:11:37.670,25.5300,20
54741756102754,15:12:21.756,25.5250,100
54741756102754,15:12:21.756,25.5300,171
54741756102754,15:12:21.756,25.5300,100
54741756102754,15:12:21.756,25.5300,200
54741756102754,15:12:21.756,25.5300,100
54741756102754,15:12:21.756,25.5300,100
54792027615370,15:13:12.027,25.5300,100
54792027615370,15:13:12.027,25.5300,100
54792027615370,15:13:12.027,25.5300,100
54868294960563,15:14:28.294,25.5300,100
54868294960563,15:14:28.294,25.5300,300
54868294960563,15:14:28.294,25.5300,100
54868294960563,15:14:28.294,25.5300,100
54868294960563,15:14:28.294,25.5300,100
54868294960563,15:14:28.294,25.5300,71
54868295074236,15:14:28.295,25.5300,100
54868295074236,15:14:28.295,25.5300,100
54868295074236,15:14:28.295,25.5300,29
54868295515319,15:14:28.295,25.5300,100
54876569964105,15:14:36.569,25.5300,100
54998532470165,15:16:38.532,25.5200,100
54998532470165,15:16:38.532,25.5200,1
54998532470165,15:16:38.532,25.5200,100
54998532470165,15:16:38.532,25.5200,1
54998532470165,15:16:38.532,25.5200,300
54998532470165,15:16:38.532,25.5200,100
54998532470165,15:16:38.532,25.5200,100
54998532470165,15:16:38.532,25.5200,100
54998532470165,15:16:38.532,25.5200,73
54998532512173,15:16:38.532,25.5200,100
54998532512173,15:16:38.532,25.5200,15
54998532512173,15:16:38.532,25.5200,100
54998532512173,15:16:38.532,25.5200,100
54998532512173,15:16:38.532,25.5200,27
54998532521958,15:16:38.532,25.5200,9
54998532587850,15:16:38.532,25.5200,64
54999542260560,15:16:39.542,25.5150,100
55025731622558,15:17:05.731,25.5200,100
55025731622558,15:17:05.731,25.5200,200
55025731622558,15:17:05.731,25.5200,100
55058136946528,15:17:38.136,25.5200,2
55058136946528,15:17:38.136,25.5200,100
55058136946528,15:17:38.136,25.5200,100
55058136946528,15:17:38.136,25.5200,1
55058136946528,15:17:38.136,25.5200,100
55058136946528,15:17:38.136,25.5200,100
55203386674705,15:20:03.386,25.5200,100
55203386674705,15:20:03.386,25.5200,100
55203386674705,15:20:03.386,25.5200,200
55203386674705,15:20:03.386,25.5200,300
55203386674705,15:20:03.386,25.5200,200
55203386763955,15:20:03.386,25.5200,100
55209233339105,15:20:09.233,25.5200,6
55209521213156,15:20:09.521,25.5300,28
55209521240717,15:20:09.521,25.5300,23
55213123591402,15:20:13.123,25.5300,149
55213123591402,15:20:13.123,25.5300,100
55213123591402,15:20:13.123,25.5300,300
55213123591402,15:20:13.123,25.5300,10
55213123591402,15:20:13.123,25.5300,100
55213123591402,15:20:13.123,25.5300,100
55237551226744,15:20:37.551,25.5400,1
55237566491780,15:20:37.566,25.5400,99
55237566491780,15:20:37.566,25.5400,1
55237872693777,15:20:37.872,25.5400,99
55237872693777,15:20:37.872,25.5400,101
55237872931320,15:20:37.872,25.5400,99
55259707064028,15:20:59.707,25.5500,100
55259707064028,15:20:59.707,25.5500,100
55259707064028,15:20:59.707,25.5500,100
55272683378882,15:21:12.683,25.5550,1
55294785861724,15:21:34.785,25.5550,1
55301633199966,15:21:41.633,25.5500,100
55301633199966,15:21:41.633,25.5500,1
55301633199966,15:21:41.633,25.5500,700
55301633199966,15:21:41.633,25.5500,16
55301633199966,15:21:41.633,25.5500,100
55301633199966,15:21:41.633,25.5500,10
55301633466346,15:21:41.633,25.5500,48
55301633504613,15:21:41.633,25.5500,42
55302827008322,15:21:42.827,25.5500,1
55302827008322,15:21:42.827,25.5450,99
55302827678103,15:21:42.827,25.5450,1
55302827678103,15:21:42.827,25.5450,99
55311635660936,15:21:51.635,25.5500,100
55311635660936,15:21:51.635,25.5500,100
55318309339053,15:21:58.309,25.5500,100
55321879670873,15:22:01.879,25.5500,100
55321879670873,15:22:01.879,25.5500,100
55332231013482,15:22:12.231,25.5400,99
55341227032308,15:22:21.227,25.5400,100
55345042690168,15:22:25.042,25.5400,200
55345042740883,15:22:25.042,25.5400,301
55345042740883,15:22:25.042,25.5400,15
55345042740883,15:22:25.042,25.5400,1
55379546617636,15:22:59.546,25.5400,100
55383087490504,15:23:03.087,25.5400,1
55410234936134,15:23:30.234,25.5300,100
55410234936134,15:23:30.234,25.5300,156
55410234936134,15:23:30.234,25.5300,100
55410234936134,15:23:30.234,25.5300,100
55410234936134,15:23:30.234,25.5300,1
55417995201387,15:23:37.995,25.5200,100
55417995325785,15:23:37.995,25.5200,100
55419498559161,15:23:39.498,25.5200,100
55419498559161,15:23:39.498,25.5200,100
55461862331644,15:24:21.862,25.5300,200
55461862331644,15:24:21.862,25.5300,100
55461862331644,15:24:21.862,25.5300,100
55461862431356,15:24:21.862,25.5300,129
55461862439263,15:24:21.862,25.5300,71
55461862439263,15:24:21.862,25.5300,100
55513519333440,15:25:13.519,25.5300,5
55513519333440,15:25:13.519,25.5300,1
55513519333440,15:25:13.519,25.5300,94
55513519415985,15:25:13.519,25.5300,6
55519666572577,15:25:19.666,25.5300,400
55519666572577,15:25:19.666,25.5300,600
55519666572577,15:25:19.666,25.5300,100
55519666799665,15:25:19.666,25.5300,100
55519666946243,15:25:19.666,25.5300,100
55539858832757,15:25:39.858,25.5200,1
55555242051932,15:25:55.242,25.5150,100
55555242051932,15:25:55.242,25.5100,200
55555242051932,15:25:55.242,25.5100,100
55555242051932,15:25:55.242,25.5100,100
55555242051932,15:25:55.242,25.5100,60
55645414200327,15:27:25.414,25.5100,100
55645414200327,15:27:25.414,25.5100,1
55645414200327,15:27:25.414,25.5100,100
