timestamp,time,price,volume
34200927536018,09:30:00.927,0.0000,0
34290878344631,09:31:30.878,36.9100,20
34290878344631,09:31:30.878,36.8900,79
34312725013851,09:31:52.725,36.8900,21
34391928151867,09:33:11.928,36.8300,100
34391928151867,09:33:11.928,36.8300,34
34391929491699,09:33:11.929,36.8000,3
34391929491699,09:33:11.929,36.8000,97
34391929494645,09:33:11.929,36.8000,100
34453019903903,09:34:13.019,36.8000,74
34453019987163,09:34:13.019,36.8000,29
34497484189456,09:34:57.484,36.8700,1
34497484189456,09:34:57.484,36.8700,135
34497484274646,09:34:57.484,36.9000,75
34497484743089,09:34:57.484,36.9000,25
34497484889140,09:34:57.484,36.9100,61
34497485156450,09:34:57.485,36.9000,100
34497486683293,09:34:57.486,36.9200,100
34513930366313,09:35:13.930,36.8800,100
34513930366313,09:35:13.930,36.8800,100
34513930394029,09:35:13.930,36.8800,100
34548870955658,09:35:48.870,36.8400,100
34920114272072,09:42:00.114,36.8300,100
34920114322454,09:42:00.114,36.8300,14
34936063244689,09:42:16.063,36.8200,100
34936063244689,09:42:16.063,36.8200,100
34942127318453,09:42:22.127,36.8100,100
35137555677004,09:45:37.555,36.8350,100
35138492338251,09:45:38.492,36.8300,78
35138492550361,09:45:38.492,36.8300,22
35142244557671,09:45:42.244,36.8500,100
35143497121362,09:45:43.497,36.8300,100
35143497121362,09:45:43.497,36.8300,100
35146580772164,09:45:46.580,36.8200,100
35146580772164,09:45:46.580,36.8200,100
35146580799383,09:45:46.580,36.8200,100
35169928385837,09:46:09.928,36.8000,1
35171933222519,09:46:11.933,36.8100,100
35171934379838,09:46:11.934,36.8100,200
35171947424281,09:46:11.947,36.7900,100
35172051283489,09:46:12.051,36.7700,300
35172051324658,09:46:12.051,36.7500,100
35172051324658,09:46:12.051,36.7500,100
35172051324658,09:46:12.051,36.7500,100
35190522916486,09:46:30.522,36.7600,13
35194600496323,09:46:34.600,36.7400,100
35194600496323,09:46:34.600,36.7400,1
35286235684957,09:48:06.235,36.7600,1
35313642573211,09:48:33.642,36.7600,100
35320806939562,09:48:40.806,36.7400,100
35320806939562,09:48:40.806,36.7400,1
35320806939562,09:48:40.806,36.7400,100
35320806939562,09:48:40.806,36.7400,200
35320830248942,09:48:40.830,36.7200,100
35320830440644,09:48:40.830,36.7200,100
35320861501837,09:48:40.861,36.7200,100
35328049249978,09:48:48.049,36.7300,100
35328590438300,09:48:48.590,36.7300,100
35343135047501,09:49:03.135,36.7300,100
35362065299447,09:49:22.065,36.7500,74
35362065299447,09:49:22.065,36.7500,100
35363076825375,09:49:23.076,36.7500,100
35366907080241,09:49:26.907,36.7200,100
35366907080241,09:49:26.907,36.7200,1
35411727975234,09:50:11.727,36.6900,2
35411729087649,09:50:11.729,36.6900,47
35411729113721,09:50:11.729,36.6900,51
35411729113721,09:50:11.729,36.6900,1
35412783575712,09:50:12.783,36.6800,4
35412784549309,09:50:12.784,36.6800,100
35412784696232,09:50:12.784,36.6900,100
35419834791363,09:50:19.834,36.7100,100
35419835001973,09:50:19.835,36.7100,100
35422678038959,09:50:22.678,36.7100,100
35422678234402,09:50:22.678,36.7200,100
35457312916915,09:50:57.312,36.7000,200
35457313999577,09:50:57.313,36.6900,1
35458435156523,09:50:58.435,36.6800,100
35475022225789,09:51:15.022,36.6700,100
35489199550089,09:51:29.199,36.6600,100
35489199550089,09:51:29.199,36.6400,100
35489199550089,09:51:29.199,36.6400,100
35524190060958,09:52:04.190,36.6300,9
35524261869476,09:52:04.261,36.6300,100
35524262340073,09:52:04.262,36.6300,100
35524262340073,09:52:04.262,36.6300,100
35524262340073,09:52:04.262,36.6300,100
35530855948958,09:52:10.855,36.6200,1
35538812164749,09:52:18.812,36.6100,100
35538812164749,09:52:18.812,36.6100,100
35553604732953,09:52:33.604,36.6000,100
35555853143633,09:52:35.853,36.6100,100
35555853143633,09:52:35.853,36.6100,100
35555853143633,09:52:35.853,36.6100,100
35555853229570,09:52:35.853,36.6100,100
35562815497589,09:52:42.815,36.6200,100
35562815654928,09:52:42.815,36.6200,24
35562815679683,09:52:42.815,36.6200,76
35562815679683,09:52:42.815,36.6200,100
35567011321887,09:52:47.011,36.6200,28
35570391562602,09:52:50.391,36.6200,72
35570391562602,09:52:50.391,36.6200,28
35584357800385,09:53:04.357,36.6200,72
35584357800385,09:53:04.357,36.6200,28
35584360537843,09:53:04.360,36.6100,1
35584360537843,09:53:04.360,36.6100,99
35584360614423,09:53:04.360,36.6100,1
35584360614423,09:53:04.360,36.6100,99
35599548222199,09:53:19.548,36.5600,100
35666553111592,09:54:26.553,36.5700,100
35666554295902,09:54:26.554,36.5700,100
35666554425843,09:54:26.554,36.5700,100
35666554941338,09:54:26.554,36.5700,100
35666555819520,09:54:26.555,36.5700,100
35666555819520,09:54:26.555,36.5700,100
35670149797412,09:54:30.149,36.5800,100
35670149797412,09:54:30.149,36.5800,100
35670149797412,09:54:30.149,36.5800,100
35670150039839,09:54:30.150,36.5800,100
35670150039839,09:54:30.150,36.5800,100
35670849160329,09:54:30.849,36.5800,100
35687024554910,09:54:47.024,36.5800,1
35701150698242,09:55:01.150,36.5700,100
35713045173587,09:55:13.045,36.5200,100
35717861850386,09:55:17.861,36.5200,100
35717862376902,09:55:17.862,36.5200,100
35717863489488,09:55:17.863,36.5200,100
35727872039929,09:55:27.872,36.5100,100
35727872081554,09:55:27.872,36.5100,100
35727872090930,09:55:27.872,36.5100,182
35727872104834,09:55:27.872,36.5100,18
35727874411253,09:55:27.874,36.5100,100
35729828322266,09:55:29.828,36.5200,24
35729828324180,09:55:29.828,36.5200,76
35729870204542,09:55:29.870,36.5300,100
35729870204542,09:55:29.870,36.5300,100
35736392178559,09:55:36.392,36.5300,1
35740169363046,09:55:40.169,36.5100,100
35740169363046,09:55:40.169,36.5100,100
35753371653632,09:55:53.371,36.5000,300
35753371700621,09:55:53.371,36.4800,100
35753371700621,09:55:53.371,36.4800,100
35755482717871,09:55:55.482,36.5000,100
35756689399138,09:55:56.689,36.5000,100
35756690245474,09:55:56.690,36.5000,100
35758499885483,09:55:58.499,36.5000,100
35758502788407,09:55:58.502,36.5000,99
35760761022899,09:56:00.761,36.5000,1
35760772323172,09:56:00.772,36.5000,100
35760774708451,09:56:00.774,36.5000,100
35760774708451,09:56:00.774,36.5000,100
35760774708451,09:56:00.774,36.5000,100
35761421223215,09:56:01.421,36.5100,100
35761443654685,09:56:01.443,36.5200,100
35781265831814,09:56:21.265,36.5100,100
35781266207305,09:56:21.266,36.5200,100
35781269179977,09:56:21.269,36.5200,100
35781269179977,09:56:21.269,36.5200,100
35781570230579,09:56:21.570,36.5100,200
35781570296521,09:56:21.570,36.5100,100
35782429532254,09:56:22.429,36.5100,100
35790496973948,09:56:30.496,36.5100,100
35806716250999,09:56:46.716,36.5200,100
35818516550427,09:56:58.516,36.5400,100
35818516550427,09:56:58.516,36.5400,100
35818516847322,09:56:58.516,36.5400,100
35818517848160,09:56:58.517,36.5500,100
35821302764979,09:57:01.302,36.5500,100
35821302764979,09:57:01.302,36.5500,100
35821303751107,09:57:01.303,36.5600,100
35822514643167,09:57:02.514,36.5600,100
35832070237161,09:57:12.070,36.5600,200
35857013895987,09:57:37.013,36.5700,100
35857036430915,09:57:37.036,36.5800,100
35857050445468,09:57:37.050,36.5900,100
35857050995663,09:57:37.050,36.5900,100
35857052475791,09:57:37.052,36.5900,100
35857052475791,09:57:37.052,36.5900,100
35857054354485,09:57:37.054,36.5900,100
35857054378298,09:57:37.054,36.5900,100
35862900720062,09:57:42.900,36.5900,100
35871552228533,09:57:51.552,36.5800,100
35915022945866,09:58:35.022,36.5800,100
35915023090904,09:58:35.023,36.5800,100
35915026065862,09:58:35.026,36.5800,100
35915026091146,09:58:35.026,36.5800,100
35927223656670,09:58:47.223,36.5700,200
35927223656670,09:58:47.223,36.5700,100
35927228046596,09:58:47.228,36.5600,100
35927266941026,09:58:47.266,36.5500,100
35927587361486,09:58:47.587,36.5500,100
35927589059001,09:58:47.589,36.5500,100
35927589085253,09:58:47.589,36.5500,100
35932166741368,09:58:52.166,36.5500,100
35932167316822,09:58:52.167,36.5500,100
35932167316822,09:58:52.167,36.5500,100
35944684510344,09:59:04.684,36.5500,35
35944684539210,09:59:04.684,36.5500,165
35944684539210,09:59:04.684,36.5500,100
35944737812927,09:59:04.737,36.5500,100
35960096394212,09:59:20.096,36.5500,100
35960104717981,09:59:20.104,36.5500,100
35962008832571,09:59:22.008,36.5500,100
35962008832571,09:59:22.008,36.5500,100
35962008832571,09:59:22.008,36.5500,200
35962009322855,09:59:22.009,36.5600,119
35962009871439,09:59:22.009,36.5600,100
35962009871439,09:59:22.009,36.5600,100
35962009871439,09:59:22.009,36.5600,71
35962009871439,09:59:22.009,36.5600,100
35963885830887,09:59:23.885,36.5600,100
35964285166601,09:59:24.285,36.5600,100
35964285166601,09:59:24.285,36.5600,100
35969838990574,09:59:29.838,36.5500,100
35969839003060,09:59:29.839,36.5500,70
35969839014396,09:59:29.839,36.5500,30
35970910078530,09:59:30.910,36.5500,100
35970910078530,09:59:30.910,36.5500,200
35970912364074,09:59:30.912,36.5500,100
35978343248432,09:59:38.343,36.5500,100
35978343248432,09:59:38.343,36.5500,100
35978343248432,09:59:38.343,36.5500,100
35978343274730,09:59:38.343,36.5500,100
35978355936489,09:59:38.355,36.5500,100
35994786833574,09:59:54.786,36.5500,100
36010862144536,10:00:10.862,36.5500,100
36010866175840,10:00:10.866,36.5500,92
36010866190732,10:00:10.866,36.5500,6
36010866566836,10:00:10.866,36.5500,2
36010866566836,10:00:10.866,36.5500,26
36010866723160,10:00:10.866,36.5500,274
36011869999687,10:00:11.869,36.5400,100
36011869999687,10:00:11.869,36.5400,100
36014872954160,10:00:14.872,36.5400,100
36014876898878,10:00:14.876,36.5600,48
36014876917724,10:00:14.876,36.5600,52
36014890078464,10:00:14.890,36.5700,100
36014890136935,10:00:14.890,36.5700,100
36017469094075,10:00:17.469,36.5900,136
36017469119217,10:00:17.469,36.5900,64
36019826278088,10:00:19.826,36.6100,100
36020726025926,10:00:20.726,36.6200,100
36020726025926,10:00:20.726,36.6200,200
36020728882059,10:00:20.728,36.6200,100
36020728882059,10:00:20.728,36.6200,100
36023744324980,10:00:23.744,36.6100,100
36051234397713,10:00:51.234,36.6200,94
36066154772986,10:01:06.154,36.6250,100
36066155085774,10:01:06.155,36.6300,3
36066155105003,10:01:06.155,36.6250,100
36068195579759,10:01:08.195,36.6400,100
36068202585035,10:01:08.202,36.6500,100
36080247919359,10:01:20.247,36.6500,200
36080247919359,10:01:20.247,36.6500,100
36080309042085,10:01:20.309,36.6400,100
36083307646569,10:01:23.307,36.6400,100
36083307646569,10:01:23.307,36.6400,200
36097846993826,10:01:37.846,36.6500,100
36097847828513,10:01:37.847,36.6500,100
36103667075219,10:01:43.667,36.6500,100
36106521995222,10:01:46.521,36.6400,81
36106521995222,10:01:46.521,36.6400,100
36106523957400,10:01:46.523,36.6300,100
36106523957400,10:01:46.523,36.6300,2
36106530104344,10:01:46.530,36.6200,100
36115917122190,10:01:55.917,36.6100,100
36115917122190,10:01:55.917,36.6100,100
36116789514558,10:01:56.789,36.6000,200
36116906560821,10:01:56.906,36.6000,100
36119912322296,10:01:59.912,36.5900,100
36133375939121,10:02:13.375,36.5900,200
36135020102888,10:02:15.020,36.5900,200
36147430059957,10:02:27.430,36.5900,100
36147430774919,10:02:27.430,36.5800,100
36147430774919,10:02:27.430,36.5800,100
36147443323456,10:02:27.443,36.5700,100
36149427940482,10:02:29.427,36.5800,100
36153015601287,10:02:33.015,36.5900,100
36155542982245,10:02:35.542,36.5800,76
36155543005666,10:02:35.543,36.5800,24
36155543005666,10:02:35.543,36.5800,100
36161002906230,10:02:41.002,36.5600,100
36166686661219,10:02:46.686,36.5500,100
36166689974107,10:02:46.689,36.5400,100
36167686059107,10:02:47.686,36.5500,100
36174167977749,10:02:54.167,36.5500,99
36197889755857,10:03:17.889,36.5500,1
36197889755857,10:03:17.889,36.5500,100
36199467668995,10:03:19.467,36.5500,100
36202530850682,10:03:22.530,36.5500,100
36225417255794,10:03:45.417,36.5600,100
36228775960570,10:03:48.775,36.5600,100
36228775986076,10:03:48.775,36.5600,2
36237267646371,10:03:57.267,36.5600,200
36237969618666,10:03:57.969,36.5700,100
36238469705497,10:03:58.469,36.5800,100
36238469705497,10:03:58.469,36.5800,100
36283242542038,10:04:43.242,36.5800,100
36283242542038,10:04:43.242,36.5800,9
36283242542038,10:04:43.242,36.5800,200
36283260174951,10:04:43.260,36.5700,100
36283263196878,10:04:43.263,36.5700,100
36293684152227,10:04:53.684,36.5700,100
36344298621619,10:05:44.298,36.5500,100
36348581714807,10:05:48.581,36.5600,100
36348581714807,10:05:48.581,36.5600,100
36348581714807,10:05:48.581,36.5600,100
36348582224028,10:05:48.582,36.5600,12
36348582262338,10:05:48.582,36.5600,88
36348582262338,10:05:48.582,36.5600,12
36348582288206,10:05:48.582,36.5600,10
36348582290715,10:05:48.582,36.5600,78
36361466750258,10:06:01.466,36.5600,100
36361466750258,10:06:01.466,36.5600,100
36361466750258,10:06:01.466,36.5600,300
36361466750258,10:06:01.466,36.5600,2
36361466750258,10:06:01.466,36.5600,17
36361467547193,10:06:01.467,36.5600,100
36364865555933,10:06:04.865,36.5600,8
36369115997794,10:06:09.115,36.5600,100
36369116206171,10:06:09.116,36.5600,78
36369116258623,10:06:09.116,36.5600,100
36369116262909,10:06:09.116,36.5600,14
36369116262909,10:06:09.116,36.5600,8
36380251146699,10:06:20.251,36.5500,200
36380251146699,10:06:20.251,36.5500,100
36380426150189,10:06:20.426,36.5600,300
36381893553205,10:06:21.893,36.5600,36
36381893595300,10:06:21.893,36.5600,64
36392387306659,10:06:32.387,36.5500,2
36392387352893,10:06:32.387,36.5500,98
36392390514721,10:06:32.390,36.5500,67
36392390525749,10:06:32.390,36.5500,33
36392390525749,10:06:32.390,36.5500,49
36392391474806,10:06:32.391,36.5500,51
36392391474806,10:06:32.391,36.5500,149
36392391868077,10:06:32.391,36.5500,51
36392847531836,10:06:32.847,36.5600,100
36392847554940,10:06:32.847,36.5600,100
36392847554940,10:06:32.847,36.5600,100
36393511683083,10:06:33.511,36.5700,100
36393511683083,10:06:33.511,36.5700,100
36394512875004,10:06:34.512,36.5700,100
36394512875004,10:06:34.512,36.5800,100
36394512901446,10:06:34.512,36.5800,100
36394716237974,10:06:34.716,36.5950,100
36394716237974,10:06:34.716,36.6000,200
36403052643970,10:06:43.052,36.6000,100
36414130900519,10:06:54.130,36.6000,100
36436589094857,10:07:16.589,36.6100,100
36436589239724,10:07:16.589,36.6100,100
36436589265208,10:07:16.589,36.6100,100
36436589519489,10:07:16.589,36.6100,35
36436589783323,10:07:16.589,36.6100,4
36436590167765,10:07:16.590,36.6100,61
36437771969610,10:07:17.771,36.6100,100
36448544005860,10:07:28.544,36.6000,200
36448544005860,10:07:28.544,36.6000,300
36469214213398,10:07:49.214,36.6000,50
36469214610696,10:07:49.214,36.6000,50
36469214610696,10:07:49.214,36.6000,100
36472340331483,10:07:52.340,36.6200,52
36472340422783,10:07:52.340,36.6200,48
36481109897038,10:08:01.109,36.6100,100
36481109897038,10:08:01.109,36.6100,300
36481109897038,10:08:01.109,36.6100,100
36481522879468,10:08:01.522,36.6000,100
36485032004662,10:08:05.032,36.5900,7
36485032004662,10:08:05.032,36.5900,100
36485032004662,10:08:05.032,36.5900,93
36491524445287,10:08:11.524,36.6000,100
36491524445287,10:08:11.524,36.6000,100
36508735302721,10:08:28.735,36.6100,100
36549397261723,10:09:09.397,36.6100,100
36549397261723,10:09:09.397,36.6100,100
36551546827857,10:09:11.546,36.6200,100
36551547693512,10:09:11.547,36.6300,100
36580936319435,10:09:40.936,36.6000,100
36581539588199,10:09:41.539,36.6000,23
36584903069336,10:09:44.903,36.6000,100
36599345189252,10:09:59.345,36.6000,200
36599345189252,10:09:59.345,36.6000,100
36600469244310,10:10:00.469,36.6100,100
36600469578884,10:10:00.469,36.6100,100
36600469578884,10:10:00.469,36.6100,100
36600469578884,10:10:00.469,36.6100,100
36600469578884,10:10:00.469,36.6100,100
36602667315862,10:10:02.667,36.6100,100
36603394081410,10:10:03.394,36.6100,100
36603394081410,10:10:03.394,36.6100,200
36604196339830,10:10:04.196,36.6100,100
36630762261670,10:10:30.762,36.6200,100
36630762261670,10:10:30.762,36.6200,100
36630762673801,10:10:30.762,36.6200,100
36630762673801,10:10:30.762,36.6200,100
36631063946875,10:10:31.063,36.6200,82
36631063948119,10:10:31.063,36.6200,118
36636074285218,10:10:36.074,36.6100,100
36636074285218,10:10:36.074,36.6100,200
36636074285218,10:10:36.074,36.6100,6
36662391399711,10:11:02.391,36.6100,100
36662391399711,10:11:02.391,36.6100,100
36662391511260,10:11:02.391,36.6100,100
36662391585209,10:11:02.391,36.6100,100
36662851814320,10:11:02.851,36.6200,100
36662851814320,10:11:02.851,36.6200,100
36662851814320,10:11:02.851,36.6200,100
36662851862488,10:11:02.851,36.6200,100
36663237179199,10:11:03.237,36.6400,100
36663237286026,10:11:03.237,36.6400,2
36666432677225,10:11:06.432,36.6300,2
36666432677225,10:11:06.432,36.6300,100
36667861266010,10:11:07.861,36.6500,100
36671689127905,10:11:11.689,36.6500,100
36684900995751,10:11:24.900,36.6400,100
36684902982041,10:11:24.902,36.6400,100
36684902982041,10:11:24.902,36.6400,100
36684903025497,10:11:24.903,36.6400,100
36684903059728,10:11:24.903,36.6400,200
36684904516816,10:11:24.904,36.6400,100
36690523929134,10:11:30.523,36.6500,100
36690524028983,10:11:30.524,36.6500,100
36690524059961,10:11:30.524,36.6500,100
36690524264804,10:11:30.524,36.6500,100
36698186638832,10:11:38.186,36.6700,100
36725088671275,10:12:05.088,36.6900,100
36756486286370,10:12:36.486,36.7200,1
36792043984354,10:13:12.043,36.7300,100
36792043984354,10:13:12.043,36.7300,7
36792044641294,10:13:12.044,36.7300,8
36792044823167,10:13:12.044,36.7300,92
36792047207483,10:13:12.047,36.7300,100
36792047207483,10:13:12.047,36.7300,100
36792538426411,10:13:12.538,36.7200,100
36792538426411,10:13:12.538,36.7200,100
36793487859743,10:13:13.487,36.7100,300
36793487859743,10:13:13.487,36.7100,200
36795571395339,10:13:15.571,36.6900,100
36797643727215,10:13:17.643,36.6900,100
36875701498137,10:14:35.701,36.6800,100
36875701498137,10:14:35.701,36.6800,100
36875701560643,10:14:35.701,36.6900,10
36875914372591,10:14:35.914,36.6900,90
36875914372591,10:14:35.914,36.6900,100
36875914372591,10:14:35.914,36.6900,10
36875914389569,10:14:35.914,36.6900,90
36895047029517,10:14:55.047,36.6900,100
36895047029517,10:14:55.047,36.6900,100
36903405450763,10:15:03.405,36.6800,100
36903405450763,10:15:03.405,36.6800,6
36933421240729,10:15:33.421,36.6700,100
36933425816927,10:15:33.425,36.6700,100
36933425816927,10:15:33.425,36.6700,100
36968229836413,10:16:08.229,36.6900,100
36968229836413,10:16:08.229,36.6900,100
36968229836413,10:16:08.229,36.6900,100
36978232196179,10:16:18.232,36.7200,100
36978232334227,10:16:18.232,36.7200,100
36978232379158,10:16:18.232,36.7200,100
36978232402884,10:16:18.232,36.7200,100
36978232643730,10:16:18.232,36.7200,100
36978232691914,10:16:18.232,36.7200,4
36984086963007,10:16:24.086,36.7100,100
36984086963007,10:16:24.086,36.7100,7
36984086963007,10:16:24.086,36.7000,100
36984086963007,10:16:24.086,36.7000,100
36984114034448,10:16:24.114,36.6900,100
36984114034448,10:16:24.114,36.6900,100
36985297188575,10:16:25.297,36.6900,100
36994056517857,10:16:34.056,36.7100,200
36994056517857,10:16:34.056,36.7000,100
36994056517857,10:16:34.056,36.7000,100
36994056517857,10:16:34.056,36.7000,100
36994056517857,10:16:34.056,36.7000,100
36994056517857,10:16:34.056,36.7000,100
37037118898078,10:17:17.118,36.6900,100
37039448609606,10:17:19.448,36.6800,100
37052562305692,10:17:32.562,36.6800,100
37052562305692,10:17:32.562,36.6800,500
37052562330522,10:17:32.562,36.6800,100
37064535517880,10:17:44.535,36.6900,77
37087383562334,10:18:07.383,36.6900,23
37087383562334,10:18:07.383,36.6900,45
37087383727917,10:18:07.383,36.6900,2
37087383874788,10:18:07.383,36.6900,153
37087383874788,10:18:07.383,36.6900,6
37087415094888,10:18:07.415,36.6800,100
37087498009453,10:18:07.498,36.6800,100
37099734159145,10:18:19.734,36.6800,100
37099734412140,10:18:19.734,36.6800,100
37108492611498,10:18:28.492,36.6800,67
37108492634006,10:18:28.492,36.6800,33
37138654772582,10:18:58.654,36.6700,100
37138654772582,10:18:58.654,36.6700,100
37138654772582,10:18:58.654,36.6700,100
37143462792378,10:19:03.462,36.6400,100
37168001765615,10:19:28.001,36.6400,100
37168001765615,10:19:28.001,36.6400,34
37168001774443,10:19:28.001,36.6400,50
37168001781081,10:19:28.001,36.6400,116
37169202892203,10:19:29.202,36.6500,100
37245398673937,10:20:45.398,36.6600,100
37245398673937,10:20:45.398,36.6600,300
37245398673937,10:20:45.398,36.6600,6
37245398673937,10:20:45.398,36.6600,100
37245478034873,10:20:45.478,36.6600,200
37246995979880,10:20:46.995,36.6400,100
37247397608893,10:20:47.397,36.6400,100
37248355815439,10:20:48.355,36.6400,100
37267550979324,10:21:07.550,36.6500,100
37267550979324,10:21:07.550,36.6500,100
37267550979324,10:21:07.550,36.6500,100
37267554707001,10:21:07.554,36.6500,100
37268689302510,10:21:08.689,36.6400,100
37289585930401,10:21:29.585,36.6700,100
37289585930401,10:21:29.585,36.6700,100
37331272419351,10:22:11.272,36.6800,300
37333064220193,10:22:13.064,36.6900,200
37342533815658,10:22:22.533,36.7000,100
37342533815658,10:22:22.533,36.7000,100
37345435672373,10:22:25.435,36.7000,100
37345435672373,10:22:25.435,36.7000,100
37346426670341,10:22:26.426,36.7000,100
37346426670341,10:22:26.426,36.7000,100
37355066820814,10:22:35.066,36.7000,100
37355067257699,10:22:35.067,36.7000,100
37355067257699,10:22:35.067,36.7000,100
37355067257699,10:22:35.067,36.7000,100
37355067257699,10:22:35.067,36.7000,100
37355067257699,10:22:35.067,36.7000,100
37355067257699,10:22:35.067,36.7000,100
37355078867587,10:22:35.078,36.7000,100
37355091537203,10:22:35.091,36.7000,100
37355091537203,10:22:35.091,36.7000,100
37366677567465,10:22:46.677,36.7000,5
37369737332861,10:22:49.737,36.7000,100
37404676796985,10:23:24.676,36.6900,100
37404676796985,10:23:24.676,36.6900,100
37408794070762,10:23:28.794,36.6700,100
37419034215822,10:23:39.034,36.6600,100
37419782706608,10:23:39.782,36.6500,100
37435901990855,10:23:55.901,36.6400,100
37445156425350,10:24:05.156,36.6400,6
37505517192213,10:25:05.517,36.6000,34
37505517244221,10:25:05.517,36.6000,66
37505683456993,10:25:05.683,36.6000,100
37575180713902,10:26:15.180,36.6000,100
37575193392761,10:26:15.193,36.6000,100
37575193417185,10:26:15.193,36.6000,100
37576261337289,10:26:16.261,36.6000,100
37576261337289,10:26:16.261,36.6000,200
37576261337289,10:26:16.261,36.6000,100
37576362325660,10:26:16.362,36.6000,100
37576362378388,10:26:16.362,36.6000,100
37576362378388,10:26:16.362,36.6000,100
37625732420618,10:27:05.732,36.6000,100
37640867418935,10:27:20.867,36.6100,100
37640867418935,10:27:20.867,36.6100,100
37640867418935,10:27:20.867,36.6100,100
37640867418935,10:27:20.867,36.6100,100
37640867418935,10:27:20.867,36.6100,100
37640867418935,10:27:20.867,36.6100,100
37640868034264,10:27:20.868,36.6100,100
37650781869333,10:27:30.781,36.6200,100
37655460313629,10:27:35.460,36.6400,100
37655460313629,10:27:35.460,36.6400,200
37708988623001,10:28:28.988,36.6500,100
37708988623001,10:28:28.988,36.6500,6
37708988623001,10:28:28.988,36.6500,100
37708988623001,10:28:28.988,36.6500,100
37730907161268,10:28:50.907,36.6400,11
37738380896387,10:28:58.380,36.6500,20
37751087459248,10:29:11.087,36.6500,80
37751087459248,10:29:11.087,36.6500,120
37751087486309,10:29:11.087,36.6500,280
37751087486309,10:29:11.087,36.6500,100
37751087597847,10:29:11.087,36.6500,100
37774110889300,10:29:34.110,36.6500,46
37774110889300,10:29:34.110,36.6500,2
37781037535249,10:29:41.037,36.6500,20
37781037535249,10:29:41.037,36.6500,100
37781046839993,10:29:41.046,36.6400,46
37781046839993,10:29:41.046,36.6400,62
37781046865688,10:29:41.046,36.6400,38
37781091119451,10:29:41.091,36.6300,100
37781091119451,10:29:41.091,36.6300,100
37804084748344,10:30:04.084,36.6300,200
37804084846442,10:30:04.084,36.6300,100
37804084846442,10:30:04.084,36.6300,100
37807421234235,10:30:07.421,36.6300,100
37871876589248,10:31:11.876,36.6500,100
37871876589248,10:31:11.876,36.6500,100
37871876589248,10:31:11.876,36.6500,100
37929480261117,10:32:09.480,36.6500,100
37929480261117,10:32:09.480,36.6500,68
37929480309168,10:32:09.480,36.6500,32
37929480801579,10:32:09.480,36.6500,33
37930828036979,10:32:10.828,36.6600,100
37935875481871,10:32:15.875,36.6600,6
37936025996699,10:32:16.025,36.6600,100
37944001508981,10:32:24.001,36.6600,100
37944001508981,10:32:24.001,36.6600,100
37967113097704,10:32:47.113,36.6700,100
38002043093922,10:33:22.043,36.6700,100
38002043093922,10:33:22.043,36.6700,100
38002043194063,10:33:22.043,36.6700,100
38024916251368,10:33:44.916,36.6800,100
38024942036692,10:33:44.942,36.6900,196
38024942036692,10:33:44.942,36.6900,104
38045540744020,10:34:05.540,36.6900,100
38045540744020,10:34:05.540,36.6900,200
38045592480763,10:34:05.592,36.7000,200
38064520943678,10:34:24.520,36.7000,4
38076396776089,10:34:36.396,36.6900,100
38076396776089,10:34:36.396,36.6900,5
38076396776089,10:34:36.396,36.6900,62
38076396786565,10:34:36.396,36.6900,38
38076396798495,10:34:36.396,36.6900,38
38076396811992,10:34:36.396,36.6900,38
38076396941746,10:34:36.396,36.6900,24
38076399895241,10:34:36.399,36.6800,100
38076399895241,10:34:36.399,36.6800,100
38076399895241,10:34:36.399,36.6800,100
38076400850842,10:34:36.400,36.6800,100
38137721643893,10:35:37.721,36.6900,100
38137721643893,10:35:37.721,36.6900,200
38137721698638,10:35:37.721,36.6900,100
38137721993944,10:35:37.721,36.6900,100
38174903333583,10:36:14.903,36.7000,3
38188631370486,10:36:28.631,36.6900,200
38188631370486,10:36:28.631,36.6900,6
38188631370486,10:36:28.631,36.6900,100
38195021934415,10:36:35.021,36.6700,100
38233892681688,10:37:13.892,36.6600,100
38233892753959,10:37:13.892,36.6600,100
38265066274002,10:37:45.066,36.6500,100
38265066274002,10:37:45.066,36.6500,100
38265075083559,10:37:45.075,36.6400,100
38273211410664,10:37:53.211,36.6300,20
38288752705325,10:38:08.752,36.6200,600
38289074889823,10:38:09.074,36.6300,100
38289074889823,10:38:09.074,36.6300,100
38289083194884,10:38:09.083,36.6400,100
38289083194884,10:38:09.083,36.6400,300
38289083268425,10:38:09.083,36.6400,100
38301031085604,10:38:21.031,36.6500,100
38301031087030,10:38:21.031,36.6500,100
38322277498077,10:38:42.277,36.6600,100
38345031018862,10:39:05.031,36.6700,32
38345031043552,10:39:05.031,36.6700,68
38345032629916,10:39:05.032,36.6700,200
38345569049165,10:39:05.569,36.6700,2
38347872359534,10:39:07.872,36.6700,98
38357050518442,10:39:17.050,36.6700,7
38357050518442,10:39:17.050,36.6700,100
38469208812219,10:41:09.208,36.6600,92
38469208828052,10:41:09.208,36.6600,8
38469208828052,10:41:09.208,36.6600,92
38469208836149,10:41:09.208,36.6600,8
38469208836149,10:41:09.208,36.6600,57
38469208848535,10:41:09.208,36.6600,43
38469208848535,10:41:09.208,36.6600,7
38469209345371,10:41:09.209,36.6600,2
38469209345371,10:41:09.209,36.6600,3
38473049584624,10:41:13.049,36.6700,100
38473049584624,10:41:13.049,36.6700,100
38473049584624,10:41:13.049,36.6700,100
38473049584624,10:41:13.049,36.6700,100
38473049612995,10:41:13.049,36.6700,16
38473049873708,10:41:13.049,36.6700,100
38473049873708,10:41:13.049,36.6700,100
38473049873708,10:41:13.049,36.6700,100
38542332347446,10:42:22.332,36.6700,200
38543336231667,10:42:23.336,36.6700,66
38548839107430,10:42:28.839,36.6800,100
38588332906198,10:43:08.332,36.6800,100
38599881420863,10:43:19.881,36.6900,2
38599881445354,10:43:19.881,36.6900,24
38599881578492,10:43:19.881,36.6900,74
38599881578492,10:43:19.881,36.6900,100
38657393700411,10:44:17.393,36.7000,100
38657393717854,10:44:17.393,36.7000,50
38657393722913,10:44:17.393,36.7000,50
38657393722913,10:44:17.393,36.7000,100
38657393722913,10:44:17.393,36.7000,93
38657393733139,10:44:17.393,36.7000,7
38657395902020,10:44:17.395,36.7000,100
38657395902020,10:44:17.395,36.7000,100
38657395902020,10:44:17.395,36.7000,100
38657395902020,10:44:17.395,36.7000,18
38657396021072,10:44:17.396,36.7000,82
38658836650304,10:44:18.836,36.6900,6
38658836650304,10:44:18.836,36.6900,100
38658836650304,10:44:18.836,36.6900,100
38658840181819,10:44:18.840,36.6800,100
38658868188564,10:44:18.868,36.6700,4
38658882138549,10:44:18.882,36.6600,100
38659206502013,10:44:19.206,36.6700,100
38659206502013,10:44:19.206,36.6700,100
38669246950399,10:44:29.246,36.6800,2
38669246975633,10:44:29.246,36.6800,298
38696748733830,10:44:56.748,36.6900,100
38696748733830,10:44:56.748,36.6900,100
38710789373025,10:45:10.789,36.7000,57
38710790461332,10:45:10.790,36.7000,43
38731667129492,10:45:31.667,36.6900,100
38746209760009,10:45:46.209,36.6800,100
38746209760009,10:45:46.209,36.6800,100
38782122591159,10:46:22.122,36.6800,100
38782122591159,10:46:22.122,36.6800,100
38782122591159,10:46:22.122,36.6800,100
38782122591159,10:46:22.122,36.6800,100
38782123212490,10:46:22.123,36.6800,48
38891563575077,10:48:11.563,36.6800,75
38891563708933,10:48:11.563,36.6800,25
38891563708933,10:48:11.563,36.6800,70
38891563798829,10:48:11.563,36.6800,30
38891563798829,10:48:11.563,36.6800,66
38891563819970,10:48:11.563,36.6800,4
38891566956640,10:48:11.566,36.6800,30
38891566956640,10:48:11.566,36.6800,100
38899874317289,10:48:19.874,36.6800,4
38899874317289,10:48:19.874,36.6800,100
38960772707608,10:49:20.772,36.6900,100
38960772863775,10:49:20.772,36.6900,100
38960772962090,10:49:20.772,36.6900,100
38960772962090,10:49:20.772,36.6900,100
38960772962090,10:49:20.772,36.6900,100
38960772962090,10:49:20.772,36.6900,100
38960772985763,10:49:20.772,36.6900,100
38962002264113,10:49:22.002,36.6900,100
38962033599260,10:49:22.033,36.6800,1
39001378768009,10:50:01.378,36.6700,100
39023205725774,10:50:23.205,36.6550,100
39040286019447,10:50:40.286,36.6550,200
39041006552534,10:50:41.006,36.6600,100
39041006552534,10:50:41.006,36.6600,100
39041006552534,10:50:41.006,36.6600,100
39041006552534,10:50:41.006,36.6600,100
39041006666831,10:50:41.006,36.6600,100
39041007953764,10:50:41.007,36.6600,100
39041937246229,10:50:41.937,36.6700,100
39041937246229,10:50:41.937,36.6700,200
39050352502158,10:50:50.352,36.6750,100
39052204101937,10:50:52.204,36.6800,100
39052204101937,10:50:52.204,36.6800,100
39052375137031,10:50:52.375,36.6800,100
39052850477198,10:50:52.850,36.6800,100
39053374802378,10:50:53.374,36.6800,100
39053374802378,10:50:53.374,36.6800,100
39057183610645,10:50:57.183,36.6700,100
39057183610645,10:50:57.183,36.6700,100
39057844795647,10:50:57.844,36.6600,100
39069584700580,10:51:09.584,36.6700,69
39069584770031,10:51:09.584,36.6700,31
39082878878723,10:51:22.878,36.6800,1
39082878929056,10:51:22.878,36.6800,99
39082878929056,10:51:22.878,36.6800,100
39082878929056,10:51:22.878,36.6800,1
39082878954006,10:51:22.878,36.6800,70
39083702674998,10:51:23.702,36.6800,30
39083702674998,10:51:23.702,36.6800,47
39083703620903,10:51:23.703,36.6900,1
39083703726788,10:51:23.703,36.6900,99
39090388931770,10:51:30.388,36.6800,100
39090388931770,10:51:30.388,36.6800,100
39156128255164,10:52:36.128,36.6800,50
39156128255164,10:52:36.128,36.6800,6
39156128255164,10:52:36.128,36.6800,100
39186411038874,10:53:06.411,36.6350,100
39186411443739,10:53:06.411,36.6300,100
39186767884075,10:53:06.767,36.6200,100
39186873549899,10:53:06.873,36.6200,100
39186924119303,10:53:06.924,36.6300,100
39186924119303,10:53:06.924,36.6300,100
39190383019910,10:53:10.383,36.6300,100
39207049423132,10:53:27.049,36.6300,100
39207049423132,10:53:27.049,36.6300,200
39208586974490,10:53:28.586,36.6400,100
39208586974490,10:53:28.586,36.6400,100
39208586974490,10:53:28.586,36.6400,100
39209777615051,10:53:29.777,36.6400,20
39209777632845,10:53:29.777,36.6400,100
39209849964900,10:53:29.849,36.6400,100
39230318716815,10:53:50.318,36.6200,100
39230318716815,10:53:50.318,36.6200,100
39230318716815,10:53:50.318,36.6200,200
39245103280917,10:54:05.103,36.6300,500
39249427881678,10:54:09.427,36.6400,62
39249428275120,10:54:09.428,36.6400,138
39250399242596,10:54:10.399,36.6500,100
39255024115403,10:54:15.024,36.6400,200
39255024115403,10:54:15.024,36.6400,100
39308071701646,10:55:08.071,36.6500,100
39308071701646,10:55:08.071,36.6500,28
39308071747766,10:55:08.071,36.6500,65
39308071752572,10:55:08.071,36.6500,7
39343544061658,10:55:43.544,36.6750,100
39343544061658,10:55:43.544,36.6800,100
39343544061658,10:55:43.544,36.6800,100
39343544061658,10:55:43.544,36.6800,100
39343544061658,10:55:43.544,36.6800,22
39343544842001,10:55:43.544,36.6800,16
39343999225100,10:55:43.999,36.6800,62
39343999225100,10:55:43.999,36.6800,38
39343999251635,10:55:43.999,36.6800,62
39380927005009,10:56:20.927,36.6950,200
39386660600247,10:56:26.660,36.6900,100
39386660626661,10:56:26.660,36.6900,6
39386660626661,10:56:26.660,36.6900,100
39430983639281,10:57:10.983,36.6700,457
39430983639281,10:57:10.983,36.6700,100
39430983639281,10:57:10.983,36.6700,100
39430983639281,10:57:10.983,36.6700,100
39431172623632,10:57:11.172,36.6700,100
39431172623632,10:57:11.172,36.6700,200
39431172623632,10:57:11.172,36.6700,100
39431173316300,10:57:11.173,36.6700,64
39431173473117,10:57:11.173,36.6700,36
39431176248488,10:57:11.176,36.6700,100
39431176248488,10:57:11.176,36.6700,100
39434434338007,10:57:14.434,36.6500,100
39435375906954,10:57:15.375,36.6450,64
39435375906954,10:57:15.375,36.6400,36
39435375935466,10:57:15.375,36.6400,64
39435453639895,10:57:15.453,36.6300,15
39436198461479,10:57:16.198,36.6200,50
39436198501295,10:57:16.198,36.6200,35
39436198601312,10:57:16.198,36.6200,36
39436199294960,10:57:16.199,36.6200,64
39467247190363,10:57:47.247,36.6100,100
39497780162799,10:58:17.780,36.6000,100
39497780162799,10:58:17.780,36.6000,7
39548609947533,10:59:08.609,36.5900,100
39548609947533,10:59:08.609,36.5900,100
39548609947533,10:59:08.609,36.5900,100
39548609947533,10:59:08.609,36.5900,100
39548609947533,10:59:08.609,36.5900,100
39548609947533,10:59:08.609,36.5900,100
39548610053289,10:59:08.610,36.5900,100
39548610053289,10:59:08.610,36.5900,100
39548610204312,10:59:08.610,36.5900,100
39548610204312,10:59:08.610,36.5900,100
39548610204312,10:59:08.610,36.5900,100
39548611023821,10:59:08.611,36.5900,23
39549376153837,10:59:09.376,36.5900,100
39549427429726,10:59:09.427,36.5900,200
39549427429726,10:59:09.427,36.5900,27
39550101616123,10:59:10.101,36.6000,100
39585329767112,10:59:45.329,36.6100,100
39585329767112,10:59:45.329,36.6100,100
39585329791400,10:59:45.329,36.6100,28
39585329805150,10:59:45.329,36.6100,72
39585329805150,10:59:45.329,36.6100,28
39585329823624,10:59:45.329,36.6100,100
39585330028443,10:59:45.330,36.6100,72
39585330051884,10:59:45.330,36.6100,72
39585330151641,10:59:45.330,36.6100,28
39587546765561,10:59:47.546,36.6200,100
39587803865252,10:59:47.803,36.6250,100
39588190550065,10:59:48.190,36.6300,72
39600011192476,11:00:00.011,36.6200,100
39629054167424,11:00:29.054,36.6300,100
39629054167424,11:00:29.054,36.6300,100
39633088231046,11:00:33.088,36.6300,113
39633088778941,11:00:33.088,36.6300,87
39633088778941,11:00:33.088,36.6300,6
39662823577944,11:01:02.823,36.6300,42
39662823578468,11:01:02.823,36.6300,101
39662823617387,11:01:02.823,36.6300,57
39662952605073,11:01:02.952,36.6400,200
39663458911212,11:01:03.458,36.6500,100
39663468463854,11:01:03.468,36.6600,100
39670789034329,11:01:10.789,36.6500,100
39675753806619,11:01:15.753,36.6500,2
39675753850671,11:01:15.753,36.6400,100
39675761445907,11:01:15.761,36.6500,200
39698145119136,11:01:38.145,36.6600,100
39698145119136,11:01:38.145,36.6600,200
39704665069285,11:01:44.665,36.6500,100
39704665069285,11:01:44.665,36.6500,200
39756638542313,11:02:36.638,36.6700,63
39775389729449,11:02:55.389,36.6800,100
39775389729449,11:02:55.389,36.6800,100
39775396823032,11:02:55.396,36.6900,6
39775396850489,11:02:55.396,36.6900,94
39788217058680,11:03:08.217,36.6900,29
39789738515094,11:03:09.738,36.6900,46
39789738567359,11:03:09.738,36.6900,54
39789738567359,11:03:09.738,36.6900,6
39799365034048,11:03:19.365,36.6900,44
39801320515454,11:03:21.320,36.6900,61
39801320534816,11:03:21.320,36.6900,139
39842501484352,11:04:02.501,36.6900,100
39877044335325,11:04:37.044,36.7000,100
39877044335325,11:04:37.044,36.7000,100
39895527655981,11:04:55.527,36.7000,22
39895527864745,11:04:55.527,36.7000,56
39895527872334,11:04:55.527,36.7000,22
39895527872334,11:04:55.527,36.7000,39
39895527884125,11:04:55.527,36.7000,7
39974685787270,11:06:14.685,36.7100,100
39974685787270,11:06:14.685,36.7100,100
39974685787270,11:06:14.685,36.7100,100
39974685787270,11:06:14.685,36.7100,100
39974686102978,11:06:14.686,36.7100,100
39974686274798,11:06:14.686,36.7100,100
39974686274798,11:06:14.686,36.7100,28
39974686563286,11:06:14.686,36.7100,26
39976948623662,11:06:16.948,36.7000,254
39976948623662,11:06:16.948,36.7000,100
39976948623662,11:06:16.948,36.7000,5
39976948623662,11:06:16.948,36.7000,100
39976952958758,11:06:16.952,36.6900,100
39976952958758,11:06:16.952,36.6900,100
39980156945791,11:06:20.156,36.6900,100
39980156945791,11:06:20.156,36.6900,100
40118127005885,11:08:38.127,36.6900,100
40118127005885,11:08:38.127,36.6900,300
40118127005885,11:08:38.127,36.6900,97
40118127059364,11:08:38.127,36.6900,3
40118127059364,11:08:38.127,36.6900,100
40118127228751,11:08:38.127,36.6900,100
40118127669181,11:08:38.127,36.6900,16
40118127758655,11:08:38.127,36.6900,2
40125372438963,11:08:45.372,36.6900,182
40125372438963,11:08:45.372,36.6900,18
40125372516693,11:08:45.372,36.6900,82
40125372517196,11:08:45.372,36.6900,52
40125372557207,11:08:45.372,36.6900,48
40149275219917,11:09:09.275,36.6900,200
40149284503190,11:09:09.284,36.6900,60
40160339821668,11:09:20.339,36.6900,100
40160339821668,11:09:20.339,36.6900,100
40160340486693,11:09:20.340,36.6900,27
40165380990531,11:09:25.380,36.6800,100
40165421238501,11:09:25.421,36.6800,100
40225732454496,11:10:25.732,36.6900,200
40225732454496,11:10:25.732,36.6900,100
40225827152127,11:10:25.827,36.7000,26
40225842126065,11:10:25.842,36.7000,74
40225842126065,11:10:25.842,36.7000,100
40225843080519,11:10:25.843,36.7000,26
40230511438282,11:10:30.511,36.6900,100
40230511461991,11:10:30.511,36.6900,1
40230511505721,11:10:30.511,36.6900,99
40244340140928,11:10:44.340,36.6800,100
40244340140928,11:10:44.340,36.6800,100
40244340185698,11:10:44.340,36.6800,100
40244340185698,11:10:44.340,36.6800,6
40244349709514,11:10:44.349,36.6700,100
40244349709514,11:10:44.349,36.6700,100
40244353183537,11:10:44.353,36.6700,37
40244354482940,11:10:44.354,36.6700,100
40244364526430,11:10:44.364,36.6700,100
40244378028737,11:10:44.378,36.6600,100
40244379483889,11:10:44.379,36.6600,100
40245457736230,11:10:45.457,36.6600,146
40245457736230,11:10:45.457,36.6600,100
40245458252262,11:10:45.458,36.6600,100
40247518913623,11:10:47.518,36.6600,74
40251033227432,11:10:51.033,36.6700,100
40251033227432,11:10:51.033,36.6700,100
40251034875673,11:10:51.034,36.6700,100
40251034905472,11:10:51.034,36.6700,100
40270454008963,11:11:10.454,36.6800,300
40270454008963,11:11:10.454,36.6800,63
40325963970941,11:12:05.963,36.7000,100
40325964156550,11:12:05.964,36.7000,100
40325964156550,11:12:05.964,36.7000,100
40325967339773,11:12:05.967,36.7000,100
40325967339773,11:12:05.967,36.7000,100
40328069053026,11:12:08.069,36.7000,7
40328069053026,11:12:08.069,36.7000,100
40331977839809,11:12:11.977,36.6900,100
40332008273019,11:12:12.008,36.6800,100
40332008273019,11:12:12.008,36.6800,100
40373744813605,11:12:53.744,36.6700,200
40373751098151,11:12:53.751,36.6700,100
40373776432854,11:12:53.776,36.6600,100
40373776516165,11:12:53.776,36.6600,100
40373776516165,11:12:53.776,36.6600,100
40381042641146,11:13:01.042,36.6700,100
40381043336059,11:13:01.043,36.6700,26
40381044360345,11:13:01.044,36.6700,74
40381044360345,11:13:01.044,36.6700,100
40383356532730,11:13:03.356,36.6800,100
40383356532730,11:13:03.356,36.6800,66
40383356532730,11:13:03.356,36.6800,18
40383356599463,11:13:03.356,36.6800,82
40473722280956,11:14:33.722,36.6900,200
40473722280956,11:14:33.722,36.6900,200
40473722280956,11:14:33.722,36.6900,100
40473722280956,11:14:33.722,36.6900,100
40478740994744,11:14:38.740,36.7000,100
40484771998635,11:14:44.771,36.7000,200
40508681004820,11:15:08.681,36.7000,100
40521432381327,11:15:21.432,36.7100,69
40521432381327,11:15:21.432,36.7100,100
40521432469342,11:15:21.432,36.7100,20
40582133073222,11:16:22.133,36.7100,48
40582133837271,11:16:22.133,36.7100,24
40670758160471,11:17:50.758,36.7000,8
40670758160471,11:17:50.758,36.7000,100
40670758160471,11:17:50.758,36.7000,100
40670759045307,11:17:50.759,36.6900,100
40670759045307,11:17:50.759,36.6900,100
40670781722784,11:17:50.781,36.6800,100
40670781722784,11:17:50.781,36.6800,100
40676174347365,11:17:56.174,36.6800,100
40680717741496,11:18:00.717,36.6700,100
40691796624784,11:18:11.796,36.6700,100
40692043492966,11:18:12.043,36.6800,100
40692043492966,11:18:12.043,36.6800,58
40720216740409,11:18:40.216,36.6800,3
40729919046272,11:18:49.919,36.6900,97
40729919046272,11:18:49.919,36.6900,200
40729919046272,11:18:49.919,36.6900,100
40729919046272,11:18:49.919,36.6900,100
40745945998361,11:19:05.945,36.7100,200
40745945998361,11:19:05.945,36.7100,42
40745946024496,11:19:05.946,36.7100,58
40764110866549,11:19:24.110,36.7100,2
40764110876937,11:19:24.110,36.7100,1
40764110876937,11:19:24.110,36.7100,100
40776912633160,11:19:36.912,36.7100,100
40776912633160,11:19:36.912,36.7100,100
40801404317379,11:20:01.404,36.7200,100
40828596520174,11:20:28.596,36.7300,100
40828596520174,11:20:28.596,36.7300,100
40828596520174,11:20:28.596,36.7300,67
40873224032712,11:21:13.224,36.7300,100
40873224950786,11:21:13.224,36.7300,200
40909514678905,11:21:49.514,36.7200,9
40909514680522,11:21:49.514,36.7200,50
40909514690753,11:21:49.514,36.7200,41
40909514690753,11:21:49.514,36.7200,7
40910774823045,11:21:50.774,36.7200,100
40910774823045,11:21:50.774,36.7200,100
40911385967520,11:21:51.385,36.7200,100
40911386404035,11:21:51.386,36.7200,97
40918614819576,11:21:58.614,36.7100,100
40928797113295,11:22:08.797,36.6900,8
40928797742793,11:22:08.797,36.6900,100
40928797771218,11:22:08.797,36.6900,100
40928797771218,11:22:08.797,36.6900,100
40928797771218,11:22:08.797,36.6900,100
40928797771218,11:22:08.797,36.6900,62
40928797859352,11:22:08.797,36.6900,38
40928797859352,11:22:08.797,36.6900,100
40928798539595,11:22:08.798,36.6900,65
40928798955954,11:22:08.798,36.6900,35
40932843618181,11:22:12.843,36.6900,100
40933472732614,11:22:13.472,36.6900,100
40933472732614,11:22:13.472,36.6900,100
40933472732614,11:22:13.472,36.6900,200
40933472732614,11:22:13.472,36.6900,200
40937608803638,11:22:17.608,36.7000,100
41005497298398,11:23:25.497,36.7100,100
41005497298398,11:23:25.497,36.7100,100
41005497298398,11:23:25.497,36.7100,100
41005497298398,11:23:25.497,36.7100,100
41005497298398,11:23:25.497,36.7100,59
41005497298398,11:23:25.497,36.7100,41
41005497563326,11:23:25.497,36.7100,100
41005498082457,11:23:25.498,36.7100,47
41005501533403,11:23:25.501,36.7000,30
41005501868258,11:23:25.501,36.7000,57
41005995439586,11:23:25.995,36.7000,13
41023444593076,11:23:43.444,36.6900,100
41023444593076,11:23:43.444,36.6900,100
41023444593076,11:23:43.444,36.6900,300
41023444593076,11:23:43.444,36.6900,100
41023457697802,11:23:43.457,36.6900,300
41023457697802,11:23:43.457,36.6900,100
41023457868231,11:23:43.457,36.6900,100
41046518340154,11:24:06.518,36.6900,100
41046518802744,11:24:06.518,36.6900,100
41046518802744,11:24:06.518,36.6900,100
41046518802744,11:24:06.518,36.6900,100
41047895845603,11:24:07.895,36.7000,100
41047895845603,11:24:07.895,36.7000,200
41047896154420,11:24:07.896,36.7000,100
41055818865982,11:24:15.818,36.7200,100
41063050020322,11:24:23.050,36.7150,200
41132862286540,11:25:32.862,36.7100,100
41132862286540,11:25:32.862,36.7100,100
41132862286540,11:25:32.862,36.7100,9
41132862286540,11:25:32.862,36.7100,100
41133835507372,11:25:33.835,36.7000,100
41142080913519,11:25:42.080,36.6900,100
41200216949520,11:26:40.216,36.6800,600
41200216949520,11:26:40.216,36.6800,100
41200216949520,11:26:40.216,36.6800,100
41200216949520,11:26:40.216,36.6800,65
41200216949520,11:26:40.216,36.6800,100
41200217589299,11:26:40.217,36.6800,98
41200217611786,11:26:40.217,36.6800,2
41200230026111,11:26:40.230,36.6850,100
41200230026111,11:26:40.230,36.6900,100
41200392812966,11:26:40.392,36.6900,200
41200392812966,11:26:40.392,36.6900,100
41200394202898,11:26:40.394,36.6900,300
41200394202898,11:26:40.394,36.6900,100
41200394202898,11:26:40.394,36.6900,100
41221071503281,11:27:01.071,36.6900,100
41221071503281,11:27:01.071,36.6900,100
41221071503281,11:27:01.071,36.6900,100
41256264948611,11:27:36.264,36.7100,100
41256265336906,11:27:36.265,36.7000,100
41256265336906,11:27:36.265,36.7000,100
41256265359488,11:27:36.265,36.7000,100
41256265378807,11:27:36.265,36.7000,9
41256268242054,11:27:36.268,36.7000,100
41285808389709,11:28:05.808,36.7000,200
41285808389709,11:28:05.808,36.7000,100
41285808542058,11:28:05.808,36.7000,100
41292020725160,11:28:12.020,36.7000,100
41312934059660,11:28:32.934,36.7000,8
41312934059660,11:28:32.934,36.7000,92
41312934128039,11:28:32.934,36.7000,8
41346485405628,11:29:06.485,36.7000,100
41346485412629,11:29:06.485,36.7000,100
41377689623278,11:29:37.689,36.7000,100
41400993675606,11:30:00.993,36.7000,100
41400993767628,11:30:00.993,36.7000,100
41400993867817,11:30:00.993,36.7000,100
41400994482077,11:30:00.994,36.7000,87
41400994580356,11:30:00.994,36.7000,13
41414213027039,11:30:14.213,36.7000,9
41414385394657,11:30:14.385,36.7000,100
41414385394657,11:30:14.385,36.7000,100
41438155489697,11:30:38.155,36.7000,100
41438164686676,11:30:38.164,36.6900,100
41438164686676,11:30:38.164,36.6900,100
41438168305105,11:30:38.168,36.6900,200
41438168889864,11:30:38.168,36.6800,100
41438168889864,11:30:38.168,36.6800,69
41438390967428,11:30:38.390,36.6800,31
41438390967428,11:30:38.390,36.6800,69
41495861176361,11:31:35.861,36.6900,100
41495861176361,11:31:35.861,36.6900,100
41495861176361,11:31:35.861,36.6900,100
41495861176361,11:31:35.861,36.6900,100
41495861176361,11:31:35.861,36.6900,100
41523203266734,11:32:03.203,36.7000,100
41523203724620,11:32:03.203,36.7000,100
41523203787699,11:32:03.203,36.7000,100
41554476082228,11:32:34.476,36.6900,100
41554476082228,11:32:34.476,36.6900,100
41555676613253,11:32:35.676,36.6900,100
41555677575263,11:32:35.677,36.6900,100
41589132476482,11:33:09.132,36.7000,7
41641704671380,11:34:01.704,36.6900,22
41675014382199,11:34:35.014,36.6900,56
41675014405949,11:34:35.014,36.6900,1
41675014414218,11:34:35.014,36.6900,2
41675014450981,11:34:35.014,36.6900,41
41675014450981,11:34:35.014,36.6900,134
41675014823112,11:34:35.014,36.6900,66
41675014823112,11:34:35.014,36.6900,100
41676224838111,11:34:36.224,36.7000,100
41676224838111,11:34:36.224,36.7000,100
41676225182251,11:34:36.225,36.7000,100
41676225182251,11:34:36.225,36.7000,100
41681923437286,11:34:41.923,36.7000,12
41692188001006,11:34:52.188,36.7000,88
41692188001006,11:34:52.188,36.7000,12
41702253542113,11:35:02.253,36.7000,88
41702253542113,11:35:02.253,36.7000,12
41702253641225,11:35:02.253,36.7000,88
41703586848749,11:35:03.586,36.7000,100
41703586848749,11:35:03.586,36.7000,100
41709831167692,11:35:09.831,36.7100,100
41709832011468,11:35:09.832,36.7100,92
41709832046827,11:35:09.832,36.7100,8
41717598367903,11:35:17.598,36.7100,100
41717598367903,11:35:17.598,36.7100,100
41717598367903,11:35:17.598,36.7100,100
41753606591812,11:35:53.606,36.7000,200
41753606591812,11:35:53.606,36.7000,15
41753606649585,11:35:53.606,36.7000,285
41789757059761,11:36:29.757,36.6900,36
41789766699117,11:36:29.766,36.6900,200
41789766723544,11:36:29.766,36.6900,12
41820330932765,11:37:00.330,36.6700,100
41830390426587,11:37:10.390,36.6700,83
41840259470741,11:37:20.259,36.6700,217
41840259470741,11:37:20.259,36.6700,100
41896530583762,11:38:16.530,36.6600,12
41896530583762,11:38:16.530,36.6600,100
41948666476407,11:39:08.666,36.6500,100
41948715577487,11:39:08.715,36.6500,100
41948825912710,11:39:08.825,36.6500,8
41950920272433,11:39:10.920,36.6500,100
41953466860452,11:39:13.466,36.6600,100
41953466860452,11:39:13.466,36.6600,100
41968346547127,11:39:28.346,36.6700,100
41971943506849,11:39:31.943,36.6700,100
41971944388627,11:39:31.944,36.6700,100
41971944451699,11:39:31.944,36.6700,100
41993108116382,11:39:53.108,36.6800,100
41993126436745,11:39:53.126,36.6900,100
41993126436745,11:39:53.126,36.6900,100
41993126436745,11:39:53.126,36.6900,100
41993126509539,11:39:53.126,36.6900,46
41993126526844,11:39:53.126,36.6900,54
41993127044547,11:39:53.127,36.6900,100
41994506973227,11:39:54.506,36.6900,100
41994508763664,11:39:54.508,36.6800,200
41994508798708,11:39:54.508,36.6800,100
41997068110742,11:39:57.068,36.6800,100
42021739628079,11:40:21.739,36.6900,100
42043712761155,11:40:43.712,36.6900,100
42043712770883,11:40:43.712,36.6900,50
42043712782010,11:40:43.712,36.6900,57
42043712810355,11:40:43.712,36.6900,93
42043714142618,11:40:43.714,36.6900,100
42061257758427,11:41:01.257,36.6900,100
42061257758427,11:41:01.257,36.6900,100
42061257758427,11:41:01.257,36.6900,100
42061923813581,11:41:01.923,36.7000,100
42061923813581,11:41:01.923,36.7000,200
42062073812560,11:41:02.073,36.7000,100
42064603595053,11:41:04.603,36.6900,100
42070614826479,11:41:10.614,36.6900,92
42070615355256,11:41:10.615,36.6900,108
42099852719215,11:41:39.852,36.6900,58
42120088826936,11:42:00.088,36.6900,42
42123801024895,11:42:03.801,36.7000,100
42123801024895,11:42:03.801,36.7000,11
42136439146787,11:42:16.439,36.6900,9
42164748097152,11:42:44.748,36.7000,100
42164748097152,11:42:44.748,36.7000,100
42165024734504,11:42:45.024,36.7000,100
42198167629441,11:43:18.167,36.7000,100
42198167629441,11:43:18.167,36.7000,16
42198167646127,11:43:18.167,36.7000,84
42198168037591,11:43:18.168,36.7000,100
42215020906103,11:43:35.020,36.7000,100
42271135401379,11:44:31.135,36.7000,100
42271135490966,11:44:31.135,36.7000,200
42311059097944,11:45:11.059,36.7100,200
42311059097944,11:45:11.059,36.7100,100
42311059486591,11:45:11.059,36.7100,100
42311059693992,11:45:11.059,36.7100,16
42313643557016,11:45:13.643,36.7000,100
42313643557016,11:45:13.643,36.7000,94
42313643583893,11:45:13.643,36.7000,6
42313643583893,11:45:13.643,36.7000,11
42324069310925,11:45:24.069,36.7000,53
42324069310925,11:45:24.069,36.7000,47
42331736819336,11:45:31.736,36.7000,53
42331736819336,11:45:31.736,36.7000,100
42331736819336,11:45:31.736,36.7000,47
42357312509678,11:45:57.312,36.6900,30
42357312628965,11:45:57.312,36.6900,70
42408529966266,11:46:48.529,36.6800,100
42408529991800,11:46:48.529,36.6800,400
42408529991800,11:46:48.529,36.6800,11
42425900042551,11:47:05.900,36.6700,100
42430090732058,11:47:10.090,36.6700,100
42430091148964,11:47:10.091,36.6700,100
42430091148964,11:47:10.091,36.6700,100
42441902577312,11:47:21.902,36.6700,100
42441941087169,11:47:21.941,36.6700,33
42442399253640,11:47:22.399,36.6700,67
42520332920882,11:48:40.332,36.6600,100
42520332920882,11:48:40.332,36.6600,11
42529304387451,11:48:49.304,36.6500,73
42529661452091,11:48:49.661,36.6600,100
42529661537258,11:48:49.661,36.6600,100
42529661537258,11:48:49.661,36.6600,100
42529662331005,11:48:49.662,36.6600,100
42529682403883,11:48:49.682,36.6700,100
42529682403883,11:48:49.682,36.6700,100
42529682403883,11:48:49.682,36.6700,100
42552909026800,11:49:12.909,36.6700,100
42552909026800,11:49:12.909,36.6700,100
42552909520727,11:49:12.909,36.6700,100
42552909520727,11:49:12.909,36.6700,100
42552909520727,11:49:12.909,36.6700,100
42552909747952,11:49:12.909,36.6700,100
42552909747952,11:49:12.909,36.6700,100
42565027003534,11:49:25.027,36.6750,200
42646852678439,11:50:46.852,36.6700,11
42646852678439,11:50:46.852,36.6700,89
42728688417587,11:52:08.688,36.6700,100
42728688417587,11:52:08.688,36.6700,100
42728688417587,11:52:08.688,36.6700,12
42728689100360,11:52:08.689,36.6600,100
42728689100360,11:52:08.689,36.6600,100
42728689154717,11:52:08.689,36.6600,100
42728689154717,11:52:08.689,36.6600,100
42728689175117,11:52:08.689,36.6600,100
42728689175117,11:52:08.689,36.6600,100
42728689281400,11:52:08.689,36.6600,100
42728691371881,11:52:08.691,36.6600,100
42728790523668,11:52:08.790,36.6700,100
42728790976944,11:52:08.790,36.6800,100
42728790976944,11:52:08.790,36.6800,100
42728790994134,11:52:08.790,36.6800,100
42728790994134,11:52:08.790,36.6800,100
42728791680221,11:52:08.791,36.6800,82
42728805829915,11:52:08.805,36.6800,18
42728805829915,11:52:08.805,36.6800,100
42731131570285,11:52:11.131,36.6800,100
42731131570285,11:52:11.131,36.6800,100
42731131570285,11:52:11.131,36.6800,100
42731131740298,11:52:11.131,36.6800,100
42731131740298,11:52:11.131,36.6800,100
42731131767542,11:52:11.131,36.6800,100
42732910672612,11:52:12.910,36.6900,100
42732910672612,11:52:12.910,36.6900,100
42732910714190,11:52:12.910,36.6900,100
42732921266968,11:52:12.921,36.7000,100
42733139722634,11:52:13.139,36.7100,100
42733140740715,11:52:13.140,36.7100,98
42733140753382,11:52:13.140,36.7100,2
42733140753382,11:52:13.140,36.7100,98
42733140764216,11:52:13.140,36.7100,2
42733140764216,11:52:13.140,36.7100,48
42733140770232,11:52:13.140,36.7100,52
42735757923082,11:52:15.757,36.7000,100
42736304115691,11:52:16.304,36.6900,100
42736305019584,11:52:16.305,36.6900,18
42737910588003,11:52:17.910,36.6900,100
42737910647162,11:52:17.910,36.6900,100
42737910647162,11:52:17.910,36.6900,100
42737911060626,11:52:17.911,36.6900,100
42737911060626,11:52:17.911,36.6900,100
42737911060626,11:52:17.911,36.6900,100
42738258674555,11:52:18.258,36.7000,100
42739794093689,11:52:19.794,36.6900,100
42739795695530,11:52:19.795,36.6900,100
42740553810545,11:52:20.553,36.7000,100
42769647143424,11:52:49.647,36.7100,100
42769647143424,11:52:49.647,36.7100,100
42769647143424,11:52:49.647,36.7100,100
42769647704077,11:52:49.647,36.7100,100
42769647704077,11:52:49.647,36.7100,100
42769647704077,11:52:49.647,36.7100,18
42785397509758,11:53:05.397,36.7000,100
42785397509758,11:53:05.397,36.7000,100
42787906151712,11:53:07.906,36.6900,100
42787906151712,11:53:07.906,36.6900,100
42795401090506,11:53:15.401,36.6800,100
42813446857412,11:53:33.446,36.6800,100
42813446947561,11:53:33.446,36.6800,75
42813446947561,11:53:33.446,36.6800,100
42813447558915,11:53:33.447,36.6800,90
42813447619234,11:53:33.447,36.6800,10
42813447619234,11:53:33.447,36.6800,100
42820141468152,11:53:40.141,36.6900,100
42820141468152,11:53:40.141,36.6900,100
42820141468152,11:53:40.141,36.6900,100
42820142005038,11:53:40.142,36.6900,88
42821162886313,11:53:41.162,36.6900,12
42821162886313,11:53:41.162,36.6900,14
42821203393781,11:53:41.203,36.6900,3
42861950266599,11:54:21.950,36.6900,3
42861950289457,11:54:21.950,36.6900,28
42861950538485,11:54:21.950,36.6900,23
42861950644370,11:54:21.950,36.6900,25
42861950644370,11:54:21.950,36.6900,100
42861950644370,11:54:21.950,36.6900,100
42861950844333,11:54:21.950,36.6900,100
42861951067603,11:54:21.951,36.6900,100
42897048579660,11:54:57.048,36.6900,26
42897048620975,11:54:57.048,36.6900,50
42897048686938,11:54:57.048,36.6900,24
42897048686938,11:54:57.048,36.6900,19
42897048702439,11:54:57.048,36.6900,50
42897048703911,11:54:57.048,36.6900,31
42900439044379,11:55:00.439,36.6900,100
42912473295377,11:55:12.473,36.6900,2
42963125505351,11:56:03.125,36.6900,1
42963125505351,11:56:03.125,36.6900,100
42963135428994,11:56:03.135,36.6800,100
42963135428994,11:56:03.135,36.6800,100
42963135456157,11:56:03.135,36.6800,100
42963140912203,11:56:03.140,36.6700,100
42963441432088,11:56:03.441,36.6700,100
42963442743337,11:56:03.442,36.6700,100
42963442743337,11:56:03.442,36.6700,100
42963442927328,11:56:03.442,36.6700,100
42963442927328,11:56:03.442,36.6700,100
42964398862138,11:56:04.398,36.6600,100
42964398862138,11:56:04.398,36.6600,100
42964398862138,11:56:04.398,36.6600,12
42965083274589,11:56:05.083,36.6600,100
42975137082768,11:56:15.137,36.6500,300
42975137082768,11:56:15.137,36.6500,100
42975137082768,11:56:15.137,36.6500,100
43017846579337,11:56:57.846,36.6600,100
43017846579337,11:56:57.846,36.6600,92
43017846655381,11:56:57.846,36.6600,8
43017846655381,11:56:57.846,36.6600,100
43017847394486,11:56:57.847,36.6600,56
43017847442491,11:56:57.847,36.6600,44
43058193699882,11:57:38.193,36.6700,25
43058194404771,11:57:38.194,36.6700,75
43058194404771,11:57:38.194,36.6700,23
43086799576274,11:58:06.799,36.6700,100
43086799576274,11:58:06.799,36.6700,129
43086799576274,11:58:06.799,36.6700,12
43094427955952,11:58:14.427,36.6700,100
43094427955952,11:58:14.427,36.6700,100
43127932875842,11:58:47.932,36.6800,5
43127932952469,11:58:47.932,36.6800,95
43127932952469,11:58:47.932,36.6800,4
43127932952469,11:58:47.932,36.6800,100
43137491201655,11:58:57.491,36.6800,92
43141723273256,11:59:01.723,36.6800,5
43141757261049,11:59:01.757,36.6800,95
43163370954120,11:59:23.370,36.6800,72
43196890796889,11:59:56.890,36.6700,100
43196890796889,11:59:56.890,36.6700,23
43199876224301,11:59:59.876,36.6800,100
43199876224301,11:59:59.876,36.6800,100
43224150579490,12:00:24.150,36.6800,100
43224150579490,12:00:24.150,36.6800,200
43224150579490,12:00:24.150,36.6800,10
43229578292769,12:00:29.578,36.6700,100
43229586327603,12:00:29.586,36.6700,60
43229976551574,12:00:29.976,36.6700,40
43230079902709,12:00:30.079,36.6700,100
43230079902709,12:00:30.079,36.6700,92
43230079928313,12:00:30.079,36.6700,8
43230079928313,12:00:30.079,36.6700,53
43230117097294,12:00:30.117,36.6700,47
43230117097294,12:00:30.117,36.6700,100
43235027537525,12:00:35.027,36.6700,100
43237920628327,12:00:37.920,36.6700,100
43256284158453,12:00:56.284,36.6700,100
43256284158453,12:00:56.284,36.6700,100
43320171144074,12:02:00.171,36.6800,100
43320171144074,12:02:00.171,36.6800,100
43320223918859,12:02:00.223,36.6900,93
43321323338318,12:02:01.323,36.6900,100
43338780225023,12:02:18.780,36.7000,100
43338780225023,12:02:18.780,36.7000,300
43364954991405,12:02:44.954,36.7150,100
43364954991405,12:02:44.954,36.7200,100
43364956147744,12:02:44.956,36.7200,100
43364968266113,12:02:44.968,36.7200,100
43375375900723,12:02:55.375,36.7200,100
43375375900723,12:02:55.375,36.7200,100
43375381238874,12:02:55.381,36.7200,100
43375381238874,12:02:55.381,36.7200,100
43385595184649,12:03:05.595,36.7200,100
43388241131377,12:03:08.241,36.7300,2
43388283615465,12:03:08.283,36.7300,98
43388283615465,12:03:08.283,36.7300,300
43388283615465,12:03:08.283,36.7300,100
43388295348225,12:03:08.295,36.7300,100
43388295348225,12:03:08.295,36.7300,100
43403151515831,12:03:23.151,36.7300,100
43403152000919,12:03:23.152,36.7300,88
43403158030219,12:03:23.158,36.7300,88
43403158030219,12:03:23.158,36.7300,100
43458499478037,12:04:18.499,36.7300,100
43458499478037,12:04:18.499,36.7300,100
43458499478037,12:04:18.499,36.7300,100
43458499478037,12:04:18.499,36.7300,100
43458506559550,12:04:18.506,36.7300,200
43458506559550,12:04:18.506,36.7300,100
43511954845887,12:05:11.954,36.7300,100
43511954845887,12:05:11.954,36.7300,100
43512677965531,12:05:12.677,36.7400,100
43512677965531,12:05:12.677,36.7400,50
43512677965531,12:05:12.677,36.7400,37
43512678368700,12:05:12.678,36.7400,363
43515247412629,12:05:15.247,36.7450,100
43515247809759,12:05:15.247,36.7500,4
43515247891794,12:05:15.247,36.7500,77
43515282331086,12:05:15.282,36.7500,100
43528346096400,12:05:28.346,36.7500,100
43569136709492,12:06:09.136,36.7500,100
43569136709492,12:06:09.136,36.7500,100
43569136790144,12:06:09.136,36.7500,100
43596766261781,12:06:36.766,36.7600,100
43599904948565,12:06:39.904,36.7600,200
43599905847885,12:06:39.905,36.7700,100
43599905847885,12:06:39.905,36.7700,1
43599905847885,12:06:39.905,36.7700,100
43599905847885,12:06:39.905,36.7700,99
43599966955702,12:06:39.966,36.7700,200
43656103998453,12:07:36.103,36.7700,100
43656103998453,12:07:36.103,36.7700,100
43656103998453,12:07:36.103,36.7700,9
43656103998453,12:07:36.103,36.7700,100
43656104431533,12:07:36.104,36.7700,100
43656104431533,12:07:36.104,36.7700,100
43658071361416,12:07:38.071,36.7800,100
43658071361416,12:07:38.071,36.7800,300
43658173345010,12:07:38.173,36.7800,7
43658173345010,12:07:38.173,36.7800,93
43659805310147,12:07:39.805,36.7800,100
43660304999178,12:07:40.304,36.7750,100
43665165013497,12:07:45.165,36.7750,100
43683547353644,12:08:03.547,36.7800,100
43683547353644,12:08:03.547,36.7800,100
43690400741099,12:08:10.400,36.7800,23
43690863487088,12:08:10.863,36.7800,77
43707259376589,12:08:27.259,36.7800,100
43707259376589,12:08:27.259,36.7800,133
43744448294828,12:09:04.448,36.7800,67
43744448294828,12:09:04.448,36.7800,100
43744448294828,12:09:04.448,36.7800,133
43744448372657,12:09:04.448,36.7800,67
43744449601651,12:09:04.449,36.7800,100
43744449601651,12:09:04.449,36.7700,100
43744449631128,12:09:04.449,36.7700,200
43744449651594,12:09:04.449,36.7700,100
43744449651594,12:09:04.449,36.7700,4
43744449651594,12:09:04.449,36.7700,96
43744449653453,12:09:04.449,36.7700,4
43744449653453,12:09:04.449,36.7700,10
43744449902426,12:09:04.449,36.7700,200
43744449902426,12:09:04.449,36.7700,100
43744450016942,12:09:04.450,36.7700,200
43744450615719,12:09:04.450,36.7700,200
43744450907729,12:09:04.450,36.7700,100
43744450907729,12:09:04.450,36.7700,100
43744451715599,12:09:04.451,36.7700,100
43744576292542,12:09:04.576,36.7800,100
43770546925764,12:09:30.546,36.7800,100
43770546925764,12:09:30.546,36.7800,100
43770547311308,12:09:30.547,36.7800,68
43790873386964,12:09:50.873,36.7700,100
43790873386964,12:09:50.873,36.7700,200
43790873386964,12:09:50.873,36.7700,100
43793510698030,12:09:53.510,36.7600,100
43793510698030,12:09:53.510,36.7600,100
43793510698030,12:09:53.510,36.7600,100
43793510698030,12:09:53.510,36.7600,100
43793514711385,12:09:53.514,36.7500,100
43793514711385,12:09:53.514,36.7500,100
43794462831165,12:09:54.462,36.7500,200
43794462831165,12:09:54.462,36.7500,132
43794462831165,12:09:54.462,36.7500,100
43794462831165,12:09:54.462,36.7500,100
43794462831165,12:09:54.462,36.7500,68
43794463009631,12:09:54.463,36.7500,32
43794471823894,12:09:54.471,36.7500,100
43801368928208,12:10:01.368,36.7500,4
43801368980280,12:10:01.368,36.7500,28
43801368980280,12:10:01.368,36.7500,100
43801368980280,12:10:01.368,36.7500,100
43801375460018,12:10:01.375,36.7500,100
43801375460018,12:10:01.375,36.7500,100
43803037728436,12:10:03.037,36.7500,100
43803037728436,12:10:03.037,36.7500,100
43807896178663,12:10:07.896,36.7600,1
43860180230527,12:11:00.180,36.7600,99
43860180230527,12:11:00.180,36.7600,100
43860180230527,12:11:00.180,36.7600,100
43860180230527,12:11:00.180,36.7600,100
43860180288847,12:11:00.180,36.7600,9
43860954311458,12:11:00.954,36.7600,100
43867287411668,12:11:07.287,36.7600,100
43867287776127,12:11:07.287,36.7600,200
43867308965138,12:11:07.308,36.7500,100
43867308965138,12:11:07.308,36.7500,200
43867313151158,12:11:07.313,36.7400,100
43868412941876,12:11:08.412,36.7400,100
43868412941876,12:11:08.412,36.7400,100
43868412941876,12:11:08.412,36.7400,100
43868412941876,12:11:08.412,36.7400,200
43868534135194,12:11:08.534,36.7600,100
43868534135194,12:11:08.534,36.7600,100
43888334019056,12:11:28.334,36.7550,100
43890610510311,12:11:30.610,36.7550,100
43890610510311,12:11:30.610,36.7500,100
43890610510311,12:11:30.610,36.7500,100
43890610510311,12:11:30.610,36.7500,300
43890907726087,12:11:30.907,36.7600,41
43891678528915,12:11:31.678,36.7600,59
43891678528915,12:11:31.678,36.7600,100
43891678528915,12:11:31.678,36.7600,100
43892075656947,12:11:32.075,36.7600,6
43896070641396,12:11:36.070,36.7600,100
43896070665801,12:11:36.070,36.7600,100
43896070668002,12:11:36.070,36.7600,85
43896070668002,12:11:36.070,36.7700,100
43896070668002,12:11:36.070,36.7700,35
43905513019783,12:11:45.513,36.7650,100
43919019022196,12:11:59.019,36.7650,100
43945598560417,12:12:25.598,36.7600,100
43945599188370,12:12:25.599,36.7600,100
43945599188370,12:12:25.599,36.7600,5
43945599188370,12:12:25.599,36.7600,100
43951788710302,12:12:31.788,36.7600,100
43987934701580,12:13:07.934,36.7600,100
43987934701580,12:13:07.934,36.7600,100
44059427556439,12:14:19.427,36.7700,65
44059427556439,12:14:19.427,36.7700,100
44059427556439,12:14:19.427,36.7700,100
44059427659032,12:14:19.427,36.7700,100
44059427659032,12:14:19.427,36.7700,100
44059428049613,12:14:19.428,36.7700,3
44059433177920,12:14:19.433,36.7700,97
44059433177920,12:14:19.433,36.7700,3
44059433232860,12:14:19.433,36.7700,97
44061877030038,12:14:21.877,36.7700,100
44061878958746,12:14:21.878,36.7700,100
44061928521927,12:14:21.928,36.7800,100
44099783708986,12:14:59.783,36.7800,100
44157046083003,12:15:57.046,36.7800,1
44157046083003,12:15:57.046,36.7800,100
44157046083003,12:15:57.046,36.7800,100
44157046083003,12:15:57.046,36.7800,100
44157046083003,12:15:57.046,36.7800,100
44157046083003,12:15:57.046,36.7800,100
44157046083003,12:15:57.046,36.7800,1
44157046083003,12:15:57.046,36.7800,100
44171842322449,12:16:11.842,36.8000,10
44192940018515,12:16:32.940,36.8050,200
44258256759584,12:17:38.256,36.8100,10
44258256759584,12:17:38.256,36.8100,79
44258256951650,12:17:38.256,36.8100,9
44258258050786,12:17:38.258,36.8100,12
44264045199949,12:17:44.045,36.8000,100
44264045199949,12:17:44.045,36.8000,100
44264045199949,12:17:44.045,36.8000,5
44264045199949,12:17:44.045,36.8000,40
44264046329499,12:17:44.046,36.8000,60
44266514871547,12:17:46.514,36.7900,100
44266515693122,12:17:46.515,36.7900,100
44293908507015,12:18:13.908,36.7800,100
44293908507015,12:18:13.908,36.7800,6
44294512650900,12:18:14.512,36.7700,100
44320395713014,12:18:40.395,36.7700,100
44320395745325,12:18:40.395,36.7700,100
44320395745325,12:18:40.395,36.7700,100
44320431746464,12:18:40.431,36.7600,100
44320431746464,12:18:40.431,36.7600,100
44320442570573,12:18:40.442,36.7500,100
44320484720687,12:18:40.484,36.7500,100
44320484797245,12:18:40.484,36.7500,100
44327659287415,12:18:47.659,36.7500,200
44345841835144,12:19:05.841,36.7500,100
44345841835144,12:19:05.841,36.7500,100
44345841835144,12:19:05.841,36.7500,100
44345845872017,12:19:05.845,36.7400,100
44345845872017,12:19:05.845,36.7400,100
44345865411396,12:19:05.865,36.7300,100
44345865411396,12:19:05.865,36.7300,100
44345869935761,12:19:05.869,36.7300,17
44346667267196,12:19:06.667,36.7400,100
44346667891096,12:19:06.667,36.7500,100
44346669388655,12:19:06.669,36.7500,100
44346669388655,12:19:06.669,36.7500,100
44347675869785,12:19:07.675,36.7500,100
44361919578658,12:19:21.919,36.7500,33
44378959902793,12:19:38.959,36.7600,100
44378959902793,12:19:38.959,36.7600,100
44378959969416,12:19:38.959,36.7600,100
44380315358109,12:19:40.315,36.7700,10
44394258621127,12:19:54.258,36.7700,67
44394258621127,12:19:54.258,36.7700,96
44394258640075,12:19:54.258,36.7700,4
44399376263614,12:19:59.376,36.7700,4
44399376263614,12:19:59.376,36.7700,200
44408601401821,12:20:08.601,36.7800,19
44408601539976,12:20:08.601,36.7800,81
44408601539976,12:20:08.601,36.7800,100
44408601539976,12:20:08.601,36.7800,100
44423047669111,12:20:23.047,36.7900,100
44423047726971,12:20:23.047,36.7900,2
44470348864793,12:21:10.348,36.7900,100
44479957072117,12:21:19.957,36.7900,1
44509834400344,12:21:49.834,36.7900,99
44509834400344,12:21:49.834,36.7900,1
44509834855332,12:21:49.834,36.7900,69
44509834884545,12:21:49.834,36.7900,30
44524487576447,12:22:04.487,36.8000,100
44541387085183,12:22:21.387,36.8100,100
44541387085183,12:22:21.387,36.8100,100
44541387402464,12:22:21.387,36.8100,100
44548511455643,12:22:28.511,36.8000,6
44606085559557,12:23:26.085,36.7700,100
44623304107571,12:23:43.304,36.7600,100
44650234897060,12:24:10.234,36.7500,1
44650234897060,12:24:10.234,36.7500,100
44650234897060,12:24:10.234,36.7500,100
44650256243897,12:24:10.256,36.7600,100
44650256243897,12:24:10.256,36.7600,100
44689065632058,12:24:49.065,36.7500,8
44689065632058,12:24:49.065,36.7500,100
44701069428713,12:25:01.069,36.7500,100
44706786421731,12:25:06.786,36.7600,100
44706786421731,12:25:06.786,36.7600,36
44706786459543,12:25:06.786,36.7600,54
44706786471528,12:25:06.786,36.7600,10
44727654464413,12:25:27.654,36.7600,63
44727654487995,12:25:27.654,36.7600,37
44763223545076,12:26:03.223,36.7700,100
44763223545076,12:26:03.223,36.7700,100
44763223545076,12:26:03.223,36.7700,100
44763270699416,12:26:03.270,36.7800,64
44767131701551,12:26:07.131,36.7800,36
44767131701551,12:26:07.131,36.7800,64
44767131793957,12:26:07.131,36.7800,36
44767131793957,12:26:07.131,36.7800,100
44780865133855,12:26:20.865,36.7900,24
44785838898143,12:26:25.838,36.7900,76
44785843186767,12:26:25.843,36.7900,100
44785843186767,12:26:25.843,36.7900,100
44791637941093,12:26:31.637,36.7800,95
44791637968624,12:26:31.637,36.7800,5
44791637968624,12:26:31.637,36.7800,100
44791637968624,12:26:31.637,36.7800,6
44791638271663,12:26:31.638,36.7800,100
44791638271663,12:26:31.638,36.7800,100
44865528795676,12:27:45.528,36.7600,100
44865528795676,12:27:45.528,36.7600,200
44870531240814,12:27:50.531,36.7400,100
44872027939539,12:27:52.027,36.7300,100
44872030707329,12:27:52.030,36.7300,200
44872030707329,12:27:52.030,36.7300,100
44873786654039,12:27:53.786,36.7300,100
44873786654039,12:27:53.786,36.7300,100
44878796884910,12:27:58.796,36.7200,100
44878797708137,12:27:58.797,36.7200,100
44878797708137,12:27:58.797,36.7200,100
44878797781262,12:27:58.797,36.7200,16
44879640936399,12:27:59.640,36.7300,100
44879640936399,12:27:59.640,36.7300,100
44879640936399,12:27:59.640,36.7300,100
44900534525944,12:28:20.534,36.7300,100
44910881420289,12:28:30.881,36.7300,100
44914436046742,12:28:34.436,36.7300,5
44914436046742,12:28:34.436,36.7300,200
44914458719749,12:28:34.458,36.7300,100
45005321023568,12:30:05.321,36.7250,100
45007519131334,12:30:07.519,36.7200,3
45012064502140,12:30:12.064,36.7300,100
45012064502140,12:30:12.064,36.7300,100
45012064502140,12:30:12.064,36.7300,100
45016401940639,12:30:16.401,36.7400,2
45017066364635,12:30:17.066,36.7400,96
45017066440105,12:30:17.066,36.7400,2
45017066440105,12:30:17.066,36.7400,100
45017066440105,12:30:17.066,36.7400,2
45017928793170,12:30:17.928,36.7400,98
45017928793170,12:30:17.928,36.7400,100
45017928793170,12:30:17.928,36.7400,100
45017928793170,12:30:17.928,36.7400,100
45127258495789,12:32:07.258,36.7400,15
45127258495789,12:32:07.258,36.7400,100
45127258495789,12:32:07.258,36.7400,5
45132300165465,12:32:12.300,36.7400,100
45132300165465,12:32:12.300,36.7400,100
45197249037049,12:33:17.249,36.7400,3
45197249037049,12:33:17.249,36.7400,100
45215720112715,12:33:35.720,36.7400,23
45257752255652,12:34:17.752,36.7300,100
45257752255652,12:34:17.752,36.7300,100
45257752255652,12:34:17.752,36.7300,5
45305645853328,12:35:05.645,36.7300,100
45305645853328,12:35:05.645,36.7300,100
45316396334892,12:35:16.396,36.7200,100
45325376821332,12:35:25.376,36.7200,100
45374423350879,12:36:14.423,36.7100,200
45374423350879,12:36:14.423,36.7100,4
45423969390432,12:37:03.969,36.7100,84
45427156513996,12:37:07.156,36.7100,100
45427156756063,12:37:07.156,36.7100,16
45569169967892,12:39:29.169,36.7100,100
45569169967892,12:39:29.169,36.7100,100
45569169967892,12:39:29.169,36.7100,100
45569170577720,12:39:29.170,36.7100,200
45569170577720,12:39:29.170,36.7100,100
45569212492979,12:39:29.212,36.7100,100
45577457798177,12:39:37.457,36.7100,9
45577457826081,12:39:37.457,36.7100,91
45577469584253,12:39:37.469,36.7000,200
45601593694510,12:40:01.593,36.7000,100
45601593694510,12:40:01.593,36.7000,100
45601593694510,12:40:01.593,36.7000,100
45670463946616,12:41:10.463,36.7100,100
45670463946616,12:41:10.463,36.7100,200
45670463946616,12:41:10.463,36.7100,100
45670464029059,12:41:10.464,36.7100,100
45708541883710,12:41:48.541,36.7000,200
45708541883710,12:41:48.541,36.7000,5
45805879872533,12:43:25.879,36.6900,100
45805879872533,12:43:25.879,36.6900,200
45805879872533,12:43:25.879,36.6900,1
45805879872533,12:43:25.879,36.6900,6
45829968335060,12:43:49.968,36.6800,100
45843979732502,12:44:03.979,36.6600,8
45854012244200,12:44:14.012,36.6500,100
45854012310285,12:44:14.012,36.6500,100
45854012345370,12:44:14.012,36.6500,68
45854012737625,12:44:14.012,36.6500,100
45854012782311,12:44:14.012,36.6500,32
45865648502633,12:44:25.648,36.6500,1
45865648502633,12:44:25.648,36.6500,100
45865648502633,12:44:25.648,36.6500,100
45925682699585,12:45:25.682,36.6500,29
46015579275623,12:46:55.579,36.6500,71
46015579275623,12:46:55.579,36.6500,29
46017407349085,12:46:57.407,36.6500,71
46017407349085,12:46:57.407,36.6500,100
46017407349085,12:46:57.407,36.6500,100
46017407349085,12:46:57.407,36.6500,100
46017411804355,12:46:57.411,36.6500,8
46035225667418,12:47:15.225,36.6600,100
46035225667418,12:47:15.225,36.6600,100
46046625418283,12:47:26.625,36.6600,100
46075648156198,12:47:55.648,36.6600,100
46129913795672,12:48:49.913,36.6600,100
46129913795672,12:48:49.913,36.6600,100
46129913795672,12:48:49.913,36.6600,100
46129913915603,12:48:49.913,36.6600,69
46129914214969,12:48:49.914,36.6600,100
46145251030053,12:49:05.251,36.6700,100
46158845867537,12:49:18.845,36.6700,100
46158845867537,12:49:18.845,36.6700,100
46158845867537,12:49:18.845,36.6700,100
46331953018401,12:52:11.953,36.6800,20
46331953018401,12:52:11.953,36.6800,4
46369888841357,12:52:49.888,36.6800,24
46369889018432,12:52:49.889,36.6800,128
46369889608895,12:52:49.889,36.6800,144
46428266916225,12:53:48.266,36.6800,100
46428266916225,12:53:48.266,36.6800,100
46428297269435,12:53:48.297,36.6600,100
46429342607894,12:53:49.342,36.6600,86
46429342734842,12:53:49.342,36.6600,14
46429342734842,12:53:49.342,36.6600,51
46444612399767,12:54:04.612,36.6600,100
46444612399767,12:54:04.612,36.6600,10
46500305047660,12:55:00.305,36.6500,100
46510858725021,12:55:10.858,36.6400,100
46510858725021,12:55:10.858,36.6400,100
46519304075787,12:55:19.304,36.6400,100
46531098719413,12:55:31.098,36.6300,53
46531099149065,12:55:31.099,36.6300,47
46562754280532,12:56:02.754,36.6200,100
46562754280532,12:56:02.754,36.6200,100
46562799900520,12:56:02.799,36.6300,200
46574263812482,12:56:14.263,36.6400,100
46574265134795,12:56:14.265,36.6400,100
46625301264933,12:57:05.301,36.6400,100
46625301264933,12:57:05.301,36.6400,49
46625301300332,12:57:05.301,36.6400,51
46648343084599,12:57:28.343,36.6400,100
46648343084599,12:57:28.343,36.6400,9
46648345746076,12:57:28.345,36.6300,25
46648345769787,12:57:28.345,36.6300,75
46648358164289,12:57:28.358,36.6300,100
46686788862634,12:58:06.788,36.6300,100
46686788862634,12:58:06.788,36.6300,100
46686788862634,12:58:06.788,36.6300,173
46686788862634,12:58:06.788,36.6300,100
46692021724797,12:58:12.021,36.6400,70
46692022193439,12:58:12.022,36.6400,7
46741290298989,12:59:01.290,36.6300,6
46792306845855,12:59:52.306,36.6400,23
46792306845855,12:59:52.306,36.6400,100
46816808395618,13:00:16.808,36.6400,100
46816808395618,13:00:16.808,36.6400,9
46821398184637,13:00:21.398,36.6300,14
46943079106117,13:02:23.079,36.6400,100
46945052767108,13:02:25.052,36.6500,10
46945052767108,13:02:25.052,36.6500,300
46947912855695,13:02:27.912,36.6600,100
46964945056623,13:02:44.945,36.6600,100
46964945056623,13:02:44.945,36.6600,10
46964973806744,13:02:44.973,36.6600,100
46964973806744,13:02:44.973,36.6600,19
46964974373332,13:02:44.974,36.6600,9
47015007783806,13:03:35.007,36.6600,45
47015007783806,13:03:35.007,36.6600,55
47021375118227,13:03:41.375,36.6700,99
47100986106134,13:05:00.986,36.6600,145
47100986106134,13:05:00.986,36.6600,55
47116718036691,13:05:16.718,36.6700,100
47116718036691,13:05:16.718,36.6700,73
47116718052278,13:05:16.718,36.6700,27
47116718052278,13:05:16.718,36.6700,7
47125741207190,13:05:25.741,36.6700,100
47125741207190,13:05:25.741,36.6700,100
47126468455165,13:05:26.468,36.6600,45
47126468455165,13:05:26.468,36.6600,86
47126468455165,13:05:26.468,36.6600,11
47127237868021,13:05:27.237,36.6500,100
47127237868021,13:05:27.237,36.6500,100
47127300357975,13:05:27.300,36.6500,86
47127301048281,13:05:27.301,36.6500,114
47127301048281,13:05:27.301,36.6500,100
47127414644628,13:05:27.414,36.6500,100
47128060629606,13:05:28.060,36.6400,100
47128060629606,13:05:28.060,36.6400,100
47128060629606,13:05:28.060,36.6400,100
47128220107759,13:05:28.220,36.6300,100
47128220107759,13:05:28.220,36.6300,100
47128220107759,13:05:28.220,36.6300,100
47128220107759,13:05:28.220,36.6300,100
47128220653115,13:05:28.220,36.6300,100
47128231281923,13:05:28.231,36.6300,100
47131653220338,13:05:31.653,36.6400,1
47138779304463,13:05:38.779,36.6400,99
47138779304463,13:05:38.779,36.6400,1
47139555080456,13:05:39.555,36.6400,99
47264008228411,13:07:44.008,36.6400,100
47264008228411,13:07:44.008,36.6400,300
47264008268656,13:07:44.008,36.6400,11
47305218121384,13:08:25.218,36.6400,100
47305218341884,13:08:25.218,36.6400,100
47305218341884,13:08:25.218,36.6400,100
47305218444361,13:08:25.218,36.6400,200
47305218494168,13:08:25.218,36.6400,100
47305218494168,13:08:25.218,36.6400,100
47305218534718,13:08:25.218,36.6400,96
47305334489670,13:08:25.334,36.6400,4
47305334489670,13:08:25.334,36.6400,96
47332715223460,13:08:52.715,36.6400,14
47332720821598,13:08:52.720,36.6400,100
47334974320798,13:08:54.974,36.6400,186
47334974320798,13:08:54.974,36.6400,100
47334974320798,13:08:54.974,36.6400,11
47337326273597,13:08:57.326,36.6300,100
47337326273597,13:08:57.326,36.6300,100
47337326273597,13:08:57.326,36.6300,300
47337376852108,13:08:57.376,36.6300,100
47337376852108,13:08:57.376,36.6300,100
47350961980369,13:09:10.961,36.6200,100
47350961980369,13:09:10.961,36.6200,100
47350961980369,13:09:10.961,36.6200,300
47350961980369,13:09:10.961,36.6200,100
47350961980369,13:09:10.961,36.6100,100
47350961980369,13:09:10.961,36.6100,100
47350961980369,13:09:10.961,36.6100,345
47350961980369,13:09:10.961,36.6000,100
47350961980369,13:09:10.961,36.6000,100
47350961980369,13:09:10.961,36.6000,100
47350963471890,13:09:10.963,36.6000,14
47350963530248,13:09:10.963,36.6000,86
47350963530248,13:09:10.963,36.6000,62
47350963567340,13:09:10.963,36.6000,38
47350963739146,13:09:10.963,36.6100,100
47350970299636,13:09:10.970,36.6000,100
47351469952082,13:09:11.469,36.5900,100
47351469952082,13:09:11.469,36.5900,100
47358151871618,13:09:18.151,36.5900,100
47358151871618,13:09:18.151,36.5900,100
47358782788622,13:09:18.782,36.5900,100
47364407775140,13:09:24.407,36.5900,100
47381000937204,13:09:41.000,36.5700,100
47381000937204,13:09:41.000,36.5700,100
47381000937204,13:09:41.000,36.5600,100
47381267791415,13:09:41.267,36.5500,100
47381267791415,13:09:41.267,36.5500,100
47383062354845,13:09:43.062,36.5500,1
47383420758961,13:09:43.420,36.5600,200
47383420758961,13:09:43.420,36.5600,100
47383700072317,13:09:43.700,36.5500,146
47384487760961,13:09:44.487,36.5500,100
47384487760961,13:09:44.487,36.5500,100
47391082909255,13:09:51.082,36.5400,146
47391082909255,13:09:51.082,36.5300,100
47391082909255,13:09:51.082,36.5200,100
47391082909255,13:09:51.082,36.5100,100
47391082909255,13:09:51.082,36.5000,100
47391082909255,13:09:51.082,36.5000,100
47391082909255,13:09:51.082,36.5000,200
47391082909255,13:09:51.082,36.5000,100
47391090187124,13:09:51.090,36.5000,100
47391090187124,13:09:51.090,36.5000,100
47391090187124,13:09:51.090,36.5000,100
47391090187124,13:09:51.090,36.5000,100
47391090187124,13:09:51.090,36.5000,100
47391090187124,13:09:51.090,36.5000,100
47391090566488,13:09:51.090,36.5000,100
47391090566488,13:09:51.090,36.5100,100
47391098364365,13:09:51.098,36.5000,100
47393619195196,13:09:53.619,36.5000,100
47393619195196,13:09:53.619,36.5000,59
47393619195196,13:09:53.619,36.5000,100
47394232043619,13:09:54.232,36.4900,100
47400051709086,13:10:00.051,36.4900,100
47400051709086,13:10:00.051,36.4900,100
47400052298894,13:10:00.052,36.4900,100
47400052298894,13:10:00.052,36.4900,100
47400052298894,13:10:00.052,36.4900,100
47400577126960,13:10:00.577,36.5000,100
47400577126960,13:10:00.577,36.5000,200
47400577126960,13:10:00.577,36.5000,100
47400577126960,13:10:00.577,36.5000,100
47400577126960,13:10:00.577,36.5000,196
47400580379596,13:10:00.580,36.5000,100
47400734326212,13:10:00.734,36.4900,100
47401098347445,13:10:01.098,36.4800,100
47401098347445,13:10:01.098,36.4800,100
47401099530756,13:10:01.099,36.4800,200
47401099582895,13:10:01.099,36.4800,100
47401100560830,13:10:01.100,36.4900,100
47401102106846,13:10:01.102,36.4900,200
47401102106846,13:10:01.102,36.4900,100
47401102106846,13:10:01.102,36.4800,100
47401102106846,13:10:01.102,36.4800,100
47401102106846,13:10:01.102,36.4800,100
47401102106846,13:10:01.102,36.4800,100
47401103208141,13:10:01.103,36.4800,45
47401104128714,13:10:01.104,36.4800,55
47401104128714,13:10:01.104,36.4800,100
47405101679427,13:10:05.101,36.5000,100
47405101679427,13:10:05.101,36.5000,100
47405102372139,13:10:05.102,36.5000,100
47405102372139,13:10:05.102,36.5000,100
47405102372139,13:10:05.102,36.5000,100
47405134718462,13:10:05.134,36.5000,100
47405134718462,13:10:05.134,36.5000,200
47405134718462,13:10:05.134,36.5000,100
47408279909339,13:10:08.279,36.5100,100
47408279909339,13:10:08.279,36.5100,100
47408279909339,13:10:08.279,36.5100,10
47408279909339,13:10:08.279,36.5100,8
47408279909339,13:10:08.279,36.5100,184
47414005783966,13:10:14.005,36.5200,100
47414005783966,13:10:14.005,36.5200,10
47420318385904,13:10:20.318,36.5200,16
47456003827748,13:10:56.003,36.5100,100
47456003827748,13:10:56.003,36.5100,100
47456003827748,13:10:56.003,36.5100,7
47456007538248,13:10:56.007,36.5100,91
47523019742274,13:12:03.019,36.5100,2
47523019883235,13:12:03.019,36.5000,147
47523026020367,13:12:03.026,36.5000,100
47523030556827,13:12:03.030,36.5000,100
47524128819242,13:12:04.128,36.5000,100
47545310791707,13:12:25.310,36.5100,100
47545310791707,13:12:25.310,36.5100,100
47555475524203,13:12:35.475,36.5100,100
47556087009831,13:12:36.087,36.5100,100
47569495550862,13:12:49.495,36.5100,76
47599435908743,13:13:19.435,36.5200,84
47599435968225,13:13:19.435,36.5200,16
47599436600587,13:13:19.436,36.5300,100
47599436600587,13:13:19.436,36.5300,100
47601113311599,13:13:21.113,36.5300,100
47601113336159,13:13:21.113,36.5300,28
47601113380329,13:13:21.113,36.5300,72
47601113380329,13:13:21.113,36.5300,28
47601113741920,13:13:21.113,36.5300,72
47601113741920,13:13:21.113,36.5300,100
47601113765262,13:13:21.113,36.5300,90
47601295557800,13:13:21.295,36.5300,10
47601295924555,13:13:21.295,36.5400,11
47601296142059,13:13:21.296,36.5400,189
47601297854354,13:13:21.297,36.5500,100
47601297854354,13:13:21.297,36.5500,100
47601297854354,13:13:21.297,36.5500,10
47601297854354,13:13:21.297,36.5500,100
47717841823654,13:15:17.841,36.5500,100
47717943161396,13:15:17.943,36.5500,200
47717943161396,13:15:17.943,36.5500,100
47717943161396,13:15:17.943,36.5500,100
47762426807153,13:16:02.426,36.5700,131
47762426832313,13:16:02.426,36.5700,8
47762426962496,13:16:02.426,36.5700,48
47762427357038,13:16:02.427,36.5700,13
47762496702459,13:16:02.496,36.5800,300
47762496702459,13:16:02.496,36.5800,10
47762800602559,13:16:02.800,36.5800,100
47762800602559,13:16:02.800,36.5800,100
47773473938657,13:16:13.473,36.5700,100
47773473938657,13:16:13.473,36.5700,13
47773473938657,13:16:13.473,36.5700,200
47891292953406,13:18:11.292,36.5600,13
47893299879973,13:18:13.299,36.5500,100
47893299879973,13:18:13.299,36.5500,100
47893321012957,13:18:13.321,36.5500,86
47893321863946,13:18:13.321,36.5500,14
47921083664064,13:18:41.083,36.5500,100
48020515541464,13:20:20.515,36.5100,1
48020515541464,13:20:20.515,36.5100,200
48020515541464,13:20:20.515,36.5100,100
48020515624718,13:20:20.515,36.5100,100
48020515649509,13:20:20.515,36.5100,100
48020654030872,13:20:20.654,36.5200,100
48020654030872,13:20:20.654,36.5200,171
48020654030872,13:20:20.654,36.5200,7
48033404659317,13:20:33.404,36.5200,100
48053140665020,13:20:53.140,36.5200,200
48059527569237,13:20:59.527,36.5300,100
48078940855056,13:21:18.940,36.5400,100
48078940855056,13:21:18.940,36.5400,10
48079700327187,13:21:19.700,36.5500,100
48084192430417,13:21:24.192,36.5600,1
48084192507978,13:21:24.192,36.5600,7
48084192532172,13:21:24.192,36.5600,92
48084192532172,13:21:24.192,36.5600,100
48094487108809,13:21:34.487,36.5700,100
48094487108809,13:21:34.487,36.5700,1
48094487108809,13:21:34.487,36.5700,40
48099926269356,13:21:39.926,36.5800,100
48108264092288,13:21:48.264,36.5900,100
48121484468539,13:22:01.484,36.5900,16
48131213772574,13:22:11.213,36.5800,100
48131213772574,13:22:11.213,36.5800,100
48131213772574,13:22:11.213,36.5800,100
48131213772574,13:22:11.213,36.5800,14
48131217172178,13:22:11.217,36.5700,100
48134019715989,13:22:14.019,36.5700,100
48170257784665,13:22:50.257,36.5800,100
48180512959074,13:23:00.512,36.5800,50
48180512972893,13:23:00.512,36.5800,48
48180512984439,13:23:00.512,36.5800,2
48180515103312,13:23:00.515,36.5800,15
48186527216928,13:23:06.527,36.5800,100
48186527216928,13:23:06.527,36.5800,100
48190391760371,13:23:10.391,36.5900,100
48190391760371,13:23:10.391,36.5900,100
48274070947982,13:24:34.070,36.5800,100
48274070947982,13:24:34.070,36.5800,100
48274075317480,13:24:34.075,36.5900,100
48274080086608,13:24:34.080,36.6000,100
48291845537642,13:24:51.845,36.5900,4
48291845593875,13:24:51.845,36.5900,48
48291847495230,13:24:51.847,36.5900,48
48291847495230,13:24:51.847,36.5900,24
48304962302587,13:25:04.962,36.5800,14
48305002162435,13:25:05.002,36.5700,54
48305002194109,13:25:05.002,36.5700,46
48305002901560,13:25:05.002,36.5600,70
48305008837627,13:25:05.008,36.5700,100
48305025595466,13:25:05.025,36.5600,8
48305026079176,13:25:05.026,36.5600,22
48305027547230,13:25:05.027,36.5600,100
48305027618467,13:25:05.027,36.5600,100
48305027618467,13:25:05.027,36.5600,48
48305027623158,13:25:05.027,36.5600,52
48305028746248,13:25:05.028,36.5600,54
48305044141261,13:25:05.044,36.5600,108
48341282828712,13:25:41.282,36.5600,21
48374378884229,13:26:14.378,36.5700,100
48374378884229,13:26:14.378,36.5700,100
48374378884229,13:26:14.378,36.5700,100
48389020440236,13:26:29.020,36.5700,100
48389121590319,13:26:29.121,36.5700,62
48389121590319,13:26:29.121,36.5700,100
48389121614236,13:26:29.121,36.5700,70
48389129383959,13:26:29.129,36.5700,30
48391909448808,13:26:31.909,36.5800,100
48398069053327,13:26:38.069,36.5900,15
48398069519170,13:26:38.069,36.5900,5
48404530721422,13:26:44.530,36.6000,100
48404530721422,13:26:44.530,36.6000,100
48458409521384,13:27:38.409,36.6000,100
48490300894032,13:28:10.300,36.5900,100
48490300894032,13:28:10.300,36.5900,15
48499259956974,13:28:19.259,36.5900,100
48499331980913,13:28:19.331,36.6000,100
48499332383944,13:28:19.332,36.6000,11
48499332995418,13:28:19.332,36.6000,89
48555726849444,13:29:15.726,36.6100,10
48555726849444,13:29:15.726,36.6100,100
48555726849444,13:29:15.726,36.6100,100
48584991452247,13:29:44.991,36.6100,100
48627910892427,13:30:27.910,36.6100,200
48627911020535,13:30:27.911,36.6100,7
48666813239323,13:31:06.813,36.6200,13
48671413670188,13:31:11.413,36.6200,100
48696563602465,13:31:36.563,36.6100,200
48696563602465,13:31:36.563,36.6100,100
48696563602465,13:31:36.563,36.6100,16
48696564924257,13:31:36.564,36.6000,100
48717828836827,13:31:57.828,36.6000,100
48717828836827,13:31:57.828,36.6000,100
48717828864387,13:31:57.828,36.6000,31
48717830348531,13:31:57.830,36.6000,7
48725350090096,13:32:05.350,36.6000,100
48785845398430,13:33:05.845,36.6100,100
48785845398430,13:33:05.845,36.6100,100
48867997234550,13:34:27.997,36.6100,100
48867997234550,13:34:27.997,36.6100,100
48877173526164,13:34:37.173,36.6100,50
48877173552730,13:34:37.173,36.6100,50
48884511508540,13:34:44.511,36.6000,15
48884511508540,13:34:44.511,36.6000,85
48884511534436,13:34:44.511,36.6000,115
48884527451598,13:34:44.527,36.5900,100
48884527451598,13:34:44.527,36.5900,100
48884527451598,13:34:44.527,36.5900,100
48908248256326,13:35:08.248,36.6000,200
48956922076530,13:35:56.922,36.6100,13
48956982468838,13:35:56.982,36.6100,87
48976994074047,13:36:16.994,36.6200,11
48976994144446,13:36:16.994,36.6200,40
48977039056134,13:36:17.039,36.6200,36
48977039056134,13:36:17.039,36.6200,64
48977039120007,13:36:17.039,36.6200,36
48994846009191,13:36:34.846,36.6200,100
49015670134487,13:36:55.670,36.6300,1
49067227426779,13:37:47.227,36.6300,100
49067227426779,13:37:47.227,36.6300,100
49067956392095,13:37:47.956,36.6400,100
49067956392095,13:37:47.956,36.6400,88
49067956417270,13:37:47.956,36.6400,12
49121494428336,13:38:41.494,36.6500,4
49158526765849,13:39:18.526,36.6500,100
49158526765849,13:39:18.526,36.6500,100
49162959435688,13:39:22.959,36.6600,100
49162959537531,13:39:22.959,36.6600,25
49169023670148,13:39:29.023,36.6500,11
49169023990037,13:39:29.023,36.6500,39
49169023990037,13:39:29.023,36.6500,100
49169024320683,13:39:29.024,36.6500,100
49169024393124,13:39:29.024,36.6500,100
49344865796384,13:42:24.865,36.6400,100
49344865796384,13:42:24.865,36.6400,100
49344865796384,13:42:24.865,36.6400,200
49344865837490,13:42:24.865,36.6400,100
49344865837490,13:42:24.865,36.6400,10
49344865841368,13:42:24.865,36.6400,100
49344868815597,13:42:24.868,36.6300,100
49344900554789,13:42:24.900,36.6300,100
49388528055496,13:43:08.528,36.6400,100
49388528055496,13:43:08.528,36.6400,178
49388528055496,13:43:08.528,36.6400,100
49388528055496,13:43:08.528,36.6400,90
49388528127203,13:43:08.528,36.6400,10
49409420209024,13:43:29.420,36.6500,100
49409420209024,13:43:29.420,36.6500,100
49409420283096,13:43:29.420,36.6500,100
49411227982675,13:43:31.227,36.6400,100
49419648228153,13:43:39.648,36.6500,89
49419648668149,13:43:39.648,36.6500,11
49509649858757,13:45:09.649,36.6400,100
49509649947749,13:45:09.649,36.6400,10
49509663482990,13:45:09.663,36.6300,100
49513218952114,13:45:13.218,36.6300,100
49626896069034,13:47:06.896,36.6300,13
49652754823288,13:47:32.754,36.6200,95
49652755283191,13:47:32.755,36.6200,5
49652755283191,13:47:32.755,36.6200,9
49653178130049,13:47:33.178,36.6100,100
49675059466479,13:47:55.059,36.6000,100
49682838236539,13:48:02.838,36.5900,100
49690851762995,13:48:10.851,36.6000,200
49690851762995,13:48:10.851,36.6000,8
49697707699903,13:48:17.707,36.6100,41
49719987258588,13:48:39.987,36.6100,176
49719987258588,13:48:39.987,36.6100,40
49771443734297,13:49:31.443,36.6100,2
49796938126007,13:49:56.938,36.6100,1
49885776691214,13:51:25.776,36.6100,18
49885776691214,13:51:25.776,36.6100,9
49922620759719,13:52:02.620,36.5800,100
49927064164638,13:52:07.064,36.5900,100
49927064164638,13:52:07.064,36.5900,100
49927064164638,13:52:07.064,36.5900,100
49983838613940,13:53:03.838,36.5900,100
50008989884713,13:53:28.989,36.5900,200
50008989884713,13:53:28.989,36.5900,191
50064717946408,13:54:24.717,36.5900,47
50081680288712,13:54:41.680,36.6000,1
50103471821881,13:55:03.471,36.5900,13
50140732560657,13:55:40.732,36.5800,59
50140732560657,13:55:40.732,36.5800,14
50140732630388,13:55:40.732,36.5800,3
50146120777922,13:55:46.120,36.5700,100
50146120777922,13:55:46.120,36.5700,100
50201639514577,13:56:41.639,36.5600,13
50201639514577,13:56:41.639,36.5600,87
50201639541420,13:56:41.639,36.5600,13
50220020701428,13:57:00.020,36.5600,100
50220020701428,13:57:00.020,36.5600,200
50220020726494,13:57:00.020,36.5600,67
50221023095518,13:57:01.023,36.5700,200
50221023095518,13:57:01.023,36.5700,100
50221023095518,13:57:01.023,36.5700,100
50261897548667,13:57:41.897,36.5500,100
50261897548667,13:57:41.897,36.5500,100
50261897548667,13:57:41.897,36.5500,100
50261897548667,13:57:41.897,36.5500,100
50261898135179,13:57:41.898,36.5500,8
50261942457261,13:57:41.942,36.5500,92
50261942457261,13:57:41.942,36.5500,8
50292981894185,13:58:12.981,36.5600,138
50292981894185,13:58:12.981,36.5600,62
50292981991063,13:58:12.981,36.5600,38
50292981991063,13:58:12.981,36.5600,100
50331294750701,13:58:51.294,36.5600,100
50331294750701,13:58:51.294,36.5600,87
50331668933371,13:58:51.668,36.5400,100
50331668933371,13:58:51.668,36.5400,100
50340153775371,13:59:00.153,36.5300,3
50340153799630,13:59:00.153,36.5300,97
50352951362046,13:59:12.951,36.5300,1
50402686771564,14:00:02.686,36.5200,13
50402687119485,14:00:02.687,36.5200,41
50402687466695,14:00:02.687,36.5200,46
50402687466695,14:00:02.687,36.5200,100
50402691622668,14:00:02.691,36.5100,13
50402692129099,14:00:02.692,36.5100,95
50402709538791,14:00:02.709,36.5400,200
50402709538791,14:00:02.709,36.5400,100
50402724589063,14:00:02.724,36.5200,100
50402814448117,14:00:02.814,36.5300,100
50403124297904,14:00:03.124,36.5500,100
50403124297904,14:00:03.124,36.5500,100
50403127242658,14:00:03.127,36.5600,10
50403150036670,14:00:03.150,36.5700,200
50403150036670,14:00:03.150,36.5700,10
50403187336808,14:00:03.187,36.5600,100
50403199697176,14:00:03.199,36.5800,100
50403199697176,14:00:03.199,36.5800,1
50403907421333,14:00:03.907,36.5600,100
50407344423416,14:00:07.344,36.5800,100
50408993639639,14:00:08.993,36.5800,100
50408993639639,14:00:08.993,36.5900,200
50408993639639,14:00:08.993,36.5900,10
50408993639639,14:00:08.993,36.5900,200
50408993914870,14:00:08.993,36.5900,53
50408994014481,14:00:08.994,36.5900,47
50408994764159,14:00:08.994,36.6000,99
50408994764159,14:00:08.994,36.6000,10
50409003633594,14:00:09.003,36.6100,10
50409060823004,14:00:09.060,36.6200,134
50409061178568,14:00:09.061,36.6200,66
50409061178568,14:00:09.061,36.6200,10
50409574676603,14:00:09.574,36.5800,100
50411709040459,14:00:11.709,36.6100,10
50413011925792,14:00:13.011,36.6300,100
50413012642345,14:00:13.012,36.6400,100
50413012642345,14:00:13.012,36.6400,10
50413014250280,14:00:13.014,36.6500,76
50413014291266,14:00:13.014,36.6500,24
50413014291266,14:00:13.014,36.6500,1
50413064236925,14:00:13.064,36.6700,100
50413260397365,14:00:13.260,36.6800,100
50413261094520,14:00:13.261,36.6800,10
50423322831623,14:00:23.322,36.6400,100
50423324680208,14:00:23.324,36.6300,100
50423352948370,14:00:23.352,36.6300,100
50427477850880,14:00:27.477,36.6300,100
50427503192933,14:00:27.503,36.6300,100
50431741321201,14:00:31.741,36.6300,86
50431741332917,14:00:31.741,36.6300,14
50442135045996,14:00:42.135,36.6400,100
50442135045996,14:00:42.135,36.6400,100
50442136658560,14:00:42.136,36.6400,100
50444868148237,14:00:44.868,36.6500,100
50446509584613,14:00:46.509,36.6400,17
50456876017745,14:00:56.876,36.6600,147
50456876027723,14:00:56.876,36.6600,50
50456876030216,14:00:56.876,36.6600,3
50462133603297,14:01:02.133,36.6700,100
50462133603297,14:01:02.133,36.6700,100
50465547758981,14:01:05.547,36.6900,10
50465548020438,14:01:05.548,36.7000,3
50465670001583,14:01:05.670,36.7100,100
50466705620722,14:01:06.705,36.7000,86
50471954793776,14:01:11.954,36.6600,100
50471957270368,14:01:11.957,36.6700,85
50471957455130,14:01:11.957,36.6700,15
50472024625254,14:01:12.024,36.6800,100
50472215024293,14:01:12.215,36.6900,54
50472215107322,14:01:12.215,36.6900,63
50491224199912,14:01:31.224,36.7000,100
50496085531277,14:01:36.085,36.7200,100
50496088733959,14:01:36.088,36.7400,15
50496088819520,14:01:36.088,36.7400,85
50537067235148,14:02:17.067,36.6900,18
50537449916427,14:02:17.449,36.6700,100
50537827544560,14:02:17.827,36.6500,100
50562178282206,14:02:42.178,36.6800,100
50562958073746,14:02:42.958,36.6800,100
50574625657604,14:02:54.625,36.7000,100
50574625657604,14:02:54.625,36.7000,100
50578496280349,14:02:58.496,36.7000,41
50603294090368,14:03:23.294,36.7400,100
50640907603752,14:04:00.907,36.7500,200
50642384804194,14:04:02.384,36.7600,99
50642384837732,14:04:02.384,36.7600,1
50642385240148,14:04:02.385,36.7600,2
50648878874432,14:04:08.878,36.7500,100
50648879407458,14:04:08.879,36.7500,100
50648879407458,14:04:08.879,36.7500,100
50648879407458,14:04:08.879,36.7500,413
50648880756382,14:04:08.880,36.7600,100
50648883341560,14:04:08.883,36.7500,42
50648895525077,14:04:08.895,36.7500,100
50648895525077,14:04:08.895,36.7500,89
50648895528805,14:04:08.895,36.7500,47
50648985729788,14:04:08.985,36.7500,64
50648985729788,14:04:08.985,36.7500,36
50648986156799,14:04:08.986,36.7500,64
50648987175794,14:04:08.987,36.7600,100
50649299666360,14:04:09.299,36.7600,100
50649299666360,14:04:09.299,36.7600,6
50652020650878,14:04:12.020,36.7500,200
50652621072607,14:04:12.621,36.7600,100
50652621072607,14:04:12.621,36.7600,100
50652621072607,14:04:12.621,36.7600,100
50662019790182,14:04:22.019,36.7500,12
50662019915756,14:04:22.019,36.7500,88
50666670084233,14:04:26.670,36.7600,200
50666670225795,14:04:26.670,36.7600,100
50670422090747,14:04:30.422,36.7500,100
50670422090747,14:04:30.422,36.7500,13
50673080326346,14:04:33.080,36.7500,100
50673344936757,14:04:33.344,36.7500,100
50686536030791,14:04:46.536,36.7500,100
50686536100910,14:04:46.536,36.7500,100
50686537304203,14:04:46.537,36.7500,100
50696864482369,14:04:56.864,36.7500,77
50696864487992,14:04:56.864,36.7500,23
50704947381581,14:05:04.947,36.7400,100
50704947381581,14:05:04.947,36.7400,100
50704947420624,14:05:04.947,36.7400,100
50705432880052,14:05:05.432,36.7500,100
50705432880052,14:05:05.432,36.7500,100
50705537533233,14:05:05.537,36.7500,100
50715749664651,14:05:15.749,36.7500,100
50730486725247,14:05:30.486,36.7500,1
50730486725247,14:05:30.486,36.7500,99
50730486763581,14:05:30.486,36.7500,1
50853843435764,14:07:33.843,36.7400,20
50853843450439,14:07:33.843,36.7400,80
50853843450439,14:07:33.843,36.7400,20
50853843461029,14:07:33.843,36.7400,41
50853843462736,14:07:33.843,36.7400,39
50853843462736,14:07:33.843,36.7400,12
50861124413025,14:07:41.124,36.7300,7
50863573060627,14:07:43.573,36.7300,43
50863573076034,14:07:43.573,36.7300,17
50863573080342,14:07:43.573,36.7300,9
50863573081444,14:07:43.573,36.7300,124
50878537344472,14:07:58.537,36.7300,100
50878537396082,14:07:58.537,36.7300,100
50878537784567,14:07:58.537,36.7300,47
50878891269819,14:07:58.891,36.7300,53
50890540009498,14:08:10.540,36.7400,100
50890540009498,14:08:10.540,36.7400,8
50890540009498,14:08:10.540,36.7400,100
50934830442499,14:08:54.830,36.7500,100
50934830442499,14:08:54.830,36.7500,192
50934830442499,14:08:54.830,36.7500,100
50934830442499,14:08:54.830,36.7500,100
50934830511019,14:08:54.830,36.7500,33
50934830931489,14:08:54.830,36.7500,100
50934830974026,14:08:54.830,36.7500,67
50938369699712,14:08:58.369,36.7600,200
50968300705156,14:09:28.300,36.7600,100
50968300705156,14:09:28.300,36.7600,16
50968388667332,14:09:28.388,36.7600,100
50996638982910,14:09:56.638,36.7500,10
50997977448096,14:09:57.977,36.7500,90
51011355276371,14:10:11.355,36.7500,100
51011355276371,14:10:11.355,36.7500,100
51055897468671,14:10:55.897,36.7300,100
51055897468671,14:10:55.897,36.7300,19
51059270647133,14:10:59.270,36.7300,100
51059270647133,14:10:59.270,36.7300,30
51059270652833,14:10:59.270,36.7300,70
51060974376997,14:11:00.974,36.7400,100
51060974522255,14:11:00.974,36.7400,100
51060975752330,14:11:00.975,36.7500,200
51061007081004,14:11:01.007,36.7600,1
51066503024420,14:11:06.503,36.7600,100
51066504806968,14:11:06.504,36.7600,100
51066504806968,14:11:06.504,36.7600,100
51066505839013,14:11:06.505,36.7500,100
51067582113815,14:11:07.582,36.7500,100
51082557436033,14:11:22.557,36.7600,100
51082557851055,14:11:22.557,36.7600,100
51082557851055,14:11:22.557,36.7600,100
51082557933955,14:11:22.557,36.7600,100
51084953005163,14:11:24.953,36.7600,14
51086164308268,14:11:26.164,36.7500,100
51086164308268,14:11:26.164,36.7500,100
51089126476072,14:11:29.126,36.7500,7
51091852969261,14:11:31.852,36.7500,93
51091852969261,14:11:31.852,36.7500,100
51131774287278,14:12:11.774,36.7600,107
51131774287278,14:12:11.774,36.7600,100
51131774287278,14:12:11.774,36.7600,5
51131779990077,14:12:11.779,36.7600,100
51131779990077,14:12:11.779,36.7600,100
51131780037805,14:12:11.780,36.7600,100
51131780064628,14:12:11.780,36.7600,100
51131780064628,14:12:11.780,36.7600,100
51134063363808,14:12:14.063,36.7500,100
51134063363808,14:12:14.063,36.7500,14
51134063363808,14:12:14.063,36.7500,100
51134396035385,14:12:14.396,36.7500,100
51149872818971,14:12:29.872,36.7500,100
51177968633854,14:12:57.968,36.7500,100
51177968633854,14:12:57.968,36.7500,59
51177968633854,14:12:57.968,36.7500,41
51177968921733,14:12:57.968,36.7500,59
51203412131500,14:13:23.412,36.7500,100
51203412131500,14:13:23.412,36.7500,100
51255115749998,14:14:15.115,36.7600,100
51255115749998,14:14:15.115,36.7600,100
51255115749998,14:14:15.115,36.7600,100
51255128328648,14:14:15.128,36.7600,200
51255219005585,14:14:15.219,36.7600,100
51255219005585,14:14:15.219,36.7600,100
51255219005585,14:14:15.219,36.7600,100
51255219980196,14:14:15.219,36.7600,100
51255219980196,14:14:15.219,36.7600,100
51255219980196,14:14:15.219,36.7600,100
51256389726092,14:14:16.389,36.7700,7
51262708204519,14:14:22.708,36.7700,100
51262708204519,14:14:22.708,36.7700,100
51262708204519,14:14:22.708,36.7700,100
51300163383582,14:15:00.163,36.7600,100
51300163383582,14:15:00.163,36.7600,100
51301090521900,14:15:01.090,36.7500,14
51301719107930,14:15:01.719,36.7400,100
51305564123252,14:15:05.564,36.7500,100
51305564123252,14:15:05.564,36.7500,100
51305564123252,14:15:05.564,36.7500,28
51305564187182,14:15:05.564,36.7500,72
51305564187182,14:15:05.564,36.7500,10
51305564327394,14:15:05.564,36.7500,90
