timestamp,time,price,volume
30810437796538,08:33:30.437,67.2200,4
30810437796538,08:33:30.437,67.2500,100
33860818323631,09:24:20.818,67.4900,100
33861057369474,09:24:21.057,67.4900,100
34195028046166,09:29:55.028,67.6900,57
34200922362997,09:30:00.922,0.0000,0
34201144535557,09:30:01.144,67.6300,200
34201385934778,09:30:01.385,67.6400,200
34201387540412,09:30:01.387,67.6400,141
34201387589413,09:30:01.387,67.6400,59
34201388481619,09:30:01.388,67.6400,41
34201902647762,09:30:01.902,67.5200,100
34202476384451,09:30:02.476,67.5500,100
34202476384451,09:30:02.476,67.5500,100
34202476384451,09:30:02.476,67.5500,100
34202483730777,09:30:02.483,67.5600,100
34205438106649,09:30:05.438,67.5400,100
34205438220255,09:30:05.438,67.5500,100
34206122221095,09:30:06.122,67.5300,100
34209849446118,09:30:09.849,67.5600,70
34210006932087,09:30:10.006,67.5700,100
34210006932087,09:30:10.006,67.5700,100
34210007023103,09:30:10.007,67.5700,100
34210171731986,09:30:10.171,67.5900,19
34216375369241,09:30:16.375,67.5800,100
34216375369241,09:30:16.375,67.5900,81
34216375369241,09:30:16.375,67.5900,100
34216376059834,09:30:16.376,67.5800,100
34226794309041,09:30:26.794,67.6000,100
34226794309041,09:30:26.794,67.6000,100
34226794309041,09:30:26.794,67.6100,100
34226794309041,09:30:26.794,67.6100,100
34227051850213,09:30:27.051,67.6100,100
34237688550532,09:30:37.688,67.6200,60
34237688550532,09:30:37.688,67.6200,100
34237688550532,09:30:37.688,67.6300,100
34237688550532,09:30:37.688,67.6300,40
34237688579879,09:30:37.688,67.6300,60
34237688579879,09:30:37.688,67.6300,100
34237688682423,09:30:37.688,67.6200,100
34237752219031,09:30:37.752,67.5900,100
34238042508134,09:30:38.042,67.5800,100
34238042805656,09:30:38.042,67.5900,100
34238042805656,09:30:38.042,67.5900,100
34238042839486,09:30:38.042,67.5900,100
34238042931057,09:30:38.042,67.5900,100
34238510351459,09:30:38.510,67.6000,100
34238514164614,09:30:38.514,67.6300,100
34247224922746,09:30:47.224,67.6500,10
34247224922746,09:30:47.224,67.6500,100
34247224922746,09:30:47.224,67.6500,90
34263227661205,09:31:03.227,67.5900,100
34263228519172,09:31:03.228,67.5700,100
34263228577807,09:31:03.228,67.5600,40
34263229297296,09:31:03.229,67.5600,60
34264014233023,09:31:04.014,67.5500,13
34288056335414,09:31:28.056,67.5500,12
34300203757461,09:31:40.203,67.4600,100
34300207988468,09:31:40.207,67.4200,300
34318568589437,09:31:58.568,67.3900,61
34318568673201,09:31:58.568,67.3900,39
34318568673201,09:31:58.568,67.3800,61
34318568699515,09:31:58.568,67.3800,39
34321015758764,09:32:01.015,67.3900,71
34321015783705,09:32:01.015,67.3900,29
34321015887772,09:32:01.015,67.3700,100
34321016180276,09:32:01.016,67.3900,100
34321016298903,09:32:01.016,67.3700,100
34321016409177,09:32:01.016,67.3900,100
34345581929305,09:32:25.581,67.4000,40
34345581953478,09:32:25.581,67.4000,60
34345581953478,09:32:25.581,67.4100,40
34345581961759,09:32:25.581,67.4100,60
34345581961759,09:32:25.581,67.4100,100
34345581961759,09:32:25.581,67.4100,100
34345582559760,09:32:25.582,67.4400,100
34345583188576,09:32:25.583,67.4400,44
34345583235582,09:32:25.583,67.4400,56
34345583235582,09:32:25.583,67.4400,100
34356101232166,09:32:36.101,67.3800,100
34362736473314,09:32:42.736,67.3900,62
34362736585332,09:32:42.736,67.3900,38
34379784003269,09:32:59.784,67.3800,45
34379784003269,09:32:59.784,67.3800,100
34379791616839,09:32:59.791,67.3800,100
34393638341307,09:33:13.638,67.3500,100
34393638341307,09:33:13.638,67.3500,100
34393638341307,09:33:13.638,67.3500,100
34395218654198,09:33:15.218,67.3200,100
34395218771139,09:33:15.218,67.3200,100
34408256007025,09:33:28.256,67.2400,100
34414659548223,09:33:34.659,67.1800,100
34437876968641,09:33:57.876,67.1200,200
34437886138876,09:33:57.886,67.1000,100
34443996527290,09:34:03.996,67.1100,18
34443996546794,09:34:03.996,67.1100,82
34443996546794,09:34:03.996,67.1100,23
34443996576452,09:34:03.996,67.1100,77
34443997226085,09:34:03.997,67.1100,100
34443997945985,09:34:03.997,67.1100,100
34444004580070,09:34:04.004,67.1000,100
34444131741824,09:34:04.131,67.0800,100
34444131741824,09:34:04.131,67.0800,100
34444132031979,09:34:04.132,67.0800,100
34444134302835,09:34:04.134,67.0700,100
34444173762895,09:34:04.173,67.0800,100
34444173762895,09:34:04.173,67.0800,100
34451048511495,09:34:11.048,67.0900,84
34451048539468,09:34:11.048,67.0900,16
34451137904913,09:34:11.137,67.1000,1
34459868222753,09:34:19.868,67.0800,100
34459868222753,09:34:19.868,67.0700,100
34459868343181,09:34:19.868,67.0700,100
34459869811135,09:34:19.869,67.0600,100
34473224554283,09:34:33.224,67.0900,100
34473224554283,09:34:33.224,67.0900,100
34473224643363,09:34:33.224,67.0800,100
34487708410961,09:34:47.708,67.1000,100
34487708410961,09:34:47.708,67.1000,100
34487708410961,09:34:47.708,67.1000,30
34487708410961,09:34:47.708,67.1000,100
34488603758645,09:34:48.603,67.1000,100
34488603810560,09:34:48.603,67.1000,100
34488603826421,09:34:48.603,67.1000,100
34488603889052,09:34:48.603,67.1000,100
34493519917173,09:34:53.519,67.1000,100
34493519917173,09:34:53.519,67.1000,100
34493519917173,09:34:53.519,67.1000,13
34504518575596,09:35:04.518,67.1200,100
34518010988457,09:35:18.010,67.1200,100
34518011577028,09:35:18.011,67.1000,100
34534656542147,09:35:34.656,67.0800,100
34534657168371,09:35:34.657,67.0600,84
34535571071407,09:35:35.571,67.0700,99
34535716149005,09:35:35.716,67.1000,14
34535716149005,09:35:35.716,67.1000,86
34535716586647,09:35:35.716,67.1000,14
34535719063022,09:35:35.719,67.1100,100
34545483020411,09:35:45.483,67.0700,100
34545484309660,09:35:45.484,67.0800,100
34549880433535,09:35:49.880,67.0600,100
34549880549240,09:35:49.880,67.0500,16
34552646080491,09:35:52.646,67.0300,100
34561513780295,09:36:01.513,67.0500,100
34561514221145,09:36:01.514,67.0600,100
34563624438181,09:36:03.624,67.0700,30
34563624463948,09:36:03.624,67.0700,270
34563624463948,09:36:03.624,67.0700,88
34565633155897,09:36:05.633,67.0900,100
34565633155897,09:36:05.633,67.0900,19
34565634754703,09:36:05.634,67.0800,100
34565644078075,09:36:05.644,67.0500,26
34567642328984,09:36:07.642,67.0500,400
34567642328984,09:36:07.642,67.0500,7
34567642418008,09:36:07.642,67.0400,64
34567717671544,09:36:07.717,67.0000,26
34567718004570,09:36:07.718,66.9900,36
34567718014476,09:36:07.718,66.9900,26
34567718251564,09:36:07.718,66.9900,10
34567718260351,09:36:07.718,66.9900,60
34570656226006,09:36:10.656,67.0100,64
34570656226006,09:36:10.656,67.0100,1
34574674681654,09:36:14.674,67.0300,20
34574674711420,09:36:14.674,67.0300,280
34574674711420,09:36:14.674,67.0300,29
34575522316304,09:36:15.522,67.0100,200
34584046188571,09:36:24.046,67.0000,100
34584050832910,09:36:24.050,66.9900,84
34590751769680,09:36:30.751,67.0100,4
34591354734410,09:36:31.354,66.9700,100
34591354734410,09:36:31.354,66.9700,100
34591356503232,09:36:31.356,66.9700,100
34606953751693,09:36:46.953,66.9500,100
34606953751693,09:36:46.953,66.9400,100
34610367434509,09:36:50.367,66.9600,100
34612785535604,09:36:52.785,66.9400,100
34612786640465,09:36:52.786,66.9300,138
34612860149950,09:36:52.860,66.9300,30
34613240049045,09:36:53.240,66.9000,100
34613240860863,09:36:53.240,66.8900,100
34613241420922,09:36:53.241,66.8900,29
34613379422436,09:36:53.379,66.9000,100
34613379422436,09:36:53.379,66.9000,100
34617609213112,09:36:57.609,66.9200,25
34617609214644,09:36:57.609,66.9200,60
34617609260427,09:36:57.609,66.9200,15
34617609352417,09:36:57.609,66.9000,100
34624919016309,09:37:04.919,66.9200,45
34629025570543,09:37:09.025,66.8900,77
34629028577612,09:37:09.028,66.8800,100
34635098421951,09:37:15.098,66.8900,55
34635098421951,09:37:15.098,66.8900,100
34639694875813,09:37:19.694,66.8700,100
34639694875813,09:37:19.694,66.8700,96
34639694883605,09:37:19.694,66.8700,4
34639697578621,09:37:19.697,66.8600,100
34642931261157,09:37:22.931,66.8650,100
34642932464634,09:37:22.932,66.8800,100
34644284128472,09:37:24.284,66.8900,53
34648034590748,09:37:28.034,66.8900,4
34655070174099,09:37:35.070,66.8800,20
34662352006897,09:37:42.352,66.8800,300
34662352006897,09:37:42.352,66.8900,103
34662352173339,09:37:42.352,66.8800,8
34663109924727,09:37:43.109,66.8900,4
34663821492222,09:37:43.821,66.8750,400
34665119636617,09:37:45.119,66.8900,20
34665119673730,09:37:45.119,66.8750,286
34667070723718,09:37:47.070,66.8700,100
34670094591035,09:37:50.094,66.8500,100
34670094591035,09:37:50.094,66.8500,100
34675316264178,09:37:55.316,66.8500,20
34680149118094,09:38:00.149,66.8800,13
34681200693626,09:38:01.200,66.8900,13
34685220994807,09:38:05.220,66.9100,30
34728247735817,09:38:48.247,66.9100,11
34735284341974,09:38:55.284,66.9500,16
34735284341974,09:38:55.284,66.9500,1
34761508021885,09:39:21.508,66.9700,200
34834240051805,09:40:34.240,66.9700,1
34838550177672,09:40:38.550,66.9700,83
34838556335142,09:40:38.556,66.9600,100
34838772670401,09:40:38.772,66.9500,3
34841563644800,09:40:41.563,66.9800,300
34842707545311,09:40:42.707,66.9800,309
34853805228871,09:40:53.805,66.9600,41
34853805237314,09:40:53.805,66.9600,59
34853916341860,09:40:53.916,66.9600,200
34865798072710,09:41:05.798,66.9400,60
34865798077355,09:41:05.798,66.9400,40
34865799615819,09:41:05.799,66.9350,100
34865799681194,09:41:05.799,66.9300,100
34865799964875,09:41:05.799,66.9200,100
34872067733876,09:41:12.067,66.8900,100
34872067733876,09:41:12.067,66.8900,100
34900425498393,09:41:40.425,66.8600,100
34900425906231,09:41:40.425,66.8700,20
34900426322857,09:41:40.426,66.8550,100
34900428961250,09:41:40.428,66.8600,100
34904411540693,09:41:44.411,66.8500,71
34904411540693,09:41:44.411,66.8500,100
34904556103573,09:41:44.556,66.8450,200
34922484537127,09:42:02.484,66.8550,100
34934407301833,09:42:14.407,66.8600,100
34934407832558,09:42:14.407,66.8650,100
34934416034125,09:42:14.416,66.8500,11
34936593408726,09:42:16.593,66.8500,100
34936594659110,09:42:16.594,66.8300,100
34936594659110,09:42:16.594,66.8300,100
34936595154520,09:42:16.595,66.8300,100
34944819913849,09:42:24.819,66.8000,2
34958517253913,09:42:38.517,66.7800,300
34958517655420,09:42:38.517,66.7800,5
34958526552615,09:42:38.526,66.7700,5
35004596675688,09:43:24.596,66.7300,100
35024030241057,09:43:44.030,66.7200,200
35024038339292,09:43:44.038,66.7100,3
35027413955259,09:43:47.413,66.7300,31
35044309805339,09:44:04.309,66.7400,100
35044311202305,09:44:04.311,66.7300,100
35100238611323,09:45:00.238,66.7200,100
35117113868570,09:45:17.113,66.7300,8
35138161968722,09:45:38.161,66.7200,26
35138161968722,09:45:38.161,66.7200,80
35138161980361,09:45:38.161,66.7200,3
35138162002637,09:45:38.162,66.7200,17
35138162002637,09:45:38.162,66.7200,51
35138162055264,09:45:38.162,66.7200,30
35138162674618,09:45:38.162,66.7100,26
35138162693169,09:45:38.162,66.7100,26
35138162866430,09:45:38.162,66.7100,26
35138163082294,09:45:38.163,66.7100,26
35138275623102,09:45:38.275,66.7200,100
35138275623102,09:45:38.275,66.7200,100
35140262081438,09:45:40.262,66.7300,200
35140262081438,09:45:40.262,66.7300,14
35152231932172,09:45:52.231,66.7500,43
35152231932172,09:45:52.231,66.7500,457
35152231932172,09:45:52.231,66.7500,100
35153081954446,09:45:53.081,66.7500,44
35153082367915,09:45:53.082,66.7500,30
35153082367915,09:45:53.082,66.7500,10
35154771634566,09:45:54.771,66.7400,100
35154771957558,09:45:54.771,66.7400,100
35211329869575,09:46:51.329,66.7500,104
35211329893988,09:46:51.329,66.7500,96
35211329893988,09:46:51.329,66.7600,4
35217035378498,09:46:57.035,66.7500,100
35217035378498,09:46:57.035,66.7500,2
35217035378498,09:46:57.035,66.7500,100
35217450010712,09:46:57.450,66.7400,100
35217452187292,09:46:57.452,66.7300,100
35217452187292,09:46:57.452,66.7300,100
35217452187292,09:46:57.452,66.7300,45
35233238211615,09:47:13.238,66.6800,75
35233238247606,09:47:13.238,66.6800,25
35233238248242,09:47:13.238,66.6800,25
35233238257639,09:47:13.238,66.6800,25
35233238332015,09:47:13.238,66.6800,25
35258547762666,09:47:38.547,66.6700,2
35258549276638,09:47:38.549,66.6600,100
35270511978228,09:47:50.511,66.6600,100
35270512010509,09:47:50.512,66.6600,12
35280508364330,09:48:00.508,66.6500,100
35280604415128,09:48:00.604,66.6500,100
35281489575373,09:48:01.489,66.6500,1
35281489575373,09:48:01.489,66.6500,100
35281489575373,09:48:01.489,66.6500,100
35281490349535,09:48:01.490,66.6500,4
35282132610819,09:48:02.132,66.6400,200
35283048817749,09:48:03.048,66.6600,100
35285721364728,09:48:05.721,66.6500,200
35286875468160,09:48:06.875,66.6400,100
35287906668924,09:48:07.906,66.6300,2
35288641535738,09:48:08.641,66.6300,84
35288641562126,09:48:08.641,66.6300,116
35288641633979,09:48:08.641,66.6300,14
35292588861079,09:48:12.588,66.6100,100
35292588861079,09:48:12.588,66.6100,100
35303610770544,09:48:23.610,66.6300,56
35310458383977,09:48:30.458,66.6400,100
35310458517880,09:48:30.458,66.6400,100
35310459059482,09:48:30.459,66.6400,100
35315386205753,09:48:35.386,66.6300,100
35330662029587,09:48:50.662,66.5900,9
35333587813917,09:48:53.587,66.6000,5
35333587813917,09:48:53.587,66.6000,100
35339126512923,09:48:59.126,66.6300,1
35339157125264,09:48:59.157,66.6500,100
35339157125264,09:48:59.157,66.6500,100
35347956057604,09:49:07.956,66.6600,100
35347956057604,09:49:07.956,66.6600,1
35347956059213,09:49:07.956,66.6600,100
35347956468620,09:49:07.956,66.6700,68
35365147867134,09:49:25.147,66.6800,2
35365147875982,09:49:25.147,66.6800,2
35365148438906,09:49:25.148,66.6800,98
35367004468353,09:49:27.004,66.6600,2
35398110445415,09:49:58.110,66.6300,70
35398110453044,09:49:58.110,66.6300,30
35398110453044,09:49:58.110,66.6200,70
35398110489182,09:49:58.110,66.6200,30
35399787887142,09:49:59.787,66.6300,100
35410674546745,09:50:10.674,66.6100,84
35412051563264,09:50:12.051,66.6100,153
35413758295222,09:50:13.758,66.6100,100
35413872923579,09:50:13.872,66.6100,48
35413872952785,09:50:13.872,66.6100,15
35413875024651,09:50:13.875,66.6300,100
35458436858782,09:50:58.436,66.6400,2
35458436858782,09:50:58.436,66.6400,9
35458436956160,09:50:58.436,66.6400,60
35458436976609,09:50:58.436,66.6400,12
35458436976609,09:50:58.436,66.6400,60
35458437007019,09:50:58.437,66.6400,12
35458437200147,09:50:58.437,66.6400,12
35458437540373,09:50:58.437,66.6400,12
35469932155305,09:51:09.932,66.6500,100
35469932155305,09:51:09.932,66.6600,100
35470552022289,09:51:10.552,66.6600,74
35470552157754,09:51:10.552,66.6600,26
35478443826427,09:51:18.443,66.6600,100
35478452701522,09:51:18.452,66.6500,1
35485131614864,09:51:25.131,66.6500,100
35485133583409,09:51:25.133,66.6400,2
35485134035256,09:51:25.134,66.6400,2
35485134035256,09:51:25.134,66.6400,100
35485134035256,09:51:25.134,66.6500,100
35485134035256,09:51:25.134,66.6500,100
35485134035256,09:51:25.134,66.6500,100
35485134035256,09:51:25.134,66.6500,100
35485134035256,09:51:25.134,66.6500,98
35485136328202,09:51:25.136,66.6500,2
35485136328202,09:51:25.136,66.6600,18
35485141901480,09:51:25.141,66.6500,3
35485153565626,09:51:25.153,66.6500,97
35485153565626,09:51:25.153,66.6500,3
35485153613681,09:51:25.153,66.6500,97
35509328842360,09:51:49.328,66.6800,100
35547435200754,09:52:27.435,66.7100,2
35548595792617,09:52:28.595,66.7000,100
35548605676162,09:52:28.605,66.7000,100
35548773555750,09:52:28.773,66.7000,1
35548788543814,09:52:28.788,66.7100,13
35558545498639,09:52:38.545,66.7200,100
35558545953786,09:52:38.545,66.7200,100
35560401470785,09:52:40.401,66.7200,100
35584572258896,09:53:04.572,66.7600,2
35584572280109,09:53:04.572,66.7600,2
35584572283091,09:53:04.572,66.7600,1
35584572283091,09:53:04.572,66.7500,1
35588254281179,09:53:08.254,66.7500,1
35590078862503,09:53:10.078,66.7200,100
35596432420407,09:53:16.432,66.7200,39
35626126884795,09:53:46.126,66.7500,100
35626135256080,09:53:46.135,66.7600,60
35626135485638,09:53:46.135,66.7600,40
35637368150775,09:53:57.368,66.7700,2
35637509477044,09:53:57.509,66.7600,100
35637944727476,09:53:57.944,66.7500,100
35637944900003,09:53:57.944,66.7500,100
35658006892538,09:54:18.006,66.7200,1
35667203539747,09:54:27.203,66.7700,25
35684647055325,09:54:44.647,66.7700,1
35687892420796,09:54:47.892,66.7800,2
35730597898327,09:55:30.597,66.7800,2
35734344601702,09:55:34.344,66.7700,100
35734361306625,09:55:34.361,66.7600,100
35746043499775,09:55:46.043,66.7200,81
35819679414983,09:56:59.679,66.6700,78
35819679443440,09:56:59.679,66.6700,22
35819679617137,09:56:59.679,66.6700,12
35819679637347,09:56:59.679,66.6700,50
35819679671986,09:56:59.679,66.6700,38
35819696441271,09:56:59.696,66.6700,84
35862957085261,09:57:42.957,66.6700,100
35927265652374,09:58:47.265,66.6500,100
35927265652374,09:58:47.265,66.6500,168
35927265652374,09:58:47.265,66.6500,100
35927272827283,09:58:47.272,66.6600,100
35942904621273,09:59:02.904,66.6600,45
35954536240922,09:59:14.536,66.6500,200
35954536300248,09:59:14.536,66.6500,98
35962550835198,09:59:22.550,66.6400,5
35969811126872,09:59:29.811,66.6500,81
35969820183889,09:59:29.820,66.6200,100
35983664305552,09:59:43.664,66.6100,100
35983665322224,09:59:43.665,66.6100,100
35999034221303,09:59:59.034,66.6200,2
35999034231343,09:59:59.034,66.6200,24
35999034234112,09:59:59.034,66.6200,61
35999034235791,09:59:59.034,66.6200,13
35999034235791,09:59:59.034,66.6200,5
35999113082435,09:59:59.113,66.6300,1
35999121841245,09:59:59.121,66.6300,100
35999121841245,09:59:59.121,66.6300,100
36025026985933,10:00:25.026,66.5600,21
36032858642790,10:00:32.858,66.5700,3
36033492754289,10:00:33.492,66.5800,100
36034541596747,10:00:34.541,66.5800,100
36047145829566,10:00:47.145,66.5700,21
36047145829566,10:00:47.145,66.5700,1
36047145892157,10:00:47.145,66.5700,99
36047147229524,10:00:47.147,66.5650,100
36047147229524,10:00:47.147,66.5650,100
36047147229524,10:00:47.147,66.5600,62
36047156647991,10:00:47.156,66.5600,6
36047265962355,10:00:47.265,66.5700,50
36052667022183,10:00:52.667,66.5900,100
36070754167284,10:01:10.754,66.6100,100
36070754167284,10:01:10.754,66.6000,32
36070754167284,10:01:10.754,66.6000,8
36070754172301,10:01:10.754,66.6000,92
36070754172301,10:01:10.754,66.6000,25
36070754183749,10:01:10.754,66.6000,75
36070754183749,10:01:10.754,66.6000,30
36070755315622,10:01:10.755,66.6000,20
36070755315622,10:01:10.755,66.6000,80
36070755745947,10:01:10.755,66.6000,20
36070755745947,10:01:10.755,66.6000,100
36070895060815,10:01:10.895,66.5950,100
36070897911590,10:01:10.897,66.5900,81
36070909951803,10:01:10.909,66.5900,100
36070909999191,10:01:10.909,66.6000,100
36070910053151,10:01:10.910,66.6000,100
36071243618322,10:01:11.243,66.5950,100
36071244611368,10:01:11.244,66.5900,100
36084329945722,10:01:24.329,66.6000,100
36084718931823,10:01:24.718,66.6000,100
36085122207973,10:01:25.122,66.6000,100
36097005663618,10:01:37.005,66.6100,100
36098004521238,10:01:38.004,66.6300,15
36098013280408,10:01:38.013,66.6400,1
36105788477613,10:01:45.788,66.6400,100
36124901199161,10:02:04.901,66.6300,300
36142619568733,10:02:22.619,66.6500,11
36142619568733,10:02:22.619,66.6500,20
36143783290962,10:02:23.783,66.6500,100
36143783290962,10:02:23.783,66.6500,5
36145975489801,10:02:25.975,66.6300,5
36145975489801,10:02:25.975,66.6300,100
36149640733769,10:02:29.640,66.6500,100
36156011481594,10:02:36.011,66.6500,100
36156011481594,10:02:36.011,66.6500,100
36166689651725,10:02:46.689,66.6400,100
36166689651725,10:02:46.689,66.6200,100
36166698397008,10:02:46.698,66.6200,33
36166705961787,10:02:46.705,66.6200,100
36166721416297,10:02:46.721,66.6200,10
36166723186218,10:02:46.723,66.6200,57
36166734105811,10:02:46.734,66.6100,2
36166734577378,10:02:46.734,66.6100,30
36166734795038,10:02:46.734,66.6100,1
36202756269934,10:03:22.756,66.5800,48
36208196085137,10:03:28.196,66.5800,50
36208196117409,10:03:28.196,66.5800,50
36208196128397,10:03:28.196,66.5800,50
36208196253624,10:03:28.196,66.5800,50
36239958687724,10:03:59.958,66.5900,100
36239958687724,10:03:59.958,66.5900,12
36250889474870,10:04:10.889,66.5900,5
36250889525655,10:04:10.889,66.5900,5
36250889952125,10:04:10.889,66.5900,5
36268247595627,10:04:28.247,66.5800,100
36268247595627,10:04:28.247,66.5800,5
36268248044270,10:04:28.248,66.5800,100
36300029373036,10:05:00.029,66.5900,7
36300366007945,10:05:00.366,66.5800,200
36300366007945,10:05:00.366,66.5800,100
36317337756687,10:05:17.337,66.5700,100
36317337757598,10:05:17.337,66.5700,100
36317337933358,10:05:17.337,66.5700,100
36317338248074,10:05:17.338,66.5700,100
36317338248074,10:05:17.338,66.5700,3
36317339203201,10:05:17.339,66.5700,100
36320025188542,10:05:20.025,66.5700,100
36321729277043,10:05:21.729,66.5800,58
36321729292793,10:05:21.729,66.5800,42
36337926333166,10:05:37.926,66.6050,100
36337926333166,10:05:37.926,66.6100,4
36340330835779,10:05:40.330,66.6100,4
36340977378477,10:05:40.977,66.6100,100
36349902590305,10:05:49.902,66.6100,100
36360173552592,10:06:00.173,66.6200,100
36364708175846,10:06:04.708,66.6200,6
36364708175846,10:06:04.708,66.6200,100
36364708571802,10:06:04.708,66.6200,100
36364708948769,10:06:04.708,66.6200,100
36374607330664,10:06:14.607,66.6200,100
36376567009960,10:06:16.567,66.6200,100
36377067010445,10:06:17.067,66.6200,100
36377896007338,10:06:17.896,66.6200,100
36378396005011,10:06:18.396,66.6200,100
36386100367942,10:06:26.100,66.6400,100
36386100367942,10:06:26.100,66.6400,100
36386110428227,10:06:26.110,66.6400,2
36390074660572,10:06:30.074,66.6500,100
36402067757029,10:06:42.067,66.6800,99
36404717380579,10:06:44.717,66.6800,195
36413037952134,10:06:53.037,66.6750,100
36413037952134,10:06:53.037,66.6800,11
36413089826296,10:06:53.089,66.6800,100
36413089826296,10:06:53.089,66.6800,100
36413089826296,10:06:53.089,66.6800,100
36414073073123,10:06:54.073,66.6800,100
36415300290604,10:06:55.300,66.6800,100
36426536934238,10:07:06.536,66.7000,100
36426954618601,10:07:06.954,66.7000,5
36428906917108,10:07:08.906,66.6900,100
36428906917108,10:07:08.906,66.6900,29
36428906944450,10:07:08.906,66.6900,71
36430463240936,10:07:10.463,66.6700,60
36430586767578,10:07:10.586,66.6700,40
36430586767578,10:07:10.586,66.6700,44
36430588145991,10:07:10.588,66.6700,37
36430588145991,10:07:10.588,66.6700,100
36430588145991,10:07:10.588,66.6700,100
36430588145991,10:07:10.588,66.6700,100
36430588145991,10:07:10.588,66.6700,63
36430588834736,10:07:10.588,66.6700,21
36430588860872,10:07:10.588,66.6700,16
36437359786377,10:07:17.359,66.6400,200
36437359786377,10:07:17.359,66.6400,62
36437359846430,10:07:17.359,66.6400,38
36437359846430,10:07:17.359,66.6400,62
36437359872364,10:07:17.359,66.6400,138
36440074642212,10:07:20.074,66.6400,100
36441433860578,10:07:21.433,66.6400,25
36458540648371,10:07:38.540,66.6600,2
36458541249098,10:07:38.541,66.6600,100
36459399530228,10:07:39.399,66.6500,200
36459399530228,10:07:39.399,66.6500,100
36485635641112,10:08:05.635,66.6900,100
36485636186787,10:08:05.636,66.6900,100
36485776144034,10:08:05.776,66.6800,200
36492507400315,10:08:12.507,66.7100,3
36507319012179,10:08:27.319,66.7000,100
36507455383772,10:08:27.455,66.7000,100
36507775808668,10:08:27.775,66.7000,13
36514981294795,10:08:34.981,66.6900,100
36514981294795,10:08:34.981,66.6900,6
36548901857076,10:09:08.901,66.6900,3
36562581931998,10:09:22.581,66.6800,82
36588169453800,10:09:48.169,66.6800,10
36588169478481,10:09:48.169,66.6800,9
36588169478481,10:09:48.169,66.6800,100
36616927723460,10:10:16.927,66.7100,6
36617090179382,10:10:17.090,66.7100,100
36617090331765,10:10:17.090,66.7100,100
36631024145576,10:10:31.024,66.7000,100
36638614367047,10:10:38.614,66.6900,76
36667522554074,10:11:07.522,66.7000,100
36707094090137,10:11:47.094,66.7700,16
36707094115811,10:11:47.094,66.7700,27
36707094123221,10:11:47.094,66.7700,27
36707094140174,10:11:47.094,66.7700,30
36707094140174,10:11:47.094,66.7700,1
36707094140174,10:11:47.094,66.7700,27
36707094177665,10:11:47.094,66.7700,7
36707094238620,10:11:47.094,66.7550,100
36707094302998,10:11:47.094,66.7700,66
36710322254675,10:11:50.322,66.8100,100
36731177482031,10:12:11.177,66.8000,105
36731177802953,10:12:11.177,66.8000,105
36731227103328,10:12:11.227,66.7900,5
36731227103328,10:12:11.227,66.7900,95
36762377428122,10:12:42.377,66.7800,100
36763371347970,10:12:43.371,66.7800,100
36775231927568,10:12:55.231,66.7700,100
36778164095189,10:12:58.164,66.7600,33
36784401547886,10:13:04.401,66.7600,100
36784401662227,10:13:04.401,66.7600,68
36784401662227,10:13:04.401,66.7600,32
36814373559396,10:13:34.373,66.7550,200
36814374799925,10:13:34.374,66.7500,100
36814374799925,10:13:34.374,66.7500,100
36827128922026,10:13:47.128,66.7600,100
36830026297816,10:13:50.026,66.7600,100
36842316738905,10:14:02.316,66.7700,100
36858261094578,10:14:18.261,66.7800,5
36858261178528,10:14:18.261,66.7800,5
36858261202588,10:14:18.261,66.7800,100
36858261483627,10:14:18.261,66.7750,5
36858261502087,10:14:18.261,66.7750,5
36858261539107,10:14:18.261,66.7750,5
36858261995219,10:14:18.261,66.7700,5
36858262079410,10:14:18.262,66.7700,5
36858262081501,10:14:18.262,66.7700,5
36875857112382,10:14:35.857,66.7800,57
36875858001193,10:14:35.858,66.7800,43
36875873019400,10:14:35.873,66.7900,100
36895808236540,10:14:55.808,66.7900,100
36896124236000,10:14:56.124,66.7950,100
36896133862974,10:14:56.133,66.7950,1
36898764197947,10:14:58.764,66.7950,1
36900021498770,10:15:00.021,66.7950,100
36913960259656,10:15:13.960,66.7900,4
36920298181901,10:15:20.298,66.7950,64
36920298687537,10:15:20.298,66.7900,64
36929710311531,10:15:29.710,66.7750,104
36933392041579,10:15:33.392,66.7750,100
36933392338469,10:15:33.392,66.7750,209
36933393388472,10:15:33.393,66.7700,100
36934614997886,10:15:34.614,66.7650,200
36935385826422,10:15:35.385,66.7650,141
36936570593699,10:15:36.570,66.7650,100
36940406313744,10:15:40.406,66.7700,21
36940406313744,10:15:40.406,66.7700,100
36965026331132,10:16:05.026,66.7900,1000
36965026521459,10:16:05.026,66.7900,100
36965026525659,10:16:05.026,66.7900,70
36965027516092,10:16:05.027,66.7850,1482
36965027516092,10:16:05.027,66.7800,5
36965027516092,10:16:05.027,66.7800,100
36965297826412,10:16:05.297,66.7800,54
36978472706500,10:16:18.472,66.7700,34
36978472720150,10:16:18.472,66.7700,58
36978472732075,10:16:18.472,66.7700,8
37013931896092,10:16:53.931,66.7600,100
37032809250834,10:17:12.809,66.7500,100
37038218282097,10:17:18.218,66.7300,57
37038218339215,10:17:18.218,66.7300,43
37063617180764,10:17:43.617,66.7400,100
37063617180764,10:17:43.617,66.7400,4
37063617180764,10:17:43.617,66.7400,100
37063617184040,10:17:43.617,66.7400,100
37087342034871,10:18:07.342,66.7100,31
37087342053927,10:18:07.342,66.7100,69
37087342053927,10:18:07.342,66.7100,5
37087383499290,10:18:07.383,66.7000,100
37089864097701,10:18:09.864,66.6850,100
37090083372102,10:18:10.083,66.6800,100
37148671924336,10:19:08.671,66.6600,41
37150973086637,10:19:10.973,66.6800,100
37150973086637,10:19:10.973,66.6800,100
37155872009452,10:19:15.872,66.6700,63
37166197928241,10:19:26.197,66.7000,100
37166250277341,10:19:26.250,66.7100,1
37166250277341,10:19:26.250,66.7100,1
37166253152531,10:19:26.253,66.7100,16
37166255337777,10:19:26.255,66.7100,5
37170619839303,10:19:30.619,66.7200,1
37173681628581,10:19:33.681,66.7300,75
37173681664557,10:19:33.681,66.7300,25
37173681664557,10:19:33.681,66.7300,75
37173681681209,10:19:33.681,66.7300,25
37173945836728,10:19:33.945,66.7300,200
37187514158410,10:19:47.514,66.7500,100
37187514158410,10:19:47.514,66.7500,100
37199213081542,10:19:59.213,66.7500,100
37238572364052,10:20:38.572,66.8100,100
37238572364052,10:20:38.572,66.8100,13
37248031814082,10:20:48.031,66.8100,20
37256937636431,10:20:56.937,66.8400,22
37258221135991,10:20:58.221,66.8400,5
37258221240103,10:20:58.221,66.8400,83
37258221288416,10:20:58.221,66.8400,17
37260573398797,10:21:00.573,66.8400,100
37260573398797,10:21:00.573,66.8400,100
37271551392585,10:21:11.551,66.8500,100
37272519842277,10:21:12.519,66.8500,100
37272519937228,10:21:12.519,66.8500,100
37273306517095,10:21:13.306,66.8400,100
37273338902124,10:21:13.338,66.8400,100
37273339403101,10:21:13.339,66.8500,100
37273339403101,10:21:13.339,66.8500,100
37273394067942,10:21:13.394,66.8400,4
37280716752466,10:21:20.716,66.8950,100
37281555237122,10:21:21.555,66.9100,100
37283803821784,10:21:23.803,66.9100,22
37287307283643,10:21:27.307,66.9300,1
37290985474772,10:21:30.985,66.9400,100
37293065392030,10:21:33.065,66.9500,100
37293065392030,10:21:33.065,66.9500,100
37294294118849,10:21:34.294,66.9600,42
37295009784695,10:21:35.009,66.9600,58
37295009784695,10:21:35.009,66.9600,22
37295009784695,10:21:35.009,66.9600,20
37298349937063,10:21:38.349,66.9300,100
37314657231705,10:21:54.657,66.9400,3
37314659531491,10:21:54.659,66.9500,22
37317841659766,10:21:57.841,66.9400,100
37323363439040,10:22:03.363,66.9400,2
37323384415494,10:22:03.384,66.9400,22
37323390455153,10:22:03.390,66.9500,100
37325865000370,10:22:05.865,66.9400,100
37332203659163,10:22:12.203,66.9400,100
37338276955919,10:22:18.276,66.9300,47
37338276955919,10:22:18.276,66.9300,53
37338277069187,10:22:18.277,66.9300,38
37338277411237,10:22:18.277,66.9300,9
37338277411237,10:22:18.277,66.9300,100
37338277411237,10:22:18.277,66.9300,48
37338277421025,10:22:18.277,66.9300,52
37338277421025,10:22:18.277,66.9300,48
37338277442726,10:22:18.277,66.9300,52
37338277449713,10:22:18.277,66.9300,49
37349272124001,10:22:29.272,66.9300,22
37349272152584,10:22:29.272,66.9300,100
37361052794574,10:22:41.052,66.9400,100
37361054453733,10:22:41.054,66.9300,100
37361054453733,10:22:41.054,66.9300,100
37361531923602,10:22:41.531,66.9300,10
37362935801404,10:22:42.935,66.9200,100
37369973054345,10:22:49.973,66.9100,100
37370041472187,10:22:50.041,66.9100,10
37370347524860,10:22:50.347,66.9100,10
37378235072665,10:22:58.235,66.8900,100
37395289565626,10:23:15.289,66.8600,31
37395289579443,10:23:15.289,66.8600,69
37436358713524,10:23:56.358,66.8500,100
37436358713524,10:23:56.358,66.8500,22
37468610439950,10:24:28.610,66.8300,4
37469810745770,10:24:29.810,66.8300,100
37480008445975,10:24:40.008,66.8400,22
37480008445975,10:24:40.008,66.8400,174
37480008508298,10:24:40.008,66.8400,26
37488102951176,10:24:48.102,66.8200,100
37488102951176,10:24:48.102,66.8200,17
37488102951176,10:24:48.102,66.8200,9
37488103114169,10:24:48.103,66.8200,91
37489595733112,10:24:49.595,66.8100,100
37502291224706,10:25:02.291,66.8100,100
37502291224706,10:25:02.291,66.8100,100
37502291224706,10:25:02.291,66.8100,2
37502293661752,10:25:02.293,66.8200,100
37508388279969,10:25:08.388,66.8200,1
37508388279969,10:25:08.388,66.8200,100
37510739651233,10:25:10.739,66.8300,100
37514516425958,10:25:14.516,66.8400,100
37515957561183,10:25:15.957,66.8400,200
37515957561183,10:25:15.957,66.8400,10
37515957561183,10:25:15.957,66.8400,100
37515957561183,10:25:15.957,66.8400,112
37519948547595,10:25:19.948,66.8200,100
37547155503273,10:25:47.155,66.8100,100
37573614466325,10:26:13.614,66.8000,100
37573614517351,10:26:13.614,66.8000,6
37573618802903,10:26:13.618,66.7900,100
37573618802903,10:26:13.618,66.7900,100
37592234391555,10:26:32.234,66.7800,100
37595060085705,10:26:35.060,66.7900,100
37606958154818,10:26:46.958,66.7800,23
37606958276865,10:26:46.958,66.7800,100
37606958711452,10:26:46.958,66.7800,100
37612227001603,10:26:52.227,66.7750,100
37614605002755,10:26:54.605,66.7700,200
37614667136505,10:26:54.667,66.7700,5
37621637132627,10:27:01.637,66.7700,100
37657716855736,10:27:37.716,66.7500,100
37657717002358,10:27:37.717,66.7500,100
37681068680637,10:28:01.068,66.7500,100
37681068680637,10:28:01.068,66.7600,100
37681068680637,10:28:01.068,66.7600,100
37681068680637,10:28:01.068,66.7600,10
37681068680637,10:28:01.068,66.7600,22
37681068841106,10:28:01.068,66.7600,47
37681068890030,10:28:01.068,66.7600,31
37681068890030,10:28:01.068,66.7600,100
37681170594926,10:28:01.170,66.7700,100
37690010370820,10:28:10.010,66.7700,100
37691012151118,10:28:11.012,66.7700,100
37710396609587,10:28:30.396,66.7700,100
37710396609587,10:28:30.396,66.7700,7
37710396609587,10:28:30.396,66.7700,93
37710396813028,10:28:30.396,66.7700,7
37737231380020,10:28:57.231,66.7800,66
37737231407606,10:28:57.231,66.7800,34
37737231407606,10:28:57.231,66.7800,31
37737231438560,10:28:57.231,66.7800,69
37755334491536,10:29:15.334,66.7800,100
37755335166232,10:29:15.335,66.7800,100
37755421556798,10:29:15.421,66.7800,100
37759442021132,10:29:19.442,66.7800,23
37784085379385,10:29:44.085,66.7800,200
37784086452364,10:29:44.086,66.7800,100
37784086452364,10:29:44.086,66.7800,168
37785011441294,10:29:45.011,66.7800,100
37785020231547,10:29:45.020,66.7800,1
37785633364238,10:29:45.633,66.7800,60
37785635613746,10:29:45.635,66.7800,40
37785635613746,10:29:45.635,66.7800,20
37785635654730,10:29:45.635,66.7800,80
37794432918527,10:29:54.432,66.7700,100
37801565236548,10:30:01.565,66.7700,35
37801565266205,10:30:01.565,66.7700,65
37802566153908,10:30:02.566,66.7700,65
37802566153908,10:30:02.566,66.7700,35
37802969974978,10:30:02.969,66.7800,1
37802969974978,10:30:02.969,66.7800,99
37802970002468,10:30:02.970,66.7800,1
37806885637646,10:30:06.885,66.7800,8
37806885637646,10:30:06.885,66.7800,78
37806885644436,10:30:06.885,66.7800,22
37853316909909,10:30:53.316,66.7700,100
37868383711403,10:31:08.383,66.7800,1
37868383711403,10:31:08.383,66.7800,1
37868383745068,10:31:08.383,66.7900,4
37868383745541,10:31:08.383,66.7900,57
37868383772405,10:31:08.383,66.7900,39
37868383772405,10:31:08.383,66.7900,18
37868385515229,10:31:08.385,66.7900,60
37868385564942,10:31:08.385,66.7900,22
37868385564942,10:31:08.385,66.7900,11
37886149641282,10:31:26.149,66.8100,15
37943916425630,10:32:23.916,66.8300,100
37943995381958,10:32:23.995,66.8400,1
37952394696841,10:32:32.394,66.8500,100
37965477644384,10:32:45.477,66.8700,1
37965477644384,10:32:45.477,66.8700,46
37969146681773,10:32:49.146,66.8500,100
37969146681773,10:32:49.146,66.8500,7
37969146681773,10:32:49.146,66.8500,100
37972149197175,10:32:52.149,66.8500,1
37973896174194,10:32:53.896,66.8500,100
37973896198952,10:32:53.896,66.8500,100
37973896699500,10:32:53.896,66.8400,100
37973896699500,10:32:53.896,66.8400,100
38003906015529,10:33:23.906,66.8500,100
38047999667899,10:34:07.999,66.8500,1
38047999667899,10:34:07.999,66.8500,8
38047999667899,10:34:07.999,66.8500,100
38048002037593,10:34:08.002,66.8400,100
38050037100079,10:34:10.037,66.8300,100
38050039144576,10:34:10.039,66.8300,100
38052679360326,10:34:12.679,66.8100,100
38052679393035,10:34:12.679,66.8100,200
38055532206997,10:34:15.532,66.8100,4
38067171637904,10:34:27.171,66.8000,12
38076397260066,10:34:36.397,66.7700,1
38076404645473,10:34:36.404,66.7600,100
38082549910590,10:34:42.549,66.7700,4
38082808284926,10:34:42.808,66.7800,1
38101111055803,10:35:01.111,66.7900,200
38102112683964,10:35:02.112,66.7900,100
38144309651429,10:35:44.309,66.7800,12
38144460186460,10:35:44.460,66.7800,37
38171582001074,10:36:11.582,66.7800,100
38171582001074,10:36:11.582,66.7800,100
38173993634247,10:36:13.993,66.7800,2
38173993998296,10:36:13.993,66.7800,98
38210011043257,10:36:50.011,66.7900,100
38210011043257,10:36:50.011,66.7900,100
38222188610903,10:37:02.188,66.7900,10
38222188610903,10:37:02.188,66.7900,8
38222188610903,10:37:02.188,66.7900,100
38223206358350,10:37:03.206,66.7700,100
38234285439780,10:37:14.285,66.7700,100
38238144864991,10:37:18.144,66.7600,100
38238144864991,10:37:18.144,66.7600,152
38238144933143,10:37:18.144,66.7600,48
38247046562804,10:37:27.046,66.7400,100
38250328078531,10:37:30.328,66.7400,15
38268814120608,10:37:48.814,66.7100,6
38268814120608,10:37:48.814,66.7100,24
38271841856887,10:37:51.841,66.7100,1
38284619764098,10:38:04.619,66.7300,100
38284619795892,10:38:04.619,66.7300,100
38284632154072,10:38:04.632,66.7300,4
38286260316375,10:38:06.260,66.7300,50
38294957149410,10:38:14.957,66.7500,100
38299465636408,10:38:19.465,66.7500,100
38299467294315,10:38:19.467,66.7600,2
38328814470970,10:38:48.814,66.7800,1
38328972254078,10:38:48.972,66.7900,15
38359306907735,10:39:19.306,66.8100,100
38392362372570,10:39:52.362,66.8100,100
38394342884121,10:39:54.342,66.8100,29
38394342911475,10:39:54.342,66.8100,71
38395134604209,10:39:55.134,66.8200,4
38401016348853,10:40:01.016,66.8200,10
38401016348853,10:40:01.016,66.8200,10
38401016348853,10:40:01.016,66.8200,100
38401016348853,10:40:01.016,66.8200,1
38404000936794,10:40:04.000,66.8300,20
38412297858473,10:40:12.297,66.8200,7
38412297858473,10:40:12.297,66.8200,31
38412297858473,10:40:12.297,66.8200,100
38412297858473,10:40:12.297,66.8200,100
38412297860426,10:40:12.297,66.8200,100
38412452390693,10:40:12.452,66.8100,100
38414447861817,10:40:14.447,66.8100,23
38422998008787,10:40:22.998,66.8100,14
38465739553696,10:41:05.739,66.7900,100
38465739553696,10:41:05.739,66.7900,100
38484995506210,10:41:24.995,66.7750,100
38486465917237,10:41:26.465,66.7750,100
38494923131697,10:41:34.923,66.7750,109
38494923682323,10:41:34.923,66.7750,191
38494923682323,10:41:34.923,66.7800,9
38494924411908,10:41:34.924,66.7800,91
38494924411908,10:41:34.924,66.7800,100
38495404945525,10:41:35.404,66.7800,100
38495404945525,10:41:35.404,66.7800,100
38515159302195,10:41:55.159,66.7600,100
38515159356102,10:41:55.159,66.7600,1
38536408544800,10:42:16.408,66.7700,15
38536409029490,10:42:16.409,66.7700,85
38544687499704,10:42:24.687,66.7600,78
38544687608245,10:42:24.687,66.7600,22
38586809219793,10:43:06.809,66.7900,3
38605563364585,10:43:25.563,66.8100,1
38622269785633,10:43:42.269,66.8200,100
38642554332576,10:44:02.554,66.8300,100
38643305399470,10:44:03.305,66.8400,3
38645968949699,10:44:05.968,66.8400,23
38646438236249,10:44:06.438,66.8300,200
38646438236249,10:44:06.438,66.8300,1
38646438236249,10:44:06.438,66.8300,6
38646438385097,10:44:06.438,66.8300,200
38646439133932,10:44:06.439,66.8300,100
38650813181378,10:44:10.813,66.8400,16
38651221454343,10:44:11.221,66.8400,84
38657472557979,10:44:17.472,66.8600,46
38657472864678,10:44:17.472,66.8600,50
38657472873001,10:44:17.472,66.8600,4
38685853344942,10:44:45.853,66.8800,100
38685853344942,10:44:45.853,66.8800,100
38685853777807,10:44:45.853,66.8800,2
38692017433823,10:44:52.017,66.8800,43
38692017440088,10:44:52.017,66.8800,2
38692017441312,10:44:52.017,66.8800,55
38692017441312,10:44:52.017,66.8800,1
38708839498875,10:45:08.839,66.9200,200
38709566889027,10:45:09.566,66.9000,100
38712789119785,10:45:12.789,66.9000,100
38713474369402,10:45:13.474,66.9000,100
38755250978960,10:45:55.250,66.9000,100
38755250978960,10:45:55.250,66.9000,100
38773608053414,10:46:13.608,66.9100,20
38773608085714,10:46:13.608,66.9100,80
38773608085714,10:46:13.608,66.9100,3
38773746634309,10:46:13.746,66.9300,100
38776347064288,10:46:16.347,66.9200,23
38776377702718,10:46:16.377,66.9300,100
38776377702718,10:46:16.377,66.9300,22
38776964699174,10:46:16.964,66.9300,100
38787586448458,10:46:27.586,66.9400,100
38787944630803,10:46:27.944,66.9400,100
38800025656783,10:46:40.025,66.9500,100
38800025686119,10:46:40.025,66.9500,23
38800175804683,10:46:40.175,66.9500,1
38801344361801,10:46:41.344,66.9600,100
38817043369823,10:46:57.043,66.9400,100
38817043413672,10:46:57.043,66.9400,6
38817043413672,10:46:57.043,66.9400,100
38817043413672,10:46:57.043,66.9400,1
38849045067263,10:47:29.045,66.9200,100
38849045067263,10:47:29.045,66.9200,56
38849045125831,10:47:29.045,66.9200,5
38856396879334,10:47:36.396,66.9100,100
38856396879334,10:47:36.396,66.9100,1
38894650973445,10:48:14.650,66.8900,56
38894651014439,10:48:14.651,66.8900,44
38894651014439,10:48:14.651,66.8900,56
38894651042140,10:48:14.651,66.8900,44
38894651042140,10:48:14.651,66.8900,6
38894651053081,10:48:14.651,66.8900,50
38894651334151,10:48:14.651,66.8900,50
38894652258755,10:48:14.652,66.8900,73
38895044487860,10:48:15.044,66.8900,27
38895488450221,10:48:15.488,66.9000,100
38895488450221,10:48:15.488,66.9000,100
38895778166621,10:48:15.778,66.8900,100
38904123584587,10:48:24.123,66.9000,100
38904796828054,10:48:24.796,66.9000,100
38905125486577,10:48:25.125,66.9000,100
38906126390461,10:48:26.126,66.9000,100
38909071208460,10:48:29.071,66.9000,100
38931269531216,10:48:51.269,66.8900,1
38931269531216,10:48:51.269,66.8900,100
38952365939258,10:49:12.365,66.9000,100
38952366377301,10:49:12.366,66.9000,45
38952366420195,10:49:12.366,66.9000,55
38952366420195,10:49:12.366,66.9000,100
38952643437255,10:49:12.643,66.9000,100
38962721693156,10:49:22.721,66.9000,1
38962721693156,10:49:22.721,66.9000,100
38962721693156,10:49:22.721,66.9000,99
38963822357444,10:49:23.822,66.9000,20
38965328365009,10:49:25.328,66.9000,2
38965330725621,10:49:25.330,66.8900,100
38968243502677,10:49:28.243,66.8900,100
38968816802404,10:49:28.816,66.8900,20
38988999366106,10:49:48.999,66.8800,26
38988999865590,10:49:48.999,66.8800,74
39006261170356,10:50:06.261,66.8600,100
39015286530050,10:50:15.286,66.8800,18
39022408991832,10:50:22.408,66.8800,100
39022716145533,10:50:22.716,66.8900,100
39034070381845,10:50:34.070,66.8800,1
39034070381845,10:50:34.070,66.8800,6
39036264438925,10:50:36.264,66.8600,100
39049923560136,10:50:49.923,66.8600,1
39057408362043,10:50:57.408,66.8600,1
39068773741287,10:51:08.773,66.8600,24
39068773741287,10:51:08.773,66.8600,100
39068773741287,10:51:08.773,66.8600,100
39069774664629,10:51:09.774,66.8600,100
39082229699705,10:51:22.229,66.8600,100
39094236903201,10:51:34.236,66.8700,1
39098602049095,10:51:38.602,66.8800,1
39101485676791,10:51:41.485,66.9000,16
39127321363066,10:52:07.321,66.9100,1
39129723232489,10:52:09.723,66.9100,9
39146944693613,10:52:26.944,66.9000,1
39146944693613,10:52:26.944,66.9000,6
39146944693613,10:52:26.944,66.9000,22
39146944693613,10:52:26.944,66.9000,100
39146944693613,10:52:26.944,66.9000,100
39153050579227,10:52:33.050,66.8900,1
39153050579227,10:52:33.050,66.8900,100
39153050631815,10:52:33.050,66.8900,100
39154583965914,10:52:34.583,66.8900,100
39154583965914,10:52:34.583,66.8900,100
39173845236557,10:52:53.845,66.8800,39
39173845236557,10:52:53.845,66.8800,61
39173845300005,10:52:53.845,66.8800,39
39179789579617,10:52:59.789,66.8700,26
39179789674835,10:52:59.789,66.8700,74
39191215562203,10:53:11.215,66.8600,62
39196109421028,10:53:16.109,66.8700,100
39196109421028,10:53:16.109,66.8700,8
39196126773524,10:53:16.126,66.8800,100
39200189224023,10:53:20.189,66.9000,84
39200189620580,10:53:20.189,66.9000,16
39201190554313,10:53:21.190,66.9000,100
39201353084357,10:53:21.353,66.9000,100
39201554499343,10:53:21.554,66.8900,100
39201554956908,10:53:21.554,66.8900,100
39201652865602,10:53:21.652,66.8800,100
39201652865602,10:53:21.652,66.8800,22
39201652865602,10:53:21.652,66.8800,100
39219424036194,10:53:39.424,66.8600,1
39219424036194,10:53:39.424,66.8600,100
39233902274352,10:53:53.902,66.8700,6
39234835500440,10:53:54.835,66.8800,100
39234835549210,10:53:54.835,66.8800,1
39244548285585,10:54:04.548,66.8900,71
39244548312195,10:54:04.548,66.8900,29
39247683230682,10:54:07.683,66.8900,9
39269495424545,10:54:29.495,66.9300,100
39280015278304,10:54:40.015,66.9600,100
39316873334668,10:55:16.873,67.0000,100
39322707907112,10:55:22.707,67.0100,15
39344127197141,10:55:44.127,67.0300,23
39344127197141,10:55:44.127,67.0300,100
39367936274372,10:56:07.936,67.0200,1
39367936274372,10:56:07.936,67.0200,100
39367936274372,10:56:07.936,67.0200,100
39367936274372,10:56:07.936,67.0200,5
39367936342256,10:56:07.936,67.0200,5
39367948441851,10:56:07.948,67.0200,100
39367948441851,10:56:07.948,67.0200,100
39367948441851,10:56:07.948,67.0200,23
39368098887002,10:56:08.098,67.0200,62
39385852540231,10:56:25.852,67.0300,23
39386057793085,10:56:26.057,67.0300,100
39389700243973,10:56:29.700,67.0400,100
39391217596166,10:56:31.217,67.0500,82
39391218236076,10:56:31.218,67.0500,18
39409120507924,10:56:49.120,67.0500,39
39433778711703,10:57:13.778,67.0500,1
39433837197642,10:57:13.837,67.0400,100
39442885631018,10:57:22.885,67.0400,100
39447900252304,10:57:27.900,67.0500,4
39447909996421,10:57:27.909,67.0600,1
39466619497532,10:57:46.619,67.0600,1
39466619509700,10:57:46.619,67.0600,1
39466619567357,10:57:46.619,67.0600,99
39480009082583,10:58:00.009,67.0600,100
39493305889580,10:58:13.305,67.0900,200
39493305889580,10:58:13.305,67.0900,100
39498360460235,10:58:18.360,67.1000,1
39498360460235,10:58:18.360,67.1000,52
39498360698653,10:58:18.360,67.1000,48
39498360698653,10:58:18.360,67.1000,2
39498360851333,10:58:18.360,67.1000,98
39498570140166,10:58:18.570,67.1000,100
39501705341927,10:58:21.705,67.0900,4
39504217796284,10:58:24.217,67.0800,100
39504218476506,10:58:24.218,67.0800,83
39504218546136,10:58:24.218,67.0800,17
39504218546136,10:58:24.218,67.0800,21
39504219042262,10:58:24.219,67.0800,38
39511442883580,10:58:31.442,67.0800,21
39535442038991,10:58:55.442,67.0900,100
39535545668262,10:58:55.545,67.0800,1
39535549314133,10:58:55.549,67.0800,99
39535549314133,10:58:55.549,67.0800,1
39547558083788,10:59:07.558,67.0700,100
39547558416314,10:59:07.558,67.0700,100
39556360667663,10:59:16.360,67.0900,100
39556360771039,10:59:16.360,67.0900,100
39559069492664,10:59:19.069,67.1000,100
39569498686605,10:59:29.498,67.0800,26
39569498690326,10:59:29.498,67.0800,74
39569512117235,10:59:29.512,67.0800,200
39569512117235,10:59:29.512,67.0800,26
39569512117235,10:59:29.512,67.0800,23
39569512117235,10:59:29.512,67.0800,100
39580639541013,10:59:40.639,67.0800,14
39580640525791,10:59:40.640,67.0800,9
39587246871397,10:59:47.246,67.0900,1
39587904652628,10:59:47.904,67.0800,9
39609988567822,11:00:09.988,67.1100,100
39609988593699,11:00:09.988,67.1100,100
39614195083111,11:00:14.195,67.1100,27
39635869457101,11:00:35.869,67.1300,80
39645036891579,11:00:45.036,67.1400,100
39645093586206,11:00:45.093,67.1500,1600
39645093611906,11:00:45.093,67.1500,1400
39645093611906,11:00:45.093,67.1500,100
39645101971513,11:00:45.101,67.1500,5
39647257612668,11:00:47.257,67.1600,100
39660870159165,11:01:00.870,67.1600,100
39663041602986,11:01:03.041,67.2000,99
39663041952681,11:01:03.041,67.2000,1
39663391937512,11:01:03.391,67.2200,58
39663392252218,11:01:03.392,67.2200,42
39663392252218,11:01:03.392,67.2200,8
39663460469864,11:01:03.460,67.2300,100
39663466389074,11:01:03.466,67.2400,100
39663466389074,11:01:03.466,67.2400,29
39663467879568,11:01:03.467,67.2500,10
39663468740240,11:01:03.468,67.2500,5
39663469594891,11:01:03.469,67.2500,5
39663500220673,11:01:03.500,67.2500,80
39663500220673,11:01:03.500,67.2500,100
39663515767276,11:01:03.515,67.2500,200
39663541670824,11:01:03.541,67.2500,20
39663723717749,11:01:03.723,67.2400,100
39664969459022,11:01:04.969,67.2600,100
39665329034504,11:01:05.329,67.2500,100
39666341107466,11:01:06.341,67.2500,1
39666850771162,11:01:06.850,67.2200,100
39671054288314,11:01:11.054,67.2100,100
39684038489421,11:01:24.038,67.2000,23
39684041189791,11:01:24.041,67.2100,23
39684041189791,11:01:24.041,67.2100,100
39684683672231,11:01:24.683,67.2100,1
39684683672231,11:01:24.683,67.2100,100
39701237275808,11:01:41.237,67.2100,100
39701237275808,11:01:41.237,67.2100,100
39720240258453,11:02:00.240,67.2200,50
39720240302172,11:02:00.240,67.2200,7
39720240326112,11:02:00.240,67.2200,43
39720240326112,11:02:00.240,67.2200,7
39724700664844,11:02:04.700,67.2400,70
39724700857064,11:02:04.700,67.2400,30
39725488478556,11:02:05.488,67.2400,1
39725488478556,11:02:05.488,67.2400,99
39753250743752,11:02:33.250,67.2400,1
39753250743752,11:02:33.250,67.2400,3
39753279060773,11:02:33.279,67.2400,200
39753279060773,11:02:33.279,67.2400,100
39753302682800,11:02:33.302,67.2400,100
39762444976529,11:02:42.444,67.2400,100
39775573998601,11:02:55.573,67.2400,100
39784045892876,11:03:04.045,67.2600,2
39784045892876,11:03:04.045,67.2600,82
39785382674132,11:03:05.382,67.2500,1
39785971040740,11:03:05.971,67.2500,100
39803734369805,11:03:23.734,67.2400,60
39803734403930,11:03:23.734,67.2400,40
39803734403930,11:03:23.734,67.2400,23
39807885237317,11:03:27.885,67.2400,63
39807885237317,11:03:27.885,67.2400,1
39848047205977,11:04:08.047,67.2700,2
39857739824898,11:04:17.739,67.2800,1
39860141831524,11:04:20.141,67.2900,23
39860141831524,11:04:20.141,67.2900,77
39881288547746,11:04:41.288,67.2800,1
39895995256819,11:04:55.995,67.2700,100
39898759777623,11:04:58.759,67.2700,100
39912389318388,11:05:12.389,67.2900,10
39912389318388,11:05:12.389,67.2900,27
39922437628957,11:05:22.437,67.2800,3
39922437628957,11:05:22.437,67.2800,1
39922437699253,11:05:22.437,67.2800,100
39955010458471,11:05:55.010,67.3000,100
39964268634652,11:06:04.268,67.2800,100
39969124247043,11:06:09.124,67.2800,1
40009303853632,11:06:49.303,67.2900,100
40009304030430,11:06:49.304,67.2900,4
40009363185070,11:06:49.363,67.2900,20
40010497527467,11:06:50.497,67.2900,80
40032943665722,11:07:12.943,67.3100,1
40032943665722,11:07:12.943,67.3100,99
40036987030328,11:07:16.987,67.3100,1
40036987030328,11:07:16.987,67.3100,100
40036987030328,11:07:16.987,67.3100,52
40043597676431,11:07:23.597,67.2900,3
40043597676431,11:07:23.597,67.2900,97
40043598435050,11:07:23.598,67.2900,1
40043599049695,11:07:23.599,67.2900,100
40043607266687,11:07:23.607,67.2900,20
40043822415776,11:07:23.822,67.2800,100
40043836745928,11:07:23.836,67.2800,4
40048114104956,11:07:28.114,67.2700,1
40048149890512,11:07:28.149,67.2700,99
40048972516476,11:07:28.972,67.2700,1
40079380295501,11:07:59.380,67.2500,100
40079380789892,11:07:59.380,67.2500,100
40079380789892,11:07:59.380,67.2500,100
40082757022432,11:08:02.757,67.2300,9
40082865174405,11:08:02.865,67.2300,91
40082865174405,11:08:02.865,67.2300,9
40084940091668,11:08:04.940,67.2300,20
40112463333518,11:08:32.463,67.2400,200
40112463333518,11:08:32.463,67.2400,1
40112464753844,11:08:32.464,67.2400,100
40112464753844,11:08:32.464,67.2400,71
40125699625489,11:08:45.699,67.2600,1
40129430345325,11:08:49.430,67.2600,100
40129430397941,11:08:49.430,67.2600,1
40134785522882,11:08:54.785,67.2500,100
40134786001851,11:08:54.786,67.2500,3
40147984812598,11:09:07.984,67.2500,3
40147988433518,11:09:07.988,67.2500,8
40149921838980,11:09:09.921,67.2500,89
40169155710597,11:09:29.155,67.2600,1
40170739473049,11:09:30.739,67.2700,100
40170739762083,11:09:30.739,67.2700,100
40186579305789,11:09:46.579,67.2500,1
40186579305789,11:09:46.579,67.2500,23
40196485019983,11:09:56.485,67.2400,100
40212502983676,11:10:12.502,67.2500,1
40212502983676,11:10:12.502,67.2500,100
40212533885567,11:10:12.533,67.2400,100
40212533885567,11:10:12.533,67.2400,100
40212533885567,11:10:12.533,67.2400,100
40212653713289,11:10:12.653,67.2400,100
40213094353661,11:10:13.094,67.2400,100
40213094353661,11:10:13.094,67.2400,100
40213094353661,11:10:13.094,67.2400,3
40213346143557,11:10:13.346,67.2300,100
40213346143557,11:10:13.346,67.2300,100
40213347671322,11:10:13.347,67.2200,100
40213349409425,11:10:13.349,67.2100,100
40213349409425,11:10:13.349,67.2100,100
40213349409425,11:10:13.349,67.2100,100
40213349409425,11:10:13.349,67.2100,100
40213349576134,11:10:13.349,67.2100,100
40213349935255,11:10:13.349,67.2100,100
40215563871399,11:10:15.563,67.2200,100
40215590431800,11:10:15.590,67.2200,100
40215714190815,11:10:15.714,67.2200,100
40215714190815,11:10:15.714,67.2200,100
40216153210370,11:10:16.153,67.2300,100
40221031933385,11:10:21.031,67.2600,100
40242935875570,11:10:42.935,67.2200,100
40255350320543,11:10:55.350,67.2300,1
40255401604607,11:10:55.401,67.2300,100
40255401604607,11:10:55.401,67.2300,1
40255401604607,11:10:55.401,67.2300,39
40281073405697,11:11:21.073,67.2200,100
40281073405697,11:11:21.073,67.2200,100
40281467800612,11:11:21.467,67.2200,1
40310149179626,11:11:50.149,67.2300,100
40321061230341,11:12:01.061,67.2500,60
40321061423190,11:12:01.061,67.2500,100
40321061452536,11:12:01.061,67.2500,40
40321061462738,11:12:01.061,67.2500,40
40321061656999,11:12:01.061,67.2500,20
40361470163001,11:12:41.470,67.2500,180
40361470163001,11:12:41.470,67.2500,100
40361470478858,11:12:41.470,67.2500,200
40361471702985,11:12:41.471,67.2500,100
40361471702985,11:12:41.471,67.2500,100
40361493423286,11:12:41.493,67.2500,200
40361493652359,11:12:41.493,67.2500,59
40361493679311,11:12:41.493,67.2500,41
40361493679311,11:12:41.493,67.2500,200
40365743220308,11:12:45.743,67.2400,3
40365743220308,11:12:45.743,67.2400,100
40365743220308,11:12:45.743,67.2400,102
40365743254066,11:12:45.743,67.2400,87
40373744098796,11:12:53.744,67.2300,100
40373744222839,11:12:53.744,67.2300,100
40382029739666,11:13:02.029,67.2500,200
40382029850892,11:13:02.029,67.2500,200
40382029903009,11:13:02.029,67.2500,100
40382031158419,11:13:02.031,67.2500,100
40382031158419,11:13:02.031,67.2500,35
40389080720609,11:13:09.080,67.2600,15
40389080720609,11:13:09.080,67.2600,2
40391484738354,11:13:11.484,67.2700,47
40391514843486,11:13:11.514,67.2800,100
40393651080410,11:13:13.651,67.2900,200
40397803610470,11:13:17.803,67.3000,1
40404997590039,11:13:24.997,67.3000,60
40404997590039,11:13:24.997,67.3000,1
40410278861158,11:13:30.278,67.3300,100
40425211531432,11:13:45.211,67.3300,100
40428723255946,11:13:48.723,67.3200,100
40428723567420,11:13:48.723,67.3200,28
40430047280886,11:13:50.047,67.3200,100
40430047289467,11:13:50.047,67.3200,24
40436443126609,11:13:56.443,67.3400,100
40436825886330,11:13:56.825,67.3400,26
40436825935542,11:13:56.825,67.3400,12
40437461964915,11:13:57.461,67.3300,100
40443014557260,11:14:03.014,67.3300,100
40443014557260,11:14:03.014,67.3300,24
40451679692785,11:14:11.679,67.3200,2
40475459237916,11:14:35.459,67.3100,100
40479718721249,11:14:39.718,67.3100,50
40481463710427,11:14:41.463,67.3200,3
40481463710427,11:14:41.463,67.3200,33
40481464424136,11:14:41.464,67.3200,56
40481464521581,11:14:41.464,67.3200,11
40481491130756,11:14:41.491,67.3200,1
40487757860850,11:14:47.757,67.3200,200
40500726011529,11:15:00.726,67.3200,1
40500726011529,11:15:00.726,67.3200,99
40500726044848,11:15:00.726,67.3200,1
40531183808827,11:15:31.183,67.3000,100
40531183846464,11:15:31.183,67.3000,100
40531184037345,11:15:31.184,67.3000,100
40531480790665,11:15:31.480,67.2900,50
40531480830643,11:15:31.480,67.2900,50
40531480830643,11:15:31.480,67.2900,100
40535493771613,11:15:35.493,67.2700,100
40538964054005,11:15:38.964,67.2550,100
40539024401552,11:15:39.024,67.2600,27
40539025204036,11:15:39.025,67.2600,73
40539025204036,11:15:39.025,67.2600,27
40542714753078,11:15:42.714,67.2700,33
40542714812780,11:15:42.714,67.2700,67
40542714812780,11:15:42.714,67.2700,100
40542714812780,11:15:42.714,67.2700,4
40542727449043,11:15:42.727,67.2800,100
40574576270032,11:16:14.576,67.3000,1
40583919484899,11:16:23.919,67.3000,23
40583946965399,11:16:23.946,67.3200,20
40591474990453,11:16:31.474,67.3300,1
40591479207761,11:16:31.479,67.3400,12
40591479207761,11:16:31.479,67.3400,37
40610552263049,11:16:50.552,67.3400,100
40613572485394,11:16:53.572,67.3400,2
40616842251482,11:16:56.842,67.3300,100
40616842469182,11:16:56.842,67.3300,100
40616970463076,11:16:56.970,67.3300,56
40616970475090,11:16:56.970,67.3300,44
40616970475090,11:16:56.970,67.3300,82
40616970870695,11:16:56.970,67.3300,18
40616970870695,11:16:56.970,67.3300,4
40619746830173,11:16:59.746,67.3400,100
40619746830173,11:16:59.746,67.3400,200
40620346579816,11:17:00.346,67.3400,100
40620346579816,11:17:00.346,67.3400,100
40632096146134,11:17:12.096,67.3500,1
40641444155926,11:17:21.444,67.3500,50
40641444181012,11:17:21.444,67.3500,50
40641444181012,11:17:21.444,67.3500,23
40647356361320,11:17:27.356,67.3400,100
40649781388419,11:17:29.781,67.3600,1
40678525899719,11:17:58.525,67.3600,100
40678525899719,11:17:58.525,67.3600,2
40687765675858,11:18:07.765,67.3800,1
40687765675858,11:18:07.765,67.3800,2
40687767671096,11:18:07.767,67.3700,100
40687775858901,11:18:07.775,67.3700,100
40699148127888,11:18:19.148,67.3800,1
40699148127888,11:18:19.148,67.3800,29
40720394147185,11:18:40.394,67.4000,181
40720625288011,11:18:40.625,67.3900,100
40725026663021,11:18:45.026,67.4000,22
40725026663021,11:18:45.026,67.4000,100
40725026663021,11:18:45.026,67.4000,78
40726940445340,11:18:46.940,67.3900,19
40745066808005,11:19:05.066,67.4000,22
40745066808005,11:19:05.066,67.4000,2
40751093757963,11:19:11.093,67.3800,100
40751093757963,11:19:11.093,67.3800,100
40751093757963,11:19:11.093,67.3800,1
40765031237816,11:19:25.031,67.3600,100
40765032761404,11:19:25.032,67.3600,50
40765038757642,11:19:25.038,67.3600,50
40765038783797,11:19:25.038,67.3600,100
40765038783797,11:19:25.038,67.3600,100
40765038783797,11:19:25.038,67.3600,100
40782302426527,11:19:42.302,67.3500,100
40782302593151,11:19:42.302,67.3500,1
40782306543857,11:19:42.306,67.3500,50
40789725690076,11:19:49.725,67.3500,100
40789725716169,11:19:49.725,67.3500,22
40800745239695,11:20:00.745,67.3500,100
40810024286753,11:20:10.024,67.3600,100
40810024925748,11:20:10.024,67.3600,7
40817941876175,11:20:17.941,67.3700,100
40846359991055,11:20:46.359,67.3600,100
40846359991055,11:20:46.359,67.3500,100
40846361239541,11:20:46.361,67.3500,1
40846362158726,11:20:46.362,67.3500,100
40855742985160,11:20:55.742,67.3700,4
40855742985160,11:20:55.742,67.3700,15
40855742985160,11:20:55.742,67.3700,100
40855790044968,11:20:55.790,67.3800,100
40859101417222,11:20:59.101,67.3700,100
40862694195250,11:21:02.694,67.3900,100
40863371436597,11:21:03.371,67.3900,100
40897605963272,11:21:37.605,67.3600,60
40897605963272,11:21:37.605,67.3600,1
40897605963272,11:21:37.605,67.3600,200
40912443839723,11:21:52.443,67.3600,20
40924829298355,11:22:04.829,67.3700,53
40924830089961,11:22:04.830,67.3700,47
40924830089961,11:22:04.830,67.3700,1
40944172017487,11:22:24.172,67.3400,100
40960562246234,11:22:40.562,67.3300,1
40965157094054,11:22:45.157,67.3300,23
40965176728952,11:22:45.176,67.3300,100
40967818939233,11:22:47.818,67.3300,100
40986394932560,11:23:06.394,67.3400,100
41013515614621,11:23:33.515,67.3500,63
41020064354734,11:23:40.064,67.3500,60
41020064805217,11:23:40.064,67.3500,77
41020064805217,11:23:40.064,67.3500,123
41020065038211,11:23:40.065,67.3500,77
41020065038211,11:23:40.065,67.3500,2
41020065038211,11:23:40.065,67.3500,100
41020065085992,11:23:40.065,67.3500,3
41020065096867,11:23:40.065,67.3500,97
41020065096867,11:23:40.065,67.3500,3
41020065753665,11:23:40.065,67.3500,100
41020096760732,11:23:40.096,67.3500,97
41020096760732,11:23:40.096,67.3500,3
41021397997451,11:23:41.397,67.3400,100
41021397997451,11:23:41.397,67.3400,61
41021397997451,11:23:41.397,67.3400,23
41021399282183,11:23:41.399,67.3300,200
41028085218202,11:23:48.085,67.3300,59
41058702262170,11:24:18.702,67.3400,5
41058702285627,11:24:18.702,67.3400,5
41058702293260,11:24:18.702,67.3400,5
41058702314742,11:24:18.702,67.3400,5
41058702320871,11:24:18.702,67.3400,5
41072032145790,11:24:32.032,67.3400,100
41072032145790,11:24:32.032,67.3400,1
41110380173394,11:25:10.380,67.3400,1
41111086358287,11:25:11.086,67.3300,100
41111086358287,11:25:11.086,67.3300,1
41121478169801,11:25:21.478,67.3200,55
41121478191803,11:25:21.478,67.3200,45
41138113545032,11:25:38.113,67.3400,83
41138113572160,11:25:38.113,67.3400,17
41148559950599,11:25:48.559,67.3500,1
41191103071171,11:26:31.103,67.3400,1
41191103071171,11:26:31.103,67.3400,24
41220013531030,11:27:00.013,67.3500,1
41220013531030,11:27:00.013,67.3500,100
41220493759016,11:27:00.493,67.3600,2
41220493759016,11:27:00.493,67.3600,100
41220496594340,11:27:00.496,67.3600,11
41222004595623,11:27:02.004,67.3700,44
41222734507387,11:27:02.734,67.3700,100
41222734507387,11:27:02.734,67.3700,1
41222734507387,11:27:02.734,67.3700,99
41256620063558,11:27:36.620,67.3700,100
41256620063558,11:27:36.620,67.3700,100
41276595812759,11:27:56.595,67.3800,100
41276595821907,11:27:56.595,67.3800,37
41281478549656,11:28:01.478,67.3900,2
41282370013123,11:28:02.370,67.4000,16
41288840563723,11:28:08.840,67.4200,2
41288840563723,11:28:08.840,67.4300,100
41288841714062,11:28:08.841,67.4300,100
41288841821381,11:28:08.841,67.4300,5
41292662094547,11:28:12.662,67.4300,81
41292662121817,11:28:12.662,67.4300,19
41292662147147,11:28:12.662,67.4300,19
41292662147684,11:28:12.662,67.4300,100
41292662191632,11:28:12.662,67.4300,100
41292662500779,11:28:12.662,67.4300,100
41292662602120,11:28:12.662,67.4300,2
41292662658930,11:28:12.662,67.4300,98
41292663536069,11:28:12.663,67.4300,81
41292664162156,11:28:12.664,67.4300,100
41293066071969,11:28:13.066,67.4300,100
41293066071969,11:28:13.066,67.4300,1
41293066272288,11:28:13.066,67.4300,100
41293066272288,11:28:13.066,67.4300,69
41297312605949,11:28:17.312,67.4100,100
41297312605949,11:28:17.312,67.4100,1
41324253381285,11:28:44.253,67.4300,3
41324253998395,11:28:44.253,67.4400,1
41324253998395,11:28:44.253,67.4400,100
41324253998395,11:28:44.253,67.4400,100
41324575936434,11:28:44.575,67.4400,100
41355397543479,11:29:15.397,67.4400,100
41355397543479,11:29:15.397,67.4400,100
41362332149288,11:29:22.332,67.4300,1
41387111587218,11:29:47.111,67.4200,1
41387111587218,11:29:47.111,67.4200,99
41387111631783,11:29:47.111,67.4200,1
41393951710644,11:29:53.951,67.4200,100
41393951755206,11:29:53.951,67.4200,100
41394690047106,11:29:54.690,67.4200,100
41395100701830,11:29:55.100,67.4100,100
41395101557588,11:29:55.101,67.4100,100
41403320316168,11:30:03.320,67.4200,58
41403923554916,11:30:03.923,67.4300,1
41404745475563,11:30:04.745,67.4300,1
41404745475563,11:30:04.745,67.4300,99
41404745556167,11:30:04.745,67.4300,1
41420176807841,11:30:20.176,67.4000,100
41428806029812,11:30:28.806,67.3800,27
41428806029812,11:30:28.806,67.3800,100
41444845489456,11:30:44.845,67.3600,100
41450884973839,11:30:50.884,67.3600,100
41451076013040,11:30:51.076,67.3600,13
41451076629914,11:30:51.076,67.3600,87
41451076629914,11:30:51.076,67.3600,13
41452987130811,11:30:52.987,67.3600,68
41452987176220,11:30:52.987,67.3600,32
41453128429625,11:30:53.128,67.3600,2
41453238634658,11:30:53.238,67.3600,98
41453238634658,11:30:53.238,67.3600,22
41453238634658,11:30:53.238,67.3600,1
41476277568564,11:31:16.277,67.3100,100
41476277568564,11:31:16.277,67.3100,54
41478385376894,11:31:18.385,67.3000,100
41479187813453,11:31:19.187,67.2900,100
41479187813453,11:31:19.187,67.2900,100
41480735476901,11:31:20.735,67.2800,100
41480735476901,11:31:20.735,67.2800,100
41482536756357,11:31:22.536,67.2800,200
41496411049444,11:31:36.411,67.2900,100
41496411049444,11:31:36.411,67.2900,200
41496411049444,11:31:36.411,67.2900,23
41504912533364,11:31:44.912,67.2900,5
41509978779694,11:31:49.978,67.2950,100
41514605034488,11:31:54.605,67.2900,23
41514605034488,11:31:54.605,67.2900,1
41519205429134,11:31:59.205,67.2900,100
41519205472518,11:31:59.205,67.2900,23
41519205472518,11:31:59.205,67.2900,96
41519404539308,11:31:59.404,67.2800,75
41520876900080,11:32:00.876,67.2800,25
41520876900080,11:32:00.876,67.2800,100
41523362094987,11:32:03.362,67.2700,100
41523362122813,11:32:03.362,67.2700,46
41523737586360,11:32:03.737,67.2700,23
41526737503972,11:32:06.737,67.2600,3
41528049301571,11:32:08.049,67.2400,100
41528049301571,11:32:08.049,67.2400,100
41529882805281,11:32:09.882,67.2400,21
41529882805281,11:32:09.882,67.2400,79
41529882850230,11:32:09.882,67.2400,21
41529882865691,11:32:09.882,67.2400,21
41537798525375,11:32:17.798,67.2500,13
41537960872114,11:32:17.960,67.2500,23
41537960872114,11:32:17.960,67.2500,1
41542630450185,11:32:22.630,67.2500,100
41544505093161,11:32:24.505,67.2600,100
41544505093161,11:32:24.505,67.2600,100
41544505093161,11:32:24.505,67.2600,1
41569642279705,11:32:49.642,67.2700,100
41569873533820,11:32:49.873,67.2800,1
41569873533820,11:32:49.873,67.2800,15
41578742289602,11:32:58.742,67.2900,100
41578753606006,11:32:58.753,67.2800,1
41578771691543,11:32:58.771,67.2700,3
41578771716970,11:32:58.771,67.2700,97
41578771716970,11:32:58.771,67.2700,100
41578771716970,11:32:58.771,67.2700,100
41578778676692,11:32:58.778,67.2700,100
41578778676692,11:32:58.778,67.2700,100
41578778676692,11:32:58.778,67.2700,100
41578786812235,11:32:58.786,67.2700,1
41598049000090,11:33:18.049,67.3050,100
41598615987839,11:33:18.615,67.3050,100
41621335440107,11:33:41.335,67.3100,20
41621335469508,11:33:41.335,67.3100,18
41643231448412,11:34:03.231,67.3200,1
41644244412820,11:34:04.244,67.3400,100
41655459243054,11:34:15.459,67.3400,20
41655459291273,11:34:15.459,67.3400,180
41690363540690,11:34:50.363,67.3800,49
41690363637797,11:34:50.363,67.3800,5
41690363903977,11:34:50.363,67.3800,46
41709072179058,11:35:09.072,67.3900,2
41712477036897,11:35:12.477,67.4000,70
41716891165031,11:35:16.891,67.4000,25
41716891165031,11:35:16.891,67.4000,28
41716891165031,11:35:16.891,67.4000,47
41716891176455,11:35:16.891,67.4000,53
41730425499682,11:35:30.425,67.3800,100
41730425499682,11:35:30.425,67.3800,5
41735050243159,11:35:35.050,67.3600,100
41737725091527,11:35:37.725,67.3500,100
41739981633296,11:35:39.981,67.3400,100
41754191529114,11:35:54.191,67.3100,5
41754638753461,11:35:54.638,67.3200,2
41754638753461,11:35:54.638,67.3200,100
41754639134205,11:35:54.639,67.3300,100
41758332436151,11:35:58.332,67.3300,100
41760834820616,11:36:00.834,67.3500,4
41761200011668,11:36:01.200,67.3600,1
41761231233191,11:36:01.231,67.3600,200
41761231233191,11:36:01.231,67.3600,100
41761231233191,11:36:01.231,67.3600,100
41761231233191,11:36:01.231,67.3600,25
41762831549949,11:36:02.831,67.3500,100
41765971018011,11:36:05.971,67.3500,100
41765971018011,11:36:05.971,67.3500,5
41765971018011,11:36:05.971,67.3500,100
41772954716238,11:36:12.954,67.3100,100
41772954716238,11:36:12.954,67.3100,59
41772954716238,11:36:12.954,67.3100,41
41772954719517,11:36:12.954,67.3100,100
41773809457622,11:36:13.809,67.3200,200
41773809631051,11:36:13.809,67.3200,25
41778910962225,11:36:18.910,67.3100,100
41779057847361,11:36:19.057,67.3100,100
41779423272450,11:36:19.423,67.3000,100
41779747070100,11:36:19.747,67.2900,100
41806062176821,11:36:46.062,67.2800,7
41820466476761,11:37:00.466,67.2900,100
41881117740488,11:38:01.117,67.3200,100
41881118294194,11:38:01.118,67.3100,99
41881118294194,11:38:01.118,67.3100,100
41881118294194,11:38:01.118,67.3100,100
41881118294194,11:38:01.118,67.3100,53
41881118294194,11:38:01.118,67.3100,100
41881118401820,11:38:01.118,67.3100,24
41881291471867,11:38:01.291,67.3000,100
41881291471867,11:38:01.291,67.3000,100
41883326348929,11:38:03.326,67.2900,6
41883326348929,11:38:03.326,67.2900,94
41885040494880,11:38:05.040,67.2700,100
41909359478189,11:38:29.359,67.2500,71
41909359485410,11:38:29.359,67.2500,43
41921446372090,11:38:41.446,67.2400,14
41921446401999,11:38:41.446,67.2400,86
41948184030839,11:39:08.184,67.2400,100
42066829610610,11:41:06.829,67.2500,21
42071287713194,11:41:11.287,67.2600,100
42071287713194,11:41:11.287,67.2600,200
42071287794849,11:41:11.287,67.2600,100
42074888258615,11:41:14.888,67.2600,3
42074889298541,11:41:14.889,67.2700,100
42080430022089,11:41:20.430,67.2650,100
42091344319507,11:41:31.344,67.2500,100
42091344574332,11:41:31.344,67.2500,100
42115569235564,11:41:55.569,67.2800,1
42115569235564,11:41:55.569,67.2900,33
42115569362331,11:41:55.569,67.2900,15
42164740658526,11:42:44.740,67.3300,100
42164751197672,11:42:44.751,67.3200,200
42164751197672,11:42:44.751,67.3200,100
42168240161784,11:42:48.240,67.3100,99
42210532519573,11:43:30.532,67.3200,100
42256796658362,11:44:16.796,67.3200,7
42256804484590,11:44:16.804,67.3100,8
42258789176489,11:44:18.789,67.3100,100
42259079414212,11:44:19.079,67.3000,100
42259079414212,11:44:19.079,67.3000,100
42259079414212,11:44:19.079,67.3000,100
42259079431005,11:44:19.079,67.3000,100
42259161358195,11:44:19.161,67.3000,100
42259177304295,11:44:19.177,67.3000,100
42265100879238,11:44:25.100,67.2800,99
42265100907494,11:44:25.100,67.2800,1
42265101418114,11:44:25.101,67.2800,100
42265101445302,11:44:25.101,67.2800,100
42266664142325,11:44:26.664,67.2800,100
42267439261201,11:44:27.439,67.2900,100
42267439261201,11:44:27.439,67.2900,100
42269143999656,11:44:29.143,67.2800,100
42270473354009,11:44:30.473,67.3100,77
42270473381490,11:44:30.473,67.3100,23
42270927263422,11:44:30.927,67.3000,100
42271173777246,11:44:31.173,67.3000,100
42271596103261,11:44:31.596,67.2900,1
42271837233228,11:44:31.837,67.2900,100
42272023921921,11:44:32.023,67.2900,1
42274577561370,11:44:34.577,67.2800,3
42276474346034,11:44:36.474,67.2800,97
42276474346034,11:44:36.474,67.2800,100
42276474346034,11:44:36.474,67.2800,3
42276640209337,11:44:36.640,67.2800,97
42278429710563,11:44:38.429,67.2700,100
42278664917421,11:44:38.664,67.2800,100
42280079655879,11:44:40.079,67.2800,6
42280215207818,11:44:40.215,67.2800,94
42280215207818,11:44:40.215,67.2700,6
42280646767073,11:44:40.646,67.2700,94
42280647372334,11:44:40.647,67.2600,6
42280792963321,11:44:40.792,67.2600,94
42280792963321,11:44:40.792,67.2600,6
42281006245218,11:44:41.006,67.2600,100
42283121521997,11:44:43.121,67.2800,1
42290610366442,11:44:50.610,67.3000,4
42308536546161,11:45:08.536,67.3100,4
42311149586719,11:45:11.149,67.3300,100
42311150623915,11:45:11.150,67.3300,45
42311150636029,11:45:11.150,67.3300,55
42311156804049,11:45:11.156,67.3200,100
42311156804049,11:45:11.156,67.3200,100
42311156804049,11:45:11.156,67.3200,100
42331096387473,11:45:31.096,67.3200,10
42331096387473,11:45:31.096,67.3200,16
42331161031957,11:45:31.161,67.3300,100
42331161091856,11:45:31.161,67.3300,100
42347993220878,11:45:47.993,67.3000,51
42347993220878,11:45:47.993,67.3000,49
42347993349950,11:45:47.993,67.3000,51
42347993349950,11:45:47.993,67.3000,200
42363308886732,11:46:03.308,67.2900,12
42363308886732,11:46:03.308,67.2900,88
42363308913289,11:46:03.308,67.2900,12
42388673870617,11:46:28.673,67.2900,4
42389317193803,11:46:29.317,67.2900,100
42390502418381,11:46:30.502,67.2900,4
42410153331950,11:46:50.153,67.2800,9
42410272447751,11:46:50.272,67.2800,100
42422452192098,11:47:02.452,67.2950,100
42422452329968,11:47:02.452,67.2950,100
42422452379909,11:47:02.452,67.3000,80
42422452394011,11:47:02.452,67.3000,20
42445534545071,11:47:25.534,67.3000,23
42464006468746,11:47:44.006,67.3100,100
42464018319109,11:47:44.018,67.3100,23
42464019946054,11:47:44.019,67.3000,100
42464019946054,11:47:44.019,67.3000,100
42464019946054,11:47:44.019,67.3000,100
42467296956127,11:47:47.296,67.3000,100
42467297000344,11:47:47.297,67.3000,6
42467456298797,11:47:47.456,67.3000,100
42467456298797,11:47:47.456,67.3000,100
42467457702629,11:47:47.457,67.2900,176
42467457702629,11:47:47.457,67.2900,100
42467457702629,11:47:47.457,67.2900,77
42469480022110,11:47:49.480,67.2900,100
42469480022110,11:47:49.480,67.2900,200
42469634980095,11:47:49.634,67.2800,100
42469634980095,11:47:49.634,67.2800,100
42469819923735,11:47:49.819,67.2700,100
42470011851105,11:47:50.011,67.2800,100
42470011879775,11:47:50.011,67.2800,4
42470747969230,11:47:50.747,67.2900,100
42471089841650,11:47:51.089,67.2900,100
42471091035584,11:47:51.091,67.2800,100
42471091035584,11:47:51.091,67.2800,100
42471091812635,11:47:51.091,67.2800,100
42471250908317,11:47:51.250,67.2800,100
42471250908317,11:47:51.250,67.2800,100
42471282389559,11:47:51.282,67.2800,10
42471282389559,11:47:51.282,67.2800,90
42471282436250,11:47:51.282,67.2800,10
42471411998995,11:47:51.411,67.2800,100
42472437707468,11:47:52.437,67.2800,1
42472703243172,11:47:52.703,67.2800,100
42472703243172,11:47:52.703,67.2800,100
42473054826733,11:47:53.054,67.2600,100
42473055443483,11:47:53.055,67.2600,100
42473055443483,11:47:53.055,67.2700,1
42473055443483,11:47:53.055,67.2700,100
42473055443483,11:47:53.055,67.2700,100
42473059538997,11:47:53.059,67.2700,100
42473218502321,11:47:53.218,67.2800,20
42473218502321,11:47:53.218,67.2800,23
42473385135525,11:47:53.385,67.2600,100
42473385135525,11:47:53.385,67.2600,100
42473539384564,11:47:53.539,67.2600,100
42473539384564,11:47:53.539,67.2600,100
42473726598122,11:47:53.726,67.2500,100
42473726598122,11:47:53.726,67.2500,100
42475998492323,11:47:55.998,67.2500,15
42480706954865,11:48:00.706,67.2900,100
42480706954865,11:48:00.706,67.2900,100
42483581330262,11:48:03.581,67.3000,1
42483583205155,11:48:03.583,67.3100,100
42483591136326,11:48:03.591,67.3100,2
42483600961999,11:48:03.600,67.3100,1
42487202421744,11:48:07.202,67.3100,100
42487202484326,11:48:07.202,67.3100,23
42487204534951,11:48:07.204,67.3100,100
42487204534951,11:48:07.204,67.3100,100
42487204538070,11:48:07.204,67.3000,100
42487204538070,11:48:07.204,67.3000,100
42487204538070,11:48:07.204,67.3000,100
42487204668578,11:48:07.204,67.3000,100
42487805564599,11:48:07.805,67.3300,2
42487805590902,11:48:07.805,67.3300,98
42488065564351,11:48:08.065,67.3400,2
42495261616430,11:48:15.261,67.3400,80
42495261630610,11:48:15.261,67.3400,97
42495262518537,11:48:15.262,67.3300,9
42497005394047,11:48:17.005,67.3400,1
42498319765695,11:48:18.319,67.3500,29
42508130891965,11:48:28.130,67.3200,100
42524729617507,11:48:44.729,67.3200,23
42524731269471,11:48:44.731,67.3100,100
42524731269471,11:48:44.731,67.3100,100
42524731269471,11:48:44.731,67.3100,100
42524731269471,11:48:44.731,67.3100,100
42524731269471,11:48:44.731,67.3100,100
42524731269471,11:48:44.731,67.3100,100
42524731269471,11:48:44.731,67.3100,100
42524731269471,11:48:44.731,67.3100,100
42524731269471,11:48:44.731,67.3100,100
42526394948255,11:48:46.394,67.3100,100
42526524607043,11:48:46.524,67.3100,100
42526524607043,11:48:46.524,67.3100,100
42526524607043,11:48:46.524,67.3100,100
42526524607043,11:48:46.524,67.3100,100
42526524607043,11:48:46.524,67.3100,100
42528005429664,11:48:48.005,67.3100,100
42528035857144,11:48:48.035,67.3200,100
42531695799681,11:48:51.695,67.3100,100
42531695799681,11:48:51.695,67.3100,1
42533805880062,11:48:53.805,67.3000,100
42533826368250,11:48:53.826,67.3000,100
42535648451169,11:48:55.648,67.3000,100
42535648451169,11:48:55.648,67.3000,100
42535665939738,11:48:55.665,67.3100,10
42535665939738,11:48:55.665,67.3100,100
42535665939738,11:48:55.665,67.3100,90
42535665968678,11:48:55.665,67.3100,10
42535668238043,11:48:55.668,67.3100,100
42535803649144,11:48:55.803,67.3100,120
42535803649144,11:48:55.803,67.3100,80
42537522735105,11:48:57.522,67.2900,100
42537522735105,11:48:57.522,67.2900,100
42537696511190,11:48:57.696,67.2800,100
42538025057173,11:48:58.025,67.2800,100
42538025057173,11:48:58.025,67.2800,100
42538357819765,11:48:58.357,67.2900,100
42538402780491,11:48:58.402,67.2900,100
42539533018833,11:48:59.533,67.2900,200
42539533632086,11:48:59.533,67.2900,200
42539533632086,11:48:59.533,67.2900,100
42539588628029,11:48:59.588,67.3000,100
42539721382033,11:48:59.721,67.3100,100
42539721382033,11:48:59.721,67.3100,23
42539893013231,11:48:59.893,67.3000,100
42539893013231,11:48:59.893,67.3000,77
42540051796204,11:49:00.051,67.3000,23
42540051796204,11:49:00.051,67.3000,100
42540276045177,11:49:00.276,67.3000,100
42540276045177,11:49:00.276,67.3000,100
42540276045177,11:49:00.276,67.3000,100
42540276045177,11:49:00.276,67.3000,200
42540404645816,11:49:00.404,67.2900,100
42540404645816,11:49:00.404,67.2900,100
42540404645816,11:49:00.404,67.2900,100
42540404645816,11:49:00.404,67.2900,100
42540745086541,11:49:00.745,67.2800,200
42540745086541,11:49:00.745,67.2800,38
42540745086541,11:49:00.745,67.2800,100
42540745086541,11:49:00.745,67.2800,62
42540913604748,11:49:00.913,67.2800,38
42540913604748,11:49:00.913,67.2800,100
42540913604748,11:49:00.913,67.2800,100
42541279196297,11:49:01.279,67.2600,100
42541280040523,11:49:01.280,67.2700,100
42542387799470,11:49:02.387,67.2800,36
42544991797689,11:49:04.991,67.3000,100
42546934845367,11:49:06.934,67.3200,1
42548260604478,11:49:08.260,67.3200,6
42555004807259,11:49:15.004,67.3300,4
42569460615883,11:49:29.460,67.3400,300
42569460615883,11:49:29.460,67.3400,68
42569460615883,11:49:29.460,67.3400,1
42570753534696,11:49:30.753,67.3300,100
42571890782994,11:49:31.890,67.3300,100
42571891814884,11:49:31.891,67.3200,100
42572242841093,11:49:32.242,67.3100,100
42572252876251,11:49:32.252,67.3100,100
42572252901124,11:49:32.252,67.3100,100
42572252901124,11:49:32.252,67.3100,100
42572882843223,11:49:32.882,67.3300,100
42573503492723,11:49:33.503,67.3400,100
42573561310701,11:49:33.561,67.3400,100
42573561919667,11:49:33.561,67.3300,100
42573561919667,11:49:33.561,67.3300,100
42573561919667,11:49:33.561,67.3300,100
42573561919667,11:49:33.561,67.3300,100
42573739588893,11:49:33.739,67.3300,100
42573739588893,11:49:33.739,67.3300,100
42573739588893,11:49:33.739,67.3300,100
42573740371731,11:49:33.740,67.3200,100
42573740975388,11:49:33.740,67.3200,100
42575011088517,11:49:35.011,67.3100,100
42575011088517,11:49:35.011,67.3100,100
42575191384423,11:49:35.191,67.3000,72
42575368557896,11:49:35.368,67.3000,100
42575368557896,11:49:35.368,67.3000,100
42575369164974,11:49:35.369,67.3000,100
42575538379008,11:49:35.538,67.3000,100
42575538959193,11:49:35.538,67.3000,100
42575766812102,11:49:35.766,67.3000,100
42575766812102,11:49:35.766,67.3000,100
42575766812102,11:49:35.766,67.3000,100
42575766812102,11:49:35.766,67.3000,100
42575766812102,11:49:35.766,67.3000,100
42576569012179,11:49:36.569,67.3000,100
42576569012179,11:49:36.569,67.3000,100
42576570433040,11:49:36.570,67.3000,200
42576570433040,11:49:36.570,67.3000,100
42576571330066,11:49:36.571,67.3100,100
42576571330066,11:49:36.571,67.3100,13
42576720266239,11:49:36.720,67.3200,100
42576720266239,11:49:36.720,67.3200,24
42576720266239,11:49:36.720,67.3200,100
42576720266239,11:49:36.720,67.3200,100
42576720763565,11:49:36.720,67.3200,200
42576721251003,11:49:36.721,67.3300,100
42576721251003,11:49:36.721,67.3300,100
42577051781737,11:49:37.051,67.3100,100
42577051781737,11:49:37.051,67.3100,100
42577051781737,11:49:37.051,67.3100,100
42577051781737,11:49:37.051,67.3100,100
42577525191810,11:49:37.525,67.3000,200
42577525191810,11:49:37.525,67.3000,100
42577674187663,11:49:37.674,67.3000,100
42577674187663,11:49:37.674,67.3000,100
42577674187663,11:49:37.674,67.3000,100
42583465743022,11:49:43.465,67.3200,13
42594912384740,11:49:54.912,67.3600,100
42595114162369,11:49:55.114,67.3800,100
42595114162369,11:49:55.114,67.3800,10
42602721698918,11:50:02.721,67.3800,100
42602721698918,11:50:02.721,67.3900,100
42603879540874,11:50:03.879,67.4000,1
42607482109379,11:50:07.482,67.4100,100
42608488803522,11:50:08.488,67.4100,10
42608488803522,11:50:08.488,67.4100,10
42608489092869,11:50:08.489,67.4100,100
42612929654778,11:50:12.929,67.4000,7
42612929654778,11:50:12.929,67.4000,100
42612929654778,11:50:12.929,67.4000,1
42614003730520,11:50:14.003,67.3900,100
42620449001174,11:50:20.449,67.4000,100
42620449025257,11:50:20.449,67.4000,100
42620449030357,11:50:20.449,67.4000,100
42621598940072,11:50:21.598,67.4100,25
42636823966150,11:50:36.823,67.4300,1
42665746501925,11:51:05.746,67.4600,100
42668769586011,11:51:08.769,67.4700,100
42668770366007,11:51:08.770,67.4700,100
42674267689134,11:51:14.267,67.4600,1
42674275187981,11:51:14.275,67.4600,1
42677769985231,11:51:17.769,67.4600,100
42677769985231,11:51:17.769,67.4600,200
42690891570878,11:51:30.891,67.4500,19
42690891570878,11:51:30.891,67.4500,62
42690891570878,11:51:30.891,67.4500,1
42691515928664,11:51:31.515,67.4400,5
42691516822476,11:51:31.516,67.4400,5
42691520276280,11:51:31.520,67.4400,60
42691524210007,11:51:31.524,67.4400,100
42691524597931,11:51:31.524,67.4400,25
42691524781022,11:51:31.524,67.4400,25
42691528196814,11:51:31.528,67.4400,100
42691533766520,11:51:31.533,67.4400,25
42692018035503,11:51:32.018,67.4400,25
42692059207419,11:51:32.059,67.4400,100
42692059207419,11:51:32.059,67.4400,100
42693872532832,11:51:33.872,67.4300,20
42693872955662,11:51:33.872,67.4300,180
42693872955662,11:51:33.872,67.4300,100
42693873651828,11:51:33.873,67.4200,100
42693874758601,11:51:33.874,67.4200,140
42694144146427,11:51:34.144,67.4200,100
42694144146427,11:51:34.144,67.4200,25
42715335947194,11:51:55.335,67.4100,100
42715336044004,11:51:55.336,67.4100,10
42727873107177,11:52:07.873,67.4100,100
42727873107177,11:52:07.873,67.4100,4
42729563449986,11:52:09.563,67.4000,100
42729567161296,11:52:09.567,67.3900,100
42737156422424,11:52:17.156,67.3900,1
42758644157078,11:52:38.644,67.3800,100
42770350832518,11:52:50.350,67.3800,100
42770350832518,11:52:50.350,67.3800,16
42770350848259,11:52:50.350,67.3800,9
42788675189393,11:53:08.675,67.3950,100
42788675846376,11:53:08.675,67.4000,3
42791986445538,11:53:11.986,67.4200,100
42792039709765,11:53:12.039,67.4200,100
42793495844644,11:53:13.495,67.4200,100
42793495844644,11:53:13.495,67.4200,1
42837326960103,11:53:57.326,67.4200,39
42837326960103,11:53:57.326,67.4200,67
42842323732557,11:54:02.323,67.4100,100
42842323763274,11:54:02.323,67.4100,200
42850795982048,11:54:10.795,67.4100,100
42858898406433,11:54:18.898,67.4200,31
42859528067173,11:54:19.528,67.4200,100
42859528067173,11:54:19.528,67.4200,5
42866130104615,11:54:26.130,67.4100,100
42866130440375,11:54:26.130,67.4100,100
42870109926331,11:54:30.109,67.4000,39
42870109926331,11:54:30.109,67.4000,1
42871176928148,11:54:31.176,67.3900,100
42886368127049,11:54:46.368,67.3900,2
42900498530341,11:55:00.498,67.3800,100
42900498530341,11:55:00.498,67.3800,100
42900498530341,11:55:00.498,67.3800,100
42900498530341,11:55:00.498,67.3800,100
42900498530341,11:55:00.498,67.3800,100
42901301257216,11:55:01.301,67.3900,100
42911851459476,11:55:11.851,67.3900,1
42922395436382,11:55:22.395,67.3900,100
42930606085367,11:55:30.606,67.3900,80
42947889939610,11:55:47.889,67.3800,1
42950894846138,11:55:50.894,67.3700,100
42968165042876,11:56:08.165,67.3700,100
42968165102044,11:56:08.165,67.3700,4
42968166007987,11:56:08.166,67.3700,100
42989438431754,11:56:29.438,67.3700,100
43009128648682,11:56:49.128,67.3600,6
43009128648682,11:56:49.128,67.3600,62
43009129009496,11:56:49.129,67.3600,38
43009129009496,11:56:49.129,67.3600,1
43016673657389,11:56:56.673,67.3500,1
43028643732067,11:57:08.643,67.3500,100
43028653217340,11:57:08.653,67.3500,100
43028653286415,11:57:08.653,67.3500,100
43028656276882,11:57:08.656,67.3500,100
43058073716022,11:57:38.073,67.3600,100
43060202626348,11:57:40.202,67.3700,1
43065313955760,11:57:45.313,67.3800,3
43089226043778,11:58:09.226,67.3900,1
43089226043778,11:58:09.226,67.3900,100
43089226043778,11:58:09.226,67.3900,6
43092029023721,11:58:12.029,67.4000,100
43103769079692,11:58:23.769,67.4100,100
43103769111530,11:58:23.769,67.4100,9
43103769111530,11:58:23.769,67.4100,1
43103769111530,11:58:23.769,67.4100,9
43111045768572,11:58:31.045,67.4200,100
43111045768572,11:58:31.045,67.4200,14
43111045860345,11:58:31.045,67.4200,57
43111046144778,11:58:31.046,67.4200,29
43111046144778,11:58:31.046,67.4200,24
43125412783922,11:58:45.412,67.4400,100
43125417170049,11:58:45.417,67.4500,100
43128483589004,11:58:48.483,67.4500,100
43128483589004,11:58:48.483,67.4500,100
43137322165290,11:58:57.322,67.4500,100
43137322742439,11:58:57.322,67.4500,200
43137324965641,11:58:57.324,67.4500,11
43138338027138,11:58:58.338,67.4450,100
43141758867338,11:59:01.758,67.4500,1
43161763733263,11:59:21.763,67.4400,100
43161763733263,11:59:21.763,67.4400,2
43161764212872,11:59:21.764,67.4400,11
43161764325266,11:59:21.764,67.4400,89
43161768656006,11:59:21.768,67.4300,100
43161770795420,11:59:21.770,67.4300,100
43161788761530,11:59:21.788,67.4300,4
43161799375990,11:59:21.799,67.4300,100
43163322731479,11:59:23.322,67.4300,100
43193768456498,11:59:53.768,67.4400,100
43195503106493,11:59:55.503,67.4500,16
43197208862172,11:59:57.208,67.4500,2
43198377682227,11:59:58.377,67.4700,22
43198678758087,11:59:58.678,67.4700,100
43204896001648,12:00:04.896,67.4700,100
43204896001648,12:00:04.896,67.4700,4
43204896001648,12:00:04.896,67.4700,100
43209271786265,12:00:09.271,67.4700,100
43226874647292,12:00:26.874,67.4600,1
43226874647292,12:00:26.874,67.4600,99
43228529890866,12:00:28.529,67.4600,1
43236893931904,12:00:36.893,67.4600,1
43236893931904,12:00:36.893,67.4600,100
43250641220888,12:00:50.641,67.4600,100
43262497451363,12:01:02.497,67.4500,100
43271836363149,12:01:11.836,67.4500,1
43285736348474,12:01:25.736,67.4400,200
43285736348474,12:01:25.736,67.4400,100
43285736348474,12:01:25.736,67.4400,26
43285736348474,12:01:25.736,67.4400,100
43285740301105,12:01:25.740,67.4400,100
43285740301105,12:01:25.740,67.4400,100
43285740301105,12:01:25.740,67.4400,100
43285746349675,12:01:25.746,67.4400,90
43285840943733,12:01:25.840,67.4400,10
43285840943733,12:01:25.840,67.4400,100
43287057623054,12:01:27.057,67.4500,100
43287057623054,12:01:27.057,67.4500,100
43287057623054,12:01:27.057,67.4500,100
43296522814894,12:01:36.522,67.4500,100
43296522814894,12:01:36.522,67.4500,1
43296546281150,12:01:36.546,67.4400,100
43296546281150,12:01:36.546,67.4400,20
43296550634658,12:01:36.550,67.4400,26
43296550634658,12:01:36.550,67.4400,100
43296550634658,12:01:36.550,67.4400,100
43296550634658,12:01:36.550,67.4400,100
43296550634658,12:01:36.550,67.4400,100
43320017467245,12:02:00.017,67.4600,100
43330834582321,12:02:10.834,67.4700,41
43330834621698,12:02:10.834,67.4700,59
43336723247942,12:02:16.723,67.5100,15
43339729384714,12:02:19.729,67.5200,1
43339729384714,12:02:19.729,67.5200,99
43339729832680,12:02:19.729,67.5200,54
43339730050441,12:02:19.730,67.5200,46
43346310475200,12:02:26.310,67.5200,3
43346310475200,12:02:26.310,67.5200,97
43346310908832,12:02:26.310,67.5200,3
43346310908832,12:02:26.310,67.5200,97
43346310963421,12:02:26.310,67.5200,100
43360026653562,12:02:40.026,67.5500,10
43360026653562,12:02:40.026,67.5500,90
43360116503301,12:02:40.116,67.5500,10
43360116503301,12:02:40.116,67.5500,90
43361670334860,12:02:41.670,67.5500,100
43375933291138,12:02:55.933,67.5300,200
43375933291138,12:02:55.933,67.5300,100
43375933746256,12:02:55.933,67.5400,100
43379711129147,12:02:59.711,67.5400,2
43402660982894,12:03:22.660,67.5600,700
43403747163567,12:03:23.747,67.5700,100
43403759097361,12:03:23.759,67.5700,28
43403759097361,12:03:23.759,67.5700,72
43403801440572,12:03:23.801,67.5700,28
43407229025109,12:03:27.229,67.5700,100
43426684775722,12:03:46.684,67.5800,1
43448487916031,12:04:08.487,67.5800,100
43448487916031,12:04:08.487,67.5800,2
43448487937185,12:04:08.487,67.5800,100
43448488759041,12:04:08.488,67.5800,100
43452963755042,12:04:12.963,67.5700,100
43458499321319,12:04:18.499,67.5700,100
43464692494154,12:04:24.692,67.5800,4
43485501471457,12:04:45.501,67.5700,1
43495927652810,12:04:55.927,67.5700,100
43495927652810,12:04:55.927,67.5700,1
43495927652810,12:04:55.927,67.5700,100
43495927749965,12:04:55.927,67.5700,81
43495928967863,12:04:55.928,67.5700,100
43495928967863,12:04:55.928,67.5700,72
43553057642946,12:05:53.057,67.5700,1
43553065303946,12:05:53.065,67.5600,100
43555932050095,12:05:55.932,67.5600,100
43569518374628,12:06:09.518,67.5700,100
43569726786709,12:06:09.726,67.5700,100
43569726786709,12:06:09.726,67.5700,100
43569737017810,12:06:09.737,67.5700,1
43576434502810,12:06:16.434,67.5700,3
43576434505265,12:06:16.434,67.5700,3
43576434514367,12:06:16.434,67.5700,100
43576434537810,12:06:16.434,67.5700,100
43576434626015,12:06:16.434,67.5700,103
43576434682756,12:06:16.434,67.5700,90
43576434822326,12:06:16.434,67.5600,2
43576434822326,12:06:16.434,67.5600,1
43576435941987,12:06:16.435,67.5600,90
43576435941987,12:06:16.435,67.5600,13
43603626500567,12:06:43.626,67.5700,100
43615945829385,12:06:55.945,67.5700,100
43615945829385,12:06:55.945,67.5700,100
43615945855187,12:06:55.945,67.5700,1
43615953937213,12:06:55.953,67.5600,200
43621760222443,12:07:01.760,67.5500,30
43621760222443,12:07:01.760,67.5500,100
43629790828168,12:07:09.790,67.5400,90
43629790828168,12:07:09.790,67.5400,10
43629790941225,12:07:09.790,67.5400,90
43647451402278,12:07:27.451,67.5400,18
43647451402278,12:07:27.451,67.5400,62
43647451414433,12:07:27.451,67.5400,38
43647451414433,12:07:27.451,67.5400,80
43647451429888,12:07:27.451,67.5400,20
43648028993399,12:07:28.028,67.5300,100
43668135297612,12:07:48.135,67.5400,100
43668135309953,12:07:48.135,67.5400,62
43668135327779,12:07:48.135,67.5400,35
43668135346336,12:07:48.135,67.5400,3
43668135398182,12:07:48.135,67.5400,100
43668135489098,12:07:48.135,67.5400,100
43673988435198,12:07:53.988,67.5450,100
43676948452221,12:07:56.948,67.5400,100
43676948452221,12:07:56.948,67.5400,1
43676948623012,12:07:56.948,67.5400,95
43676948623012,12:07:56.948,67.5400,5
43744143469518,12:09:04.143,67.5300,3
43744143469518,12:09:04.143,67.5300,100
43744143469518,12:09:04.143,67.5300,1
43744143469518,12:09:04.143,67.5300,95
43744143469518,12:09:04.143,67.5300,100
43744155847499,12:09:04.155,67.5300,100
43744155847499,12:09:04.155,67.5300,100
43744155847499,12:09:04.155,67.5300,100
43750721764055,12:09:10.721,67.5200,100
43750726723680,12:09:10.726,67.5000,100
43750726723680,12:09:10.726,67.5000,100
43750727470910,12:09:10.727,67.5000,27
43751497845011,12:09:11.497,67.4950,100
43751498319048,12:09:11.498,67.5000,100
43751498409823,12:09:11.498,67.5000,100
43751552917183,12:09:11.552,67.5000,100
43772920762421,12:09:32.920,67.4900,1
43777144433889,12:09:37.144,67.4600,100
43781682620814,12:09:41.682,67.4600,100
43781682620814,12:09:41.682,67.4600,100
43781682620814,12:09:41.682,67.4600,63
43806416317016,12:10:06.416,67.4700,40
43809015319219,12:10:09.015,67.4600,100
43809015319219,12:10:09.015,67.4600,1
43828580359041,12:10:28.580,67.4500,36
43828580359041,12:10:28.580,67.4500,100
43828580359041,12:10:28.580,67.4500,89
43836014198357,12:10:36.014,67.4500,111
43836014198357,12:10:36.014,67.4500,89
43839520855880,12:10:39.520,67.4500,100
43839520855880,12:10:39.520,67.4500,200
43839520855880,12:10:39.520,67.4500,100
43860431305626,12:11:00.431,67.4600,100
43896069724229,12:11:36.069,67.4800,1
43905129507232,12:11:45.129,67.4800,77
43905129553991,12:11:45.129,67.4800,23
43905129553991,12:11:45.129,67.4800,6
43905129754032,12:11:45.129,67.4800,29
43905129920041,12:11:45.129,67.4800,71
43915356887382,12:11:55.356,67.4700,100
43951806451607,12:12:31.806,67.4700,8
43973508665304,12:12:53.508,67.4800,19
43973508954699,12:12:53.508,67.4800,81
44008607959777,12:13:28.607,67.5000,1
44028242234997,12:13:48.242,67.5100,100
44028242234997,12:13:48.242,67.5100,100
44028258078487,12:13:48.258,67.5200,100
44028258078487,12:13:48.258,67.5200,100
44028258078487,12:13:48.258,67.5200,100
44028261499575,12:13:48.261,67.5300,100
44028261499575,12:13:48.261,67.5300,50
44028261603922,12:13:48.261,67.5300,50
44033048875469,12:13:53.048,67.5400,50
44035863310809,12:13:55.863,67.5400,50
44036365046739,12:13:56.365,67.5400,100
44036920492258,12:13:56.920,67.5300,100
44036920492258,12:13:56.920,67.5300,17
44036920492258,12:13:56.920,67.5300,83
44036920526769,12:13:56.920,67.5300,17
44036924227963,12:13:56.924,67.5300,100
44041596970902,12:14:01.596,67.5300,5
44041596995513,12:14:01.596,67.5300,50
44058120285024,12:14:18.120,67.5200,3
44060778606283,12:14:20.778,67.5100,22
44060778606283,12:14:20.778,67.5100,100
44070952988665,12:14:30.952,67.5100,100
44090030100836,12:14:50.030,67.5200,100
44119837099543,12:15:19.837,67.5300,3
44119838241480,12:15:19.838,67.5300,31
44119838241480,12:15:19.838,67.5300,69
44130947185286,12:15:30.947,67.5400,4
44155320705415,12:15:55.320,67.5200,100
44155320778619,12:15:55.320,67.5200,100
44155321185836,12:15:55.321,67.5200,100
44165232640210,12:16:05.232,67.5200,100
44165327782994,12:16:05.327,67.5200,100
44165327782994,12:16:05.327,67.5200,100
44176812680838,12:16:16.812,67.5100,100
44176812680838,12:16:16.812,67.5100,28
44176812680838,12:16:16.812,67.5100,4
44176812680838,12:16:16.812,67.5100,100
44176813781045,12:16:16.813,67.5100,200
44210127629562,12:16:50.127,67.5100,44
44210128374138,12:16:50.128,67.5100,56
44214473978979,12:16:54.473,67.5300,76
44217379224773,12:16:57.379,67.5200,100
44218888471813,12:16:58.888,67.5200,100
44227900030998,12:17:07.900,67.5200,100
44228918025976,12:17:08.918,67.5200,100
44259811950591,12:17:39.811,67.5300,100
44266637572271,12:17:46.637,67.5400,2
44266637932518,12:17:46.637,67.5400,100
44277390482108,12:17:57.390,67.5400,100
44277390482108,12:17:57.390,67.5400,100
44282850513422,12:18:02.850,67.5300,100
44282880599410,12:18:02.880,67.5200,100
44282881258497,12:18:02.881,67.5200,5
44318101941764,12:18:38.101,67.5200,100
44318102339454,12:18:38.102,67.5200,71
44318103008620,12:18:38.103,67.5200,100
44320390037087,12:18:40.390,67.5200,4
44320390204149,12:18:40.390,67.5200,4
44320390360905,12:18:40.390,67.5200,4
44320391521937,12:18:40.391,67.5100,4
44320393018154,12:18:40.393,67.5200,100
44320393018154,12:18:40.393,67.5200,17
44324951590975,12:18:44.951,67.5100,72
44357318228582,12:19:17.318,67.5200,8
44357318334099,12:19:17.318,67.5200,92
44369051152941,12:19:29.051,67.5300,100
44369051697781,12:19:29.051,67.5300,1
44384266619185,12:19:44.266,67.5400,100
44384266619185,12:19:44.266,67.5400,26
44405828067943,12:20:05.828,67.5400,1
44408170030945,12:20:08.170,67.5400,100
44408420825906,12:20:08.420,67.5400,99
44410653091592,12:20:10.653,67.5400,25
44410653091592,12:20:10.653,67.5400,100
44423034652600,12:20:23.034,67.5400,200
44426542151687,12:20:26.542,67.5500,100
44439530885581,12:20:39.530,67.5400,100
44439530885581,12:20:39.530,67.5400,26
44446202218843,12:20:46.202,67.5400,10
44446202265033,12:20:46.202,67.5400,90
44446202265033,12:20:46.202,67.5400,3
44466941389521,12:21:06.941,67.5300,4
44466941389521,12:21:06.941,67.5300,100
44466970850163,12:21:06.970,67.5200,500
44507087354749,12:21:47.087,67.4800,84
44507087382139,12:21:47.087,67.4800,16
44507087382139,12:21:47.087,67.4800,100
44511862351071,12:21:51.862,67.4900,100
44511862351071,12:21:51.862,67.4900,100
44530753136116,12:22:10.753,67.4900,42
44530753317339,12:22:10.753,67.4900,58
44530753317339,12:22:10.753,67.4900,5
44530753317339,12:22:10.753,67.4900,1
44546170841303,12:22:26.170,67.5000,12
44553911224325,12:22:33.911,67.5000,15
44553916612244,12:22:33.916,67.4900,100
44588476470190,12:23:08.476,67.4800,26
44597815140693,12:23:17.815,67.5000,100
44597823326205,12:23:17.823,67.5000,1
44597923516314,12:23:17.923,67.5000,1
44597923516314,12:23:17.923,67.5000,100
44597923516314,12:23:17.923,67.5000,100
44597923516314,12:23:17.923,67.5000,100
44597923516314,12:23:17.923,67.5000,100
44597923516314,12:23:17.923,67.5000,100
44600343807396,12:23:20.343,67.5000,200
44600347877011,12:23:20.347,67.5000,100
44601070569117,12:23:21.070,67.5000,200
44601070569117,12:23:21.070,67.5000,100
44605078691391,12:23:25.078,67.4800,100
44605950440608,12:23:25.950,67.4850,100
44614163740650,12:23:34.163,67.4800,100
44636414186886,12:23:56.414,67.4700,100
44636414215805,12:23:56.414,67.4700,1
44650140342904,12:24:10.140,67.4700,100
44650140369200,12:24:10.140,67.4700,8
44650141248673,12:24:10.141,67.4700,100
44650141248673,12:24:10.141,67.4700,100
44659067346088,12:24:19.067,67.4700,58
44675611544733,12:24:35.611,67.4700,23
44675612935634,12:24:35.612,67.4700,13
44689064499445,12:24:49.064,67.4600,100
44689064499445,12:24:49.064,67.4600,1
44689064499445,12:24:49.064,67.4600,100
44689064499445,12:24:49.064,67.4600,5
44689064713531,12:24:49.064,67.4600,100
44689096295806,12:24:49.096,67.4500,100
44701105328193,12:25:01.105,67.4450,100
44701105953031,12:25:01.105,67.4450,100
44701106109780,12:25:01.106,67.4500,44
44701106159829,12:25:01.106,67.4500,56
44709481422675,12:25:09.481,67.4300,100
44709481422675,12:25:09.481,67.4300,100
44709481422675,12:25:09.481,67.4300,100
44722767866355,12:25:22.767,67.4300,100
44722768387692,12:25:22.768,67.4300,1
44722768451754,12:25:22.768,67.4300,99
44722768451754,12:25:22.768,67.4300,3
44724799466483,12:25:24.799,67.4400,18
44738168513565,12:25:38.168,67.4200,1
44761079655750,12:26:01.079,67.4300,1
44761335366737,12:26:01.335,67.4400,65
44761400074263,12:26:01.400,67.4400,62
44773177150617,12:26:13.177,67.4300,1
44773177150617,12:26:13.177,67.4300,6
44805346938780,12:26:45.346,67.4400,100
44810790462161,12:26:50.790,67.4400,100
44817162035861,12:26:57.162,67.4500,3
44817162203949,12:26:57.162,67.4500,97
44825005685658,12:27:05.005,67.4600,3
44825005685658,12:27:05.005,67.4600,100
44825005685658,12:27:05.005,67.4600,97
44830904195446,12:27:10.904,67.4600,100
44831482820590,12:27:11.482,67.4500,1
44831482820590,12:27:11.482,67.4500,99
44831482851396,12:27:11.482,67.4500,1
44831490206505,12:27:11.490,67.4500,100
44831490206505,12:27:11.490,67.4500,100
44831490206505,12:27:11.490,67.4500,100
44840909200085,12:27:20.909,67.4600,100
44847191151693,12:27:27.191,67.4700,1
44876058967829,12:27:56.058,67.4800,100
44908300341289,12:28:28.300,67.4900,99
44908300474253,12:28:28.300,67.4900,3
44908300474253,12:28:28.300,67.4900,92
44923911897468,12:28:43.911,67.4800,100
44923911910534,12:28:43.911,67.4800,27
44937897068058,12:28:57.897,67.5000,22
44937955960917,12:28:57.955,67.4900,200
44937955960917,12:28:57.955,67.4900,100
44949454268541,12:29:09.454,67.4900,100
44994873599662,12:29:54.873,67.5100,100
44994882360072,12:29:54.882,67.5100,1
44996458954565,12:29:56.458,67.5000,1
45006619930695,12:30:06.619,67.4900,1
45006619930695,12:30:06.619,67.4900,1
45006620588843,12:30:06.620,67.4900,4
45009005799159,12:30:09.005,67.4900,96
45029897282222,12:30:29.897,67.5000,14
45029897419625,12:30:29.897,67.5000,51
45029897529917,12:30:29.897,67.5000,35
45029998964965,12:30:29.998,67.5000,100
45030015184662,12:30:30.015,67.5000,100
45031278062556,12:30:31.278,67.5000,100
45034250028386,12:30:34.250,67.4900,53
45034250104405,12:30:34.250,67.4900,47
45034283022037,12:30:34.283,67.4900,100
45034283022037,12:30:34.283,67.4900,100
45034283022037,12:30:34.283,67.4900,100
45034283022037,12:30:34.283,67.4900,100
45067840688618,12:31:07.840,67.4900,20
45070044014725,12:31:10.044,67.4850,100
45094260995399,12:31:34.260,67.4900,20
45094260995399,12:31:34.260,67.4900,80
45117463566427,12:31:57.463,67.4800,100
45117463566427,12:31:57.463,67.4800,100
45119604022743,12:31:59.604,67.4850,100
45120104017656,12:32:00.104,67.4850,100
45121867677884,12:32:01.867,67.4800,100
45125445340431,12:32:05.445,67.4700,5
45150940813839,12:32:30.940,67.4400,100
45150941855331,12:32:30.941,67.4400,2
45150942468771,12:32:30.942,67.4400,98
45152570097178,12:32:32.570,67.4300,100
45154063386165,12:32:34.063,67.4400,100
45160578618859,12:32:40.578,67.4500,100
45160578647438,12:32:40.578,67.4500,100
45182741019850,12:33:02.741,67.4400,100
45183401569487,12:33:03.401,67.4300,84
45183401611486,12:33:03.401,67.4300,16
45184671967326,12:33:04.671,67.4300,100
45184677001334,12:33:04.677,67.4300,100
45189649916430,12:33:09.649,67.4300,100
45189649916430,12:33:09.649,67.4300,9
45215721127003,12:33:35.721,67.4200,100
45215721410686,12:33:35.721,67.4200,90
45227527761763,12:33:47.527,67.4100,100
45248534778024,12:34:08.534,67.4100,100
45252678483765,12:34:12.678,67.4000,1
45252678483765,12:34:12.678,67.4000,6
45255334162442,12:34:15.334,67.4000,100
45255350508762,12:34:15.350,67.4000,100
45255350508762,12:34:15.350,67.4000,100
45255880286116,12:34:15.880,67.4000,100
45298477672509,12:34:58.477,67.3900,100
45327476644944,12:35:27.476,67.4000,100
45330120671427,12:35:30.120,67.4000,100
45332955521382,12:35:32.955,67.3900,1
45332955521382,12:35:32.955,67.3900,1
45332955521382,12:35:32.955,67.3900,100
45332955521382,12:35:32.955,67.3900,100
45332955521382,12:35:32.955,67.3900,100
45332955521382,12:35:32.955,67.3900,100
45332955521382,12:35:32.955,67.3900,27
45336971840885,12:35:36.971,67.3800,100
45354714209638,12:35:54.714,67.3800,100
45354741479604,12:35:54.741,67.3800,1
45356484936453,12:35:56.484,67.3800,100
45360864535739,12:36:00.864,67.3850,100
45371236338865,12:36:11.236,67.3900,1
45371236338865,12:36:11.236,67.3900,1
45371236404549,12:36:11.236,67.3900,51
45371236609858,12:36:11.236,67.3900,48
45372122633846,12:36:12.122,67.3800,8
45374419333191,12:36:14.419,67.3700,100
45379557823248,12:36:19.557,67.3700,100
45388265031867,12:36:28.265,67.3800,100
45428032910647,12:37:08.032,67.3800,100
45437966793034,12:37:17.966,67.3900,100
45453231100358,12:37:33.231,67.3900,14
45453231139395,12:37:33.231,67.3900,41
45453234955359,12:37:33.234,67.3900,100
45456568766484,12:37:36.568,67.3800,106
45456569710422,12:37:36.569,67.3800,94
45488669526300,12:38:08.669,67.4000,100
45488669529725,12:38:08.669,67.4000,98
45488669590227,12:38:08.669,67.4000,2
45488672728590,12:38:08.672,67.4000,1
45544563344865,12:39:04.563,67.4000,81
45553948752246,12:39:13.948,67.4000,26
45553948752246,12:39:13.948,67.4000,100
45567302573281,12:39:27.302,67.3900,1
45567302573281,12:39:27.302,67.3900,7
45569157962228,12:39:29.157,67.3900,60
45569158199967,12:39:29.158,67.3900,40
45569267951542,12:39:29.267,67.4000,22
45578442578491,12:39:38.442,67.4000,59
45578442592532,12:39:38.442,67.4000,19
45596727725153,12:39:56.727,67.3800,1
45613440515913,12:40:13.440,67.4000,1
45631690912636,12:40:31.690,67.4000,6
45631690912636,12:40:31.690,67.4000,1
45631694928869,12:40:31.694,67.3900,24
