timestamp,time,price,volume
25833971056288,07:10:33.971,12.0000,1000
25834988671840,07:10:34.988,12.0000,100
26205302985199,07:16:45.302,11.9000,900
29096720740025,08:04:56.720,12.0000,200
29890456571777,08:18:10.456,12.0000,2
29928408771275,08:18:48.408,12.0000,7
31748200794546,08:49:08.200,11.9800,1
32191087201152,08:56:31.087,11.9800,10
34200039025822,09:30:00.039,0.0000,0
34212790693412,09:30:12.790,11.9900,145
34212790717961,09:30:12.790,11.9900,355
34413585659558,09:33:33.585,11.9700,100
34419676014277,09:33:39.676,11.9700,52
34431742374452,09:33:51.742,11.9800,166
34466356889691,09:34:26.356,12.0000,100
34466356951035,09:34:26.356,12.0000,100
34466363009793,09:34:26.363,12.0000,400
34466363009793,09:34:26.363,12.0000,100
34466633410925,09:34:26.633,12.0000,100
34466633410925,09:34:26.633,12.0000,100
34469193076787,09:34:29.193,11.9900,200
34498598712002,09:34:58.598,11.9800,100
34498598712002,09:34:58.598,11.9800,100
34529480445264,09:35:29.480,11.9800,200
34529480445264,09:35:29.480,11.9800,100
34529480445264,09:35:29.480,11.9800,100
34630235755224,09:37:10.235,11.9700,100
34630235755224,09:37:10.235,11.9800,100
34630235755224,09:37:10.235,11.9800,100
34682456775446,09:38:02.456,11.9700,200
34682456775446,09:38:02.456,11.9700,20
34682457074882,09:38:02.457,11.9700,80
34864580137655,09:41:04.580,11.9600,8
34904968311594,09:41:44.968,11.9600,100
34904993117894,09:41:44.993,11.9550,100
34905013151315,09:41:45.013,11.9500,100
34905013151315,09:41:45.013,11.9500,100
34905038870193,09:41:45.038,11.9500,237
34905038870193,09:41:45.038,11.9500,100
34905038870193,09:41:45.038,11.9500,100
34905170949432,09:41:45.170,11.9500,100
34909971233686,09:41:49.971,11.9600,200
34953172596304,09:42:33.172,11.9600,100
34963240059446,09:42:43.240,11.9600,100
35013590368348,09:43:33.590,11.9700,100
35013594940275,09:43:33.594,11.9700,100
35048885281530,09:44:08.885,11.9600,100
35119172463780,09:45:19.172,11.9600,100
35169483557528,09:46:09.483,11.9600,100
35231172353367,09:47:11.172,11.9600,89
35291771888320,09:48:11.771,11.9600,100
35535925225051,09:52:15.925,11.9500,100
35679753242688,09:54:39.753,11.9500,100
35869092097254,09:57:49.092,11.9550,400
35869092742500,09:57:49.092,11.9600,48
35869096849777,09:57:49.096,11.9600,52
35900504009009,09:58:20.504,11.9550,700
36019011170774,10:00:19.011,11.9500,100
36182181303949,10:03:02.181,11.9400,100
36182181303949,10:03:02.181,11.9400,100
36263681693866,10:04:23.681,11.9350,100
36263687948464,10:04:23.687,11.9350,100
36296419998829,10:04:56.419,11.9300,100
36296419998829,10:04:56.419,11.9300,100
36581742285862,10:09:41.742,11.9300,100
36581742285862,10:09:41.742,11.9300,100
36581742285862,10:09:41.742,11.9300,100
37089741270296,10:18:09.741,11.9300,100
37514005509534,10:25:14.005,11.9300,100
37514005509534,10:25:14.005,11.9300,38
37514005509534,10:25:14.005,11.9300,38
37514118429079,10:25:14.118,11.9200,100
37514118429079,10:25:14.118,11.9200,100
37514118429079,10:25:14.118,11.9200,100
37514118429079,10:25:14.118,11.9200,100
37514118429079,10:25:14.118,11.9200,100
37514156497706,10:25:14.156,11.9200,100
37514156497706,10:25:14.156,11.9200,100
37514495491361,10:25:14.495,11.9200,100
37514495491361,10:25:14.495,11.9200,100
37514495491361,10:25:14.495,11.9200,1
37514609490461,10:25:14.609,11.9200,100
37577109407560,10:26:17.109,11.9250,100
37577109407560,10:26:17.109,11.9300,100
37633377856729,10:27:13.377,11.9300,100
37758940422987,10:29:18.940,11.9250,100
37758940422987,10:29:18.940,11.9250,100
37758940422987,10:29:18.940,11.9300,100
37758940436521,10:29:18.940,11.9300,100
37758940436521,10:29:18.940,11.9300,100
37758945075504,10:29:18.945,11.9350,400
37857479583871,10:30:57.479,11.9300,100
37867094692839,10:31:07.094,11.9300,100
37867094692839,10:31:07.094,11.9300,100
37965441645679,10:32:45.441,11.9400,100
37965441645679,10:32:45.441,11.9400,100
37965441645679,10:32:45.441,11.9400,100
38216941242779,10:36:56.941,11.9450,100
38216941242779,10:36:56.941,11.9500,100
38216941242779,10:36:56.941,11.9500,100
38216941242779,10:36:56.941,11.9500,100
38217441036483,10:36:57.441,11.9450,500
38221277000329,10:37:01.277,11.9500,100
38233565560061,10:37:13.565,11.9500,100
38233565988038,10:37:13.565,11.9500,1
38266102842106,10:37:46.102,11.9400,1
38266102842106,10:37:46.102,11.9400,100
38266102842106,10:37:46.102,11.9400,29
38266102877920,10:37:46.102,11.9400,71
38297035031437,10:38:17.035,11.9350,300
38329477017454,10:38:49.477,11.9350,300
38342134119741,10:39:02.134,11.9400,184
38342134144534,10:39:02.134,11.9400,108
38342134200591,10:39:02.134,11.9400,20
38342134238399,10:39:02.134,11.9400,471
38342134471503,10:39:02.134,11.9400,100
38342134504571,10:39:02.134,11.9400,100
38342134550384,10:39:02.134,11.9400,17
38610951979242,10:43:30.951,11.9400,100
38663140570519,10:44:23.140,11.9350,20
38862694394760,10:47:42.694,11.9400,100
38862694394760,10:47:42.694,11.9400,38
38862694394760,10:47:42.694,11.9400,38
39000185888491,10:50:00.185,11.9300,100
39000185888491,10:50:00.185,11.9300,20
39000185888491,10:50:00.185,11.9300,138
39000185888491,10:50:00.185,11.9300,138
39324172077471,10:55:24.172,11.9250,100
39324172077471,10:55:24.172,11.9250,100
39324173132077,10:55:24.173,11.9250,400
39608767732594,11:00:08.767,11.9300,20
39614621882314,11:00:14.621,11.9300,80
39614621882314,11:00:14.621,11.9300,400
39634544524852,11:00:34.544,11.9300,100
39634544719779,11:00:34.544,11.9300,100
39634544719779,11:00:34.544,11.9300,100
39634544719779,11:00:34.544,11.9300,100
39634544719779,11:00:34.544,11.9300,100
39641882888301,11:00:41.882,11.9300,100
39641992823642,11:00:41.992,11.9300,300
39641992823642,11:00:41.992,11.9300,100
39641992823642,11:00:41.992,11.9300,200
39641992823642,11:00:41.992,11.9300,100
39664036048098,11:01:04.036,11.9350,300
39723409445888,11:02:03.409,11.9400,100
39836279229454,11:03:56.279,11.9500,100
39836279229454,11:03:56.279,11.9500,100
39836279229454,11:03:56.279,11.9500,100
39836779025669,11:03:56.779,11.9450,300
40482635707443,11:14:42.635,11.9500,20
41268572584962,11:27:48.572,11.9500,100
41424956227364,11:30:24.956,11.9400,100
41424956227364,11:30:24.956,11.9400,100
41424956227364,11:30:24.956,11.9400,300
41424956278796,11:30:24.956,11.9400,100
41690364120607,11:34:50.364,11.9400,100
41690364166907,11:34:50.364,11.9400,100
41690364166907,11:34:50.364,11.9400,100
41690364166907,11:34:50.364,11.9400,100
41893517482652,11:38:13.517,11.9400,37
42270276836561,11:44:30.276,11.9350,20
43212623594942,12:00:12.623,11.9300,100
43212623594942,12:00:12.623,11.9300,300
43291974679356,12:01:31.974,11.9300,1
43291974679356,12:01:31.974,11.9300,92
43300566981912,12:01:40.566,11.9300,208
43300567117360,12:01:40.567,11.9300,200
43300567447181,12:01:40.567,11.9300,300
43300567447181,12:01:40.567,11.9300,100
43300567510991,12:01:40.567,11.9300,208
43300567543977,12:01:40.567,11.9300,92
43300567543977,12:01:40.567,11.9300,100
43300567561083,12:01:40.567,11.9300,92
43301067726389,12:01:41.067,11.9300,108
43301069138416,12:01:41.069,11.9300,100
43301069910759,12:01:41.069,11.9300,100
43312591614407,12:01:52.591,11.9200,100
43312591637953,12:01:52.591,11.9200,4
43312591754084,12:01:52.591,11.9200,16
43312591754084,12:01:52.591,11.9200,100
43312591754084,12:01:52.591,11.9200,100
43615915001271,12:06:55.915,11.9150,100
43615915001271,12:06:55.915,11.9150,100
43615915001271,12:06:55.915,11.9150,400
43615915001271,12:06:55.915,11.9200,100
43615915001271,12:06:55.915,11.9200,100
43615915001271,12:06:55.915,11.9200,100
43615915001271,12:06:55.915,11.9200,11
43615915001271,12:06:55.915,11.9200,400
43615915001271,12:06:55.915,11.9200,200
43615915001271,12:06:55.915,11.9200,489
43615915235986,12:06:55.915,11.9200,11
43631258946111,12:07:11.258,11.9200,100
43631258946111,12:07:11.258,11.9200,100
43631258946111,12:07:11.258,11.9200,100
43631258946111,12:07:11.258,11.9200,184
43631258946111,12:07:11.258,11.9200,100
43631258946111,12:07:11.258,11.9200,100
43631258946111,12:07:11.258,11.9200,516
43631260427673,12:07:11.260,11.9200,100
43631260427673,12:07:11.260,11.9200,100
43631260427673,12:07:11.260,11.9200,100
43637938438890,12:07:17.938,11.9150,100
43637938438890,12:07:17.938,11.9150,400
43637938438890,12:07:17.938,11.9150,100
43637938438890,12:07:17.938,11.9200,100
43637938438890,12:07:17.938,11.9200,100
43637938438890,12:07:17.938,11.9200,100
43637938438890,12:07:17.938,11.9200,100
43637938438890,12:07:17.938,11.9200,100
43637938984249,12:07:17.938,11.9200,100
43637938984249,12:07:17.938,11.9200,100
43937042192619,12:12:17.042,11.9300,300
43937042601168,12:12:17.042,11.9300,300
43937675705352,12:12:17.675,11.9400,100
44171728535628,12:16:11.728,11.9500,100
44171728535628,12:16:11.728,11.9500,100
44171728535628,12:16:11.728,11.9500,100
44171728535628,12:16:11.728,11.9500,100
44171728535628,12:16:11.728,11.9500,100
44171728846218,12:16:11.728,11.9500,28
44171729449362,12:16:11.729,11.9500,72
44171729449362,12:16:11.729,11.9500,100
44171729449362,12:16:11.729,11.9500,28
44175713243573,12:16:15.713,11.9500,1
44175713243573,12:16:15.713,11.9500,100
44175713243573,12:16:15.713,11.9500,100
44483536575155,12:21:23.536,11.9500,100
44483536575155,12:21:23.536,11.9500,100
44483536575155,12:21:23.536,11.9500,100
44483536575155,12:21:23.536,11.9500,100
44613186926419,12:23:33.186,11.9500,100
44613186926419,12:23:33.186,11.9500,500
45309940950909,12:35:09.940,11.9400,94
45309940975861,12:35:09.940,11.9400,6
45309940975861,12:35:09.940,11.9400,1
45338591154165,12:35:38.591,11.9400,94
45391922934326,12:36:31.922,11.9400,94
45391922958682,12:36:31.922,11.9400,503
45391924494862,12:36:31.924,11.9400,1
45470515108069,12:37:50.515,11.9350,20
45884184234591,12:44:44.184,11.9350,250
45884184729606,12:44:44.184,11.9350,150
45884184729606,12:44:44.184,11.9350,250
45898484032434,12:44:58.484,11.9400,100
45898484032434,12:44:58.484,11.9400,100
45898484032434,12:44:58.484,11.9400,100
45898484032434,12:44:58.484,11.9400,400
45898484032434,12:44:58.484,11.9400,100
45898484032434,12:44:58.484,11.9400,15
45964617611675,12:46:04.617,11.9400,2
45984435139380,12:46:24.435,11.9400,100
45984435139380,12:46:24.435,11.9400,100
46041666021627,12:47:21.666,11.9400,100
46041666021627,12:47:21.666,11.9400,21
46221021390529,12:50:21.021,11.9400,100
46221021390529,12:50:21.021,11.9400,100
46221021541392,12:50:21.021,11.9400,200
46221021624301,12:50:21.021,11.9400,100
46221021624301,12:50:21.021,11.9400,100
46221021624301,12:50:21.021,11.9400,100
46913048992514,13:01:53.048,11.9400,100
46913048992514,13:01:53.048,11.9400,5
46913048992514,13:01:53.048,11.9400,195
46913049043820,13:01:53.049,11.9400,15
46913049779865,13:01:53.049,11.9400,254
46913050019533,13:01:53.050,11.9400,71
46913050728430,13:01:53.050,11.9400,365
46913050728430,13:01:53.050,11.9400,400
47140880156758,13:05:40.880,11.9450,100
47335781847920,13:08:55.781,11.9450,20
47632362366795,13:13:52.362,11.9400,100
47632362366795,13:13:52.362,11.9400,300
47632362366795,13:13:52.362,11.9400,400
47632362551289,13:13:52.362,11.9400,37
48274980902926,13:24:34.980,11.9400,100
48274980902926,13:24:34.980,11.9400,100
48274980902926,13:24:34.980,11.9400,100
48274980902926,13:24:34.980,11.9400,263
48652585228754,13:30:52.585,11.9400,100
48652585228754,13:30:52.585,11.9400,100
48652585228754,13:30:52.585,11.9400,30
48652585228754,13:30:52.585,11.9400,2
48652585228754,13:30:52.585,11.9400,100
48652585228754,13:30:52.585,11.9400,100
48652585228754,13:30:52.585,11.9400,100
48652585228754,13:30:52.585,11.9400,100
48652585575369,13:30:52.585,11.9400,100
48652605646628,13:30:52.605,11.9400,42
48714936169429,13:31:54.936,11.9400,58
48715038646660,13:31:55.038,11.9400,42
49504611528371,13:45:04.611,11.9400,100
49504611528371,13:45:04.611,11.9400,100
49504611528371,13:45:04.611,11.9400,300
50156024761877,13:55:56.024,11.9300,1000
50156024761877,13:55:56.024,11.9300,500
50156055185064,13:55:56.055,11.9200,100
50156055185064,13:55:56.055,11.9200,20
50177500288741,13:56:17.500,11.9150,100
50177500288741,13:56:17.500,11.9150,100
50177500288741,13:56:17.500,11.9200,100
50177500288741,13:56:17.500,11.9200,100
50177500288741,13:56:17.500,11.9200,1
50177500288741,13:56:17.500,11.9200,100
50177500288741,13:56:17.500,11.9200,100
50177500288741,13:56:17.500,11.9200,100
50388116480627,13:59:48.116,11.9300,100
50388116480627,13:59:48.116,11.9300,153
50388116723661,13:59:48.116,11.9300,47
50388116723661,13:59:48.116,11.9300,100
50405097523479,14:00:05.097,11.9300,100
50409051453964,14:00:09.051,11.9400,6
50410398952546,14:00:10.398,11.9400,100
50410398952546,14:00:10.398,11.9400,194
50410398952546,14:00:10.398,11.9400,131
50413749846775,14:00:13.749,11.9500,54
50413749846775,14:00:13.749,11.9500,300
50436206627262,14:00:36.206,11.9500,100
50436206627262,14:00:36.206,11.9500,69
50436208276539,14:00:36.208,11.9500,100
50463644954540,14:01:03.644,11.9600,100
50465490598752,14:01:05.490,12.0000,100
50465497821560,14:01:05.497,12.0000,100
50465497835201,14:01:05.497,12.0000,100
50465598492933,14:01:05.598,12.0000,100
50465698897264,14:01:05.698,11.9950,100
50469201397616,14:01:09.201,11.9900,100
50476050378856,14:01:16.050,12.0000,100
50476050378856,14:01:16.050,12.0000,100
50476050378856,14:01:16.050,12.0000,100
50476226136786,14:01:16.226,12.0000,100
50476226136786,14:01:16.226,12.0000,100
50476553698401,14:01:16.553,12.0000,385
50476553698401,14:01:16.553,12.0000,100
50482045998135,14:01:22.045,12.0000,100
50482045998135,14:01:22.045,12.0000,100
50485673249810,14:01:25.673,12.0000,100
50489617155640,14:01:29.617,12.0100,100
50489617155640,14:01:29.617,12.0000,200
50489617155640,14:01:29.617,12.0000,100
50577471191242,14:02:57.471,12.0000,20
50580952035824,14:03:00.952,12.0000,80
50597942607407,14:03:17.942,12.0000,100
50666540457970,14:04:26.540,12.0100,100
50682297277295,14:04:42.297,12.0200,42
50682297302005,14:04:42.297,12.0200,58
50731859958264,14:05:31.859,12.0200,200
50731859958264,14:05:31.859,12.0200,100
50749845507956,14:05:49.845,12.0200,100
50786530974429,14:06:26.530,12.0200,100
50786530974429,14:06:26.530,12.0200,100
50832850180563,14:07:12.850,12.0200,100
50832850180563,14:07:12.850,12.0200,200
50832880440130,14:07:12.880,12.0200,100
50886973408388,14:08:06.973,12.0200,100
50915300770696,14:08:35.300,12.0200,100
50915335982284,14:08:35.335,12.0200,19
50965250596158,14:09:25.250,12.0200,37
50965250596158,14:09:25.250,12.0200,25
50965276038403,14:09:25.276,12.0100,50
50977194223039,14:09:37.194,12.0100,81
50977195399052,14:09:37.195,12.0100,100
51005954689784,14:10:05.954,12.0100,88
51005954689784,14:10:05.954,12.0100,100
51023653052902,14:10:23.653,12.0200,100
51023653052902,14:10:23.653,12.0200,100
51023653052902,14:10:23.653,12.0200,100
51023653052902,14:10:23.653,12.0200,100
51023653660474,14:10:23.653,12.0200,2
51023706865598,14:10:23.706,12.0200,100
51034449090992,14:10:34.449,12.0100,100
51034449090992,14:10:34.449,12.0100,37
51040612721080,14:10:40.612,12.0100,200
51101324890250,14:11:41.324,12.0300,26
51269692302197,14:14:29.692,12.0400,100
51269692302197,14:14:29.692,12.0400,100
51269695087704,14:14:29.695,12.0400,100
51279363834113,14:14:39.363,12.0400,100
51279363834113,14:14:39.363,12.0400,100
51279363834113,14:14:39.363,12.0400,100
51279363834113,14:14:39.363,12.0400,700
51279363834113,14:14:39.363,12.0400,100
51279477378844,14:14:39.477,12.0350,400
51279477378844,14:14:39.477,12.0350,100
51279477378844,14:14:39.477,12.0350,100
51279477613063,14:14:39.477,12.0350,200
51279921229636,14:14:39.921,12.0400,100
51279921229636,14:14:39.921,12.0400,100
51300182880204,14:15:00.182,12.0400,100
51300485491227,14:15:00.485,12.0300,100
51301015709378,14:15:01.015,12.0250,400
51301121043853,14:15:01.121,12.0250,400
51301121043853,14:15:01.121,12.0250,100
51301158795435,14:15:01.158,12.0250,100
51302507220880,14:15:02.507,12.0300,300
51302507220880,14:15:02.507,12.0300,300
51305580317153,14:15:05.580,12.0400,1000
51305580317153,14:15:05.580,12.0400,100
51307013526812,14:15:07.013,12.0400,37
51320305665505,14:15:20.305,12.0400,200
51320305665505,14:15:20.305,12.0400,500
51320305665505,14:15:20.305,12.0400,100
51320431662525,14:15:20.431,12.0350,100
51320940030303,14:15:20.940,12.0400,200
51320940030303,14:15:20.940,12.0400,100
51321014946684,14:15:21.014,12.0400,100
51364268986971,14:16:04.268,12.0450,100
51364268986971,14:16:04.268,12.0500,1000
51364270427142,14:16:04.270,12.0500,458
51369626803115,14:16:09.626,12.0500,10
51400193785953,14:16:40.193,12.0500,1295
51400194425032,14:16:40.194,12.0500,348
51400194482629,14:16:40.194,12.0500,349
51400195363349,14:16:40.195,12.0500,7301
51400197591579,14:16:40.197,12.0500,29
51429693450322,14:17:09.693,12.0500,86
51429693588883,14:17:09.693,12.0500,139
51429751409981,14:17:09.751,12.0500,510
51498577255739,14:18:18.577,12.0500,3775
51498577255739,14:18:18.577,12.0500,15925
51498577295058,14:18:18.577,12.0500,5075
51498577295058,14:18:18.577,12.0500,100
51498577295058,14:18:18.577,12.0500,300
51498577353438,14:18:18.577,12.0500,100
51498577353438,14:18:18.577,12.0500,500
51544592507459,14:19:04.592,12.0700,100
51544592507459,14:19:04.592,12.0700,100
51544696360994,14:19:04.696,12.0800,100
51548073278629,14:19:08.073,12.0800,100
51549593987857,14:19:09.593,12.0800,100
51549846771710,14:19:09.846,12.0800,100
51549846796079,14:19:09.846,12.0800,100
51607952814521,14:20:07.952,12.0700,100
51607952814521,14:20:07.952,12.0700,100
51607952814521,14:20:07.952,12.0700,100
51607952814521,14:20:07.952,12.0700,100
51607952814521,14:20:07.952,12.0700,200
51607952814521,14:20:07.952,12.0700,37
51607952814521,14:20:07.952,12.0700,2
51607952814521,14:20:07.952,12.0700,200
51607952995924,14:20:07.952,12.0700,100
51607952995924,14:20:07.952,12.0700,100
51607954470881,14:20:07.954,12.0650,300
51607954472205,14:20:07.954,12.0650,100
51607961440719,14:20:07.961,12.0650,300
51616468452627,14:20:16.468,12.0700,100
51637172269530,14:20:37.172,12.0600,100
51637172269530,14:20:37.172,12.0600,100
51637172297339,14:20:37.172,12.0600,37
51654742814629,14:20:54.742,12.0600,100
51654742814629,14:20:54.742,12.0600,100
51654742814629,14:20:54.742,12.0600,100
51728912059907,14:22:08.912,12.0650,100
51728912059907,14:22:08.912,12.0700,100
51728912059907,14:22:08.912,12.0700,100
51728912059907,14:22:08.912,12.0700,300
51728912059907,14:22:08.912,12.0800,100
51728912059907,14:22:08.912,12.0800,100
51728912059907,14:22:08.912,12.0800,100
51728912059907,14:22:08.912,12.0800,100
51728912059907,14:22:08.912,12.0800,100
51728912143825,14:22:08.912,12.0700,10
51728912151512,14:22:08.912,12.0700,90
51728914162124,14:22:08.914,12.0750,400
51728914162124,14:22:08.914,12.0800,100
51728914162124,14:22:08.914,12.0800,500
51728914375357,14:22:08.914,12.0800,400
51728914990568,14:22:08.914,12.0800,300
51728914990568,14:22:08.914,12.0800,100
51728916198587,14:22:08.916,12.0750,400
51728916198587,14:22:08.916,12.0800,100
51728916198587,14:22:08.916,12.0800,300
51728917134108,14:22:08.917,12.0800,100
51728917134108,14:22:08.917,12.0800,100
51754671166427,14:22:34.671,12.0700,100
51754671166427,14:22:34.671,12.0700,100
51754671166427,14:22:34.671,12.0700,100
51754671166427,14:22:34.671,12.0700,37
51781253933939,14:23:01.253,12.0700,100
51803801418953,14:23:23.801,12.0700,400
51803801418953,14:23:23.801,12.0700,100
51803801418953,14:23:23.801,12.0700,100
51803801418953,14:23:23.801,12.0700,100
51826212352835,14:23:46.212,12.0700,100
51826212352835,14:23:46.212,12.0700,37
52042038366510,14:27:22.038,12.0500,100
52065846940786,14:27:45.846,12.0400,100
52065846940786,14:27:45.846,12.0400,37
52065846966742,14:27:45.846,12.0400,100
52081905755569,14:28:01.905,12.0400,100
52081905755569,14:28:01.905,12.0400,200
52081905755569,14:28:01.905,12.0400,100
52162501891436,14:29:22.501,12.0300,20
52162501891436,14:29:22.501,12.0300,80
52209641589918,14:30:09.641,12.0250,6
52433876928356,14:33:53.876,12.0400,100
52433876928356,14:33:53.876,12.0400,100
52565022302837,14:36:05.022,12.0400,96
52643647563054,14:37:23.647,12.0400,100
52643647563054,14:37:23.647,12.0400,100
52724370204870,14:38:44.370,12.0600,100
52763373342938,14:39:23.373,12.0600,100
52763373342938,14:39:23.373,12.0600,2
52763377215361,14:39:23.377,12.0550,100
52847756312138,14:40:47.756,12.0600,100
52847871091334,14:40:47.871,12.0650,100
52860625098249,14:41:00.625,12.0650,81
52860626138195,14:41:00.626,12.0700,100
52860626138195,14:41:00.626,12.0700,100
52860626138195,14:41:00.626,12.0700,100
52860626676508,14:41:00.626,12.0700,100
52893172199110,14:41:33.172,12.0700,100
52893172199110,14:41:33.172,12.0700,100
52893172199110,14:41:33.172,12.0700,100
52910707235230,14:41:50.707,12.0700,200
52978020453203,14:42:58.020,12.0800,100
52978020453203,14:42:58.020,12.0800,42
53147409986198,14:45:47.409,12.0700,100
53299805931722,14:48:19.805,12.0800,100
53299805931722,14:48:19.805,12.0800,125
53299805964412,14:48:19.805,12.0800,175
53299805964412,14:48:19.805,12.0800,82
53299805969655,14:48:19.805,12.0800,18
53375755952623,14:49:35.755,12.0700,20
53419021096362,14:50:19.021,12.0600,100
53419021096362,14:50:19.021,12.0600,100
53419021096362,14:50:19.021,12.0600,100
53465245572829,14:51:05.245,12.0500,100
53509133065450,14:51:49.133,12.0400,100
53509133065450,14:51:49.133,12.0400,1
53509133065450,14:51:49.133,12.0400,100
53509134223813,14:51:49.134,12.0350,800
53509134223813,14:51:49.134,12.0300,100
53509134223813,14:51:49.134,12.0300,100
53509134223813,14:51:49.134,12.0300,100
53509134223813,14:51:49.134,12.0300,100
53509134223813,14:51:49.134,12.0300,100
53509135578930,14:51:49.135,12.0300,100
53509135578930,14:51:49.135,12.0300,100
53509136171281,14:51:49.136,12.0300,100
53509136171281,14:51:49.136,12.0300,100
53509250495238,14:51:49.250,12.0300,100
53509250495238,14:51:49.250,12.0300,100
53509629623757,14:51:49.629,12.0300,100
53511595091469,14:51:51.595,12.0300,100
53515203490620,14:51:55.203,12.0250,100
53515203490620,14:51:55.203,12.0250,100
53515203496969,14:51:55.203,12.0300,100
53515203496969,14:51:55.203,12.0300,100
53515203631174,14:51:55.203,12.0300,100
53515203646298,14:51:55.203,12.0300,100
53632441322346,14:53:52.441,12.0800,100
53632441322346,14:53:52.441,12.0800,70
53632441322346,14:53:52.441,12.0800,100
53668460925064,14:54:28.460,12.0800,100
53668460925064,14:54:28.460,12.0800,200
53668594265020,14:54:28.594,12.0800,200
53668594265020,14:54:28.594,12.0800,100
53668594265020,14:54:28.594,12.0800,100
53681757309204,14:54:41.757,12.0700,100
53681757309204,14:54:41.757,12.0700,100
53681757309204,14:54:41.757,12.0700,100
53693923548274,14:54:53.923,12.0700,20
53944908121438,14:59:04.908,12.0800,100
53944908121438,14:59:04.908,12.0800,200
53944908344937,14:59:04.908,12.0800,300
54194019810841,15:03:14.019,12.0800,100
54224465274690,15:03:44.465,12.0750,100
54224465274690,15:03:44.465,12.0750,100
54224465274690,15:03:44.465,12.0750,600
54225192647556,15:03:45.192,12.0750,204
54246308002251,15:04:06.308,12.0700,100
54246449372052,15:04:06.449,12.0700,100
54308712131148,15:05:08.712,12.0700,100
54308712131148,15:05:08.712,12.0700,100
54308847958286,15:05:08.847,12.0650,100
54308848046425,15:05:08.848,12.0650,100
54314003190839,15:05:14.003,12.0700,100
54314003190839,15:05:14.003,12.0700,100
54605376479069,15:10:05.376,12.0600,100
54757211331890,15:12:37.211,12.0450,20
54953244405233,15:15:53.244,12.0500,100
54953244446167,15:15:53.244,12.0500,500
54999503564629,15:16:39.503,12.0500,100
55074920214441,15:17:54.920,12.0500,100
55187029055062,15:19:47.029,12.0500,100
55187029055062,15:19:47.029,12.0500,100
55331615147799,15:22:11.615,12.0500,100
55381945838864,15:23:01.945,12.0500,100
55381945838864,15:23:01.945,12.0500,100
55381945838864,15:23:01.945,12.0500,300
55672146508499,15:27:52.146,12.0500,100
55672146508499,15:27:52.146,12.0500,100
55697577510337,15:28:17.577,12.0600,100
55697577510337,15:28:17.577,12.0600,100
55697577510337,15:28:17.577,12.0600,20
55697577510337,15:28:17.577,12.0600,100
55697577510337,15:28:17.577,12.0600,33
55697577531425,15:28:17.577,12.0600,267
55755610196114,15:29:15.610,12.0600,100
55755610196114,15:29:15.610,12.0600,100
55755610196114,15:29:15.610,12.0600,100
55755610196114,15:29:15.610,12.0600,200
55755610196114,15:29:15.610,12.0600,1
55778014580676,15:29:38.014,12.0500,2
55778714674398,15:29:38.714,12.0500,200
55858876837141,15:30:58.876,12.0500,100
55858876837141,15:30:58.876,12.0500,100
55858877068121,15:30:58.877,12.0500,100
55858877068121,15:30:58.877,12.0500,100
55858877667161,15:30:58.877,12.0500,100
55858877667161,15:30:58.877,12.0500,100
55871728073431,15:31:11.728,12.0500,200
55893484636767,15:31:33.484,12.0550,400
56049227916823,15:34:09.227,12.0550,100
56053576522545,15:34:13.576,12.0500,100
56053576522545,15:34:13.576,12.0500,100
56053576522545,15:34:13.576,12.0500,100
56053576522545,15:34:13.576,12.0500,100
56053576522545,15:34:13.576,12.0500,200
56134056011860,15:35:34.056,12.0500,20
56203444532671,15:36:43.444,12.0500,580
56203514911096,15:36:43.514,12.0500,100
56203514911096,15:36:43.514,12.0500,100
56208721989489,15:36:48.721,12.0500,100
56253104954319,15:37:33.104,12.0500,100
56253104954319,15:37:33.104,12.0500,100
56258225852649,15:37:38.225,12.0550,100
56258482803729,15:37:38.482,12.0550,100
56294684286203,15:38:14.684,12.0500,30
56302157553264,15:38:22.157,12.0500,70
56302157553264,15:38:22.157,12.0500,100
56302157553264,15:38:22.157,12.0500,10
56403694558691,15:40:03.694,12.0500,100
56403694558691,15:40:03.694,12.0500,100
56403694558691,15:40:03.694,12.0500,16
56403694558691,15:40:03.694,12.0500,59
56403694896756,15:40:03.694,12.0500,41
56403694896756,15:40:03.694,12.0500,100
56404389165948,15:40:04.389,12.0500,200
56404389165948,15:40:04.389,12.0500,200
56404712823959,15:40:04.712,12.0500,100
56404712823959,15:40:04.712,12.0500,100
56407483323462,15:40:07.483,12.0550,100
56407983520748,15:40:07.983,12.0550,100
56408240680492,15:40:08.240,12.0550,99
56500708576738,15:41:40.708,12.0400,100
56500708576738,15:41:40.708,12.0400,10
56534651999263,15:42:14.651,12.0400,300
56534651999263,15:42:14.651,12.0400,200
56681622970636,15:44:41.622,12.0450,100
56681984267027,15:44:41.984,12.0450,100
56682483957218,15:44:42.483,12.0450,100
56682984136887,15:44:42.984,12.0450,100
56682984891762,15:44:42.984,12.0450,100
56682985706845,15:44:42.985,12.0450,100
56683118333996,15:44:43.118,12.0450,100
56683431657638,15:44:43.431,12.0450,100
56683436367585,15:44:43.436,12.0450,100
56683437330888,15:44:43.437,12.0450,100
56683437754573,15:44:43.437,12.0450,100
56683438265683,15:44:43.438,12.0450,100
56755784789574,15:45:55.784,12.0500,20
56755787531044,15:45:55.787,12.0500,80
56755787531044,15:45:55.787,12.0500,300
56755787531044,15:45:55.787,12.0500,100
56755787531044,15:45:55.787,12.0500,100
56782903671970,15:46:22.903,12.0500,150
56782903671970,15:46:22.903,12.0500,50
56782904108588,15:46:22.904,12.0500,50
56785555916395,15:46:25.555,12.0450,300
56785561698354,15:46:25.561,12.0450,300
56785561698354,15:46:25.561,12.0450,200
56890112426161,15:48:10.112,12.0500,200
56890112426161,15:48:10.112,12.0500,100
56890112426161,15:48:10.112,12.0500,100
56890112426161,15:48:10.112,12.0500,400
56890112426161,15:48:10.112,12.0500,100
56980547151824,15:49:40.547,12.0500,200
56980547151824,15:49:40.547,12.0500,100
56980547151824,15:49:40.547,12.0500,150
56980547151824,15:49:40.547,12.0500,100
56980547151824,15:49:40.547,12.0500,100
57013397654191,15:50:13.397,12.0400,100
57013397654191,15:50:13.397,12.0400,100
57022424842479,15:50:22.424,12.0400,200
57022424842479,15:50:22.424,12.0400,200
57022424842479,15:50:22.424,12.0400,700
57022424842479,15:50:22.424,12.0400,100
57022424842479,15:50:22.424,12.0400,100
57022459757236,15:50:22.459,12.0400,200
57063914247102,15:51:03.914,12.0450,500
57162132453365,15:52:42.132,12.0400,400
57162132453365,15:52:42.132,12.0400,100
57162132453365,15:52:42.132,12.0400,1
57162132453365,15:52:42.132,12.0400,100
57162132453365,15:52:42.132,12.0400,100
57162132453365,15:52:42.132,12.0400,299
57175405679349,15:52:55.405,12.0400,2
57182327862719,15:53:02.327,12.0400,100
57196506297319,15:53:16.506,12.0400,98
57196506297319,15:53:16.506,12.0400,152
57214723043236,15:53:34.723,12.0400,100
57220722936629,15:53:40.722,12.0400,51
57264156156638,15:54:24.156,12.0350,100
57264156156638,15:54:24.156,12.0350,100
57264156156638,15:54:24.156,12.0350,600
57264156156638,15:54:24.156,12.0350,200
57264156156638,15:54:24.156,12.0400,100
57264156156638,15:54:24.156,12.0400,48
57264156156638,15:54:24.156,12.0400,400
57264156156638,15:54:24.156,12.0400,200
57264156156638,15:54:24.156,12.0400,100
57264156156638,15:54:24.156,12.0400,1200
57264156156638,15:54:24.156,12.0400,100
57264156156638,15:54:24.156,12.0400,100
57264156156638,15:54:24.156,12.0400,100
57264156156638,15:54:24.156,12.0400,100
57264156156638,15:54:24.156,12.0400,100
57264156156638,15:54:24.156,12.0400,852
57318506620781,15:55:18.506,12.0400,200
57318506620781,15:55:18.506,12.0400,200
57318506620781,15:55:18.506,12.0400,100
57319333829307,15:55:19.333,12.0450,100
57319333829307,15:55:19.333,12.0450,100
57319333829307,15:55:19.333,12.0500,200
57319333829307,15:55:19.333,12.0500,100
57319333829307,15:55:19.333,12.0500,200
57319333829307,15:55:19.333,12.0500,200
57319333829307,15:55:19.333,12.0500,100
57319333829307,15:55:19.333,12.0500,100
57319333829307,15:55:19.333,12.0500,100
57319333829307,15:55:19.333,12.0500,100
57319333829307,15:55:19.333,12.0500,700
57319514954931,15:55:19.514,12.0500,200
57319514954931,15:55:19.514,12.0500,100
57319514954931,15:55:19.514,12.0500,100
57319514954931,15:55:19.514,12.0500,100
57381252033203,15:56:21.252,12.0600,100
57381252033203,15:56:21.252,12.0600,100
57381252033203,15:56:21.252,12.0600,100
57381252033203,15:56:21.252,12.0600,200
57381252033203,15:56:21.252,12.0600,100
57449722386765,15:57:29.722,12.0600,97
57449723561493,15:57:29.723,12.0600,103
57449723561493,15:57:29.723,12.0600,100
57449723561493,15:57:29.723,12.0600,100
57449724078955,15:57:29.724,12.0600,100
57489216470251,15:58:09.216,12.0600,200
57489216470251,15:58:09.216,12.0600,200
57489216470251,15:58:09.216,12.0600,312
57489238035996,15:58:09.238,12.0550,100
57511928169842,15:58:31.928,12.0600,88
57511928169842,15:58:31.928,12.0600,100
57511928169842,15:58:31.928,12.0600,224
57511928222158,15:58:31.928,12.0600,400
57514714459681,15:58:34.714,12.0600,100
57520266717706,15:58:40.266,12.0600,100
57574429357866,15:59:34.429,12.0700,37
57593503686133,15:59:53.503,12.0700,163
57593503686133,15:59:53.503,12.0700,200
57593503686133,15:59:53.503,12.0700,100
57593504082338,15:59:53.504,12.0700,100
57600776518017,16:00:00.776,0.0000,0
