timestamp,time,price,volume
34200446167519,09:30:00.446,8.1000,100
35053843837134,09:44:13.843,8.1300,100
35053844062713,09:44:13.844,8.0500,50
35679260626560,09:54:39.260,8.1400,2
35771973610740,09:56:11.973,8.1200,100
35771973610740,09:56:11.973,8.1200,7
35771973610740,09:56:11.973,8.1200,100
35961217359737,09:59:21.217,8.1100,100
35995175831699,09:59:55.175,8.1100,15
35995176160434,09:59:55.176,8.1100,100
36046658209688,10:00:46.658,8.0700,100
36046658267510,10:00:46.658,8.0700,100
36046658268200,10:00:46.658,8.0700,100
36046658305609,10:00:46.658,8.0700,100
36051258721223,10:00:51.258,8.0800,100
36051258721223,10:00:51.258,8.0800,100
36060095664992,10:01:00.095,8.0700,100
36065296412593,10:01:05.296,8.0700,100
36097166352969,10:01:37.166,8.1000,100
36097197690075,10:01:37.197,8.1100,100
36652167826051,10:10:52.167,8.1100,3
36700111902772,10:11:40.111,8.1100,97
36700111902772,10:11:40.111,8.1200,3
36878159007923,10:14:38.159,8.1000,4
36961392659241,10:16:01.392,8.0900,100
36961392714558,10:16:01.392,8.0900,11
36961486990178,10:16:01.486,8.0800,100
36962009293215,10:16:02.009,8.0900,100
36962764703915,10:16:02.764,8.0700,100
36967393332002,10:16:07.393,8.0700,100
36967393332002,10:16:07.393,8.0700,100
36976622037462,10:16:16.622,8.0700,100
36998871394893,10:16:38.871,8.0900,100
37252422411676,10:20:52.422,8.1300,16
37860239785515,10:31:00.239,8.1000,4
38078162695091,10:34:38.162,8.1200,100
38326731372237,10:38:46.731,8.1000,40
38347322073518,10:39:07.322,8.1200,100
38347322437722,10:39:07.322,8.1300,94
38354979060089,10:39:14.979,8.1300,6
38354979060089,10:39:14.979,8.1300,15
38587777523053,10:43:07.777,8.1300,100
38587778063126,10:43:07.778,8.1300,100
38591968897316,10:43:11.968,8.1300,56
38640013796654,10:44:00.013,8.1500,44
38935419394763,10:48:55.419,8.1500,100
38935419394763,10:48:55.419,8.1400,11
38935419665284,10:48:55.419,8.1400,89
38935419665284,10:48:55.419,8.1400,11
38941354732229,10:49:01.354,8.1300,1
38941956032429,10:49:01.956,8.1300,99
38941956032429,10:49:01.956,8.1300,1
38941956266634,10:49:01.956,8.1300,7
39203324246602,10:53:23.324,8.1100,100
39244280830753,10:54:04.280,8.1000,100
39244280830753,10:54:04.280,8.1000,100
39368346202824,10:56:08.346,8.1100,3
39766624795470,11:02:46.624,8.1500,100
39789084796565,11:03:09.084,8.1300,100
39789084796565,11:03:09.084,8.1300,100
39790837122258,11:03:10.837,8.1200,100
39792950734703,11:03:12.950,8.1200,100
39829511777839,11:03:49.511,8.1000,100
39831231453915,11:03:51.231,8.1000,100
39832492819642,11:03:52.492,8.1000,100
39838469628594,11:03:58.469,8.1000,189
39840134037189,11:04:00.134,8.0900,100
39972256774803,11:06:12.256,8.0900,100
39972256774803,11:06:12.256,8.0900,100
40008273533488,11:06:48.273,8.0900,100
40008273731083,11:06:48.273,8.0900,83
40008273736802,11:06:48.273,8.0900,17
40170435434475,11:09:30.435,8.1000,15
40285091318216,11:11:25.091,8.1300,100
40285091318216,11:11:25.091,8.1300,100
40514460096967,11:15:14.460,8.1300,2
40876977913425,11:21:16.977,8.1000,100
40922493308414,11:22:02.493,8.1000,11
40922493308414,11:22:02.493,8.1000,100
41521530630770,11:32:01.530,8.1200,2
41695236709979,11:34:55.236,8.1200,14
41695236709979,11:34:55.236,8.1200,86
41695236890790,11:34:55.236,8.1200,14
41695236890790,11:34:55.236,8.1200,86
41695236942585,11:34:55.236,8.1200,14
41962930423478,11:39:22.930,8.1100,100
42107580403017,11:41:47.580,8.1250,500
42109562033498,11:41:49.562,8.1200,100
42109562573602,11:41:49.562,8.1100,11
42109562573602,11:41:49.562,8.1100,100
42111135153907,11:41:51.135,8.1000,100
42111137143121,11:41:51.137,8.0800,7
42111139455220,11:41:51.139,8.0500,40
42111139561588,11:41:51.139,8.0500,24
42111139595018,11:41:51.139,8.0500,40
42111139649844,11:41:51.139,8.0500,36
42111552026219,11:41:51.552,8.0600,92
42111552253595,11:41:51.552,8.0600,8
42111552280620,11:41:51.552,8.0600,100
42111553115355,11:41:51.553,8.0600,100
42111586613536,11:41:51.586,8.0700,100
42111586613536,11:41:51.586,8.0700,200
42114188268337,11:41:54.188,8.0800,100
42114188606148,11:41:54.188,8.0800,100
42275209675140,11:44:35.209,8.0800,100
42796652998518,11:53:16.652,8.1100,100
42796653478312,11:53:16.653,8.1100,100
42796654131606,11:53:16.654,8.1100,48
42796654223205,11:53:16.654,8.1000,93
42796654449274,11:53:16.654,8.1000,7
42796654449274,11:53:16.654,8.1000,7
42797186108490,11:53:17.186,8.0700,40
42797186257758,11:53:17.186,8.0700,40
42797186353019,11:53:17.186,8.0700,20
42827165716481,11:53:47.165,8.0700,198
42827165757277,11:53:47.165,8.0700,2
43367009219336,12:02:47.009,8.1100,100
43367009252875,12:02:47.009,8.1100,15
43476244394927,12:04:36.244,8.1100,100
43476244394927,12:04:36.244,8.1100,7
43476249413719,12:04:36.249,8.1000,100
43476249444601,12:04:36.249,8.1000,100
43479755522882,12:04:39.755,8.0700,100
43581903464276,12:06:21.903,8.0700,100
43743234214789,12:09:03.234,8.0900,100
43743234447643,12:09:03.234,8.0900,10
43983925316907,12:13:03.925,8.1100,100
44429785421564,12:20:29.785,8.1000,100
44429785736861,12:20:29.785,8.1000,12
44429786366781,12:20:29.786,8.1000,100
44869490162431,12:27:49.490,8.0600,100
45385778657932,12:36:25.778,8.0500,100
45388185087071,12:36:28.185,8.0500,100
45409964868056,12:36:49.964,8.0600,100
45409965490105,12:36:49.965,8.0600,100
45426191457959,12:37:06.191,8.0550,200
45571273169434,12:39:31.273,8.0500,4
45633326037167,12:40:33.326,8.0550,100
45633326331847,12:40:33.326,8.0550,100
45647344894893,12:40:47.344,8.0550,100
45751550010493,12:42:31.550,8.0500,100
45751550057026,12:42:31.550,8.0500,100
45751550057026,12:42:31.550,8.0500,7
45757748811116,12:42:37.748,8.0200,100
46314085114609,12:51:54.085,7.9800,100
46486267172303,12:54:46.267,7.9900,100
46486267195362,12:54:46.267,7.9900,16
46486267195362,12:54:46.267,7.9900,100
46486267803698,12:54:46.267,7.9900,100
46486267836597,12:54:46.267,7.9900,100
46583177923069,12:56:23.177,8.0000,100
46722470120089,12:58:42.470,8.0000,100
46894891720773,13:01:34.891,7.9900,100
46929220360325,13:02:09.220,8.0000,100
47184692355663,13:06:24.692,8.0100,100
47572709505356,13:12:52.709,7.9900,100
47572709549865,13:12:52.709,7.9900,11
47572709549865,13:12:52.709,7.9900,100
47572709783632,13:12:52.709,7.9800,64
47572709792495,13:12:52.709,7.9800,36
47591154619249,13:13:11.154,7.9750,454
47591246332199,13:13:11.246,7.9500,8
47591288773412,13:13:11.288,7.9300,100
47592330883215,13:13:12.330,7.9400,100
47592895557605,13:13:12.895,7.9500,100
47614671001139,13:13:34.671,7.9300,200
47614671335481,13:13:34.671,7.9300,78
47614671371006,13:13:34.671,7.9300,22
47614671947266,13:13:34.671,7.9300,100
47614672482759,13:13:34.672,7.9300,35
47617547431161,13:13:37.547,7.9100,100
47725262960663,13:15:25.262,7.9000,65
47725263305156,13:15:25.263,7.9100,100
47725263305156,13:15:25.263,7.9100,17
47725263346232,13:15:25.263,7.9100,100
47725263587609,13:15:25.263,7.9100,94
47725263595808,13:15:25.263,7.9100,6
47725263687088,13:15:25.263,7.9100,100
47725264258503,13:15:25.264,7.9100,100
48145876837718,13:22:25.876,7.9600,100
48187808971617,13:23:07.808,7.9700,100
48207981760894,13:23:27.981,7.9800,10
48207986998771,13:23:27.986,7.9800,39
48207987045806,13:23:27.987,8.0000,5
48207987056982,13:23:27.987,8.0000,100
48207987058154,13:23:27.987,8.0000,36
48215186764514,13:23:35.186,8.0100,100
48223248309694,13:23:43.248,8.0000,100
48223249674981,13:23:43.249,8.0000,100
48707589626101,13:31:47.589,8.0100,100
48761025514103,13:32:41.025,7.9900,100
48939194864189,13:35:39.194,7.9400,100
48939194864189,13:35:39.194,7.9400,100
48939197978579,13:35:39.197,7.9500,100
48939201243648,13:35:39.201,7.9600,100
48949866389276,13:35:49.866,7.9900,100
48949866389276,13:35:49.866,7.9900,100
48951282457078,13:35:51.282,7.9800,100
48969713404773,13:36:09.713,7.9900,100
49034739945855,13:37:14.739,7.9900,100
49037360686444,13:37:17.360,7.9900,100
49037362182979,13:37:17.362,7.9900,29
49419380312696,13:43:39.380,7.9900,50
49931405386589,13:52:11.405,8.0200,2
49931405540787,13:52:11.405,8.0200,98
50395007001110,13:59:55.007,8.0800,100
50395007001110,13:59:55.007,8.0800,10
50395007001110,13:59:55.007,8.0800,90
50395007045106,13:59:55.007,8.0800,10
50395915938916,13:59:55.915,8.0800,50
50543931072163,14:02:23.931,8.1000,100
50543931072163,14:02:23.931,8.1000,100
50543931312491,14:02:23.931,8.1000,12
50543931351058,14:02:23.931,8.0900,25
50545678860269,14:02:25.678,8.0900,75
50545678860269,14:02:25.678,8.0900,25
50545678960621,14:02:25.678,8.0900,75
50718019366659,14:05:18.019,8.0900,100
50718019385647,14:05:18.019,8.0900,47
50718019403471,14:05:18.019,8.0900,53
50859774267266,14:07:39.774,8.1000,100
50859778289933,14:07:39.778,8.1000,100
50861883851423,14:07:41.883,8.1100,100
50864599305853,14:07:44.599,8.1000,100
50914554461805,14:08:34.554,8.1100,100
51138942137129,14:12:18.942,8.1100,100
51138942137129,14:12:18.942,8.1100,100
51156509521033,14:12:36.509,8.1100,100
51171354735034,14:12:51.354,8.1000,100
51190671332598,14:13:10.671,8.1100,100
51190671359757,14:13:10.671,8.1100,100
51190671593763,14:13:10.671,8.1200,10
51295109718900,14:14:55.109,8.1200,42
51295109733780,14:14:55.109,8.1200,58
51295109761320,14:14:55.109,8.1200,2
51295109775133,14:14:55.109,8.1200,100
51295109788217,14:14:55.109,8.1200,61
51421044106072,14:17:01.044,8.1300,100
51421044486198,14:17:01.044,8.1300,100
51423445128841,14:17:03.445,8.1200,100
51435142047920,14:17:15.142,8.1300,10
51621523735267,14:20:21.523,8.1200,100
51621523735267,14:20:21.523,8.1200,100
51621524129694,14:20:21.524,8.1100,100
51622306742367,14:20:22.306,8.1000,100
51627234597419,14:20:27.234,8.1100,100
51627234597419,14:20:27.234,8.1100,100
51627234832919,14:20:27.234,8.1100,10
51627234838151,14:20:27.234,8.1100,10
51627234843980,14:20:27.234,8.1100,90
51627234843980,14:20:27.234,8.1100,57
51627234896585,14:20:27.234,8.1100,43
51627234896585,14:20:27.234,8.1100,37
51627243534008,14:20:27.243,8.1100,100
51636679426080,14:20:36.679,8.1100,63
51636679426080,14:20:36.679,8.1100,37
51702419330524,14:21:42.419,8.1100,100
51702848905416,14:21:42.848,8.1000,100
51702849022427,14:21:42.849,8.1000,100
51702849331405,14:21:42.849,8.0900,37
51702849337134,14:21:42.849,8.0900,63
51702869162517,14:21:42.869,8.0700,100
51746343010889,14:22:26.343,8.0900,100
51746343035517,14:22:26.343,8.0900,80
51746343042088,14:22:26.343,8.0900,20
51813805401257,14:23:33.805,8.1000,100
52089263803768,14:28:09.263,8.1300,100
52089267845610,14:28:09.267,8.1300,100
52089269122803,14:28:09.269,8.1300,21
52089269135376,14:28:09.269,8.1300,42
52089269142828,14:28:09.269,8.1300,37
52107636581936,14:28:27.636,8.1200,100
52107636581936,14:28:27.636,8.1200,100
52107637061595,14:28:27.637,8.1100,30
52108503657607,14:28:28.503,8.0800,100
52131953968168,14:28:51.953,8.0500,100
52283280589948,14:31:23.280,8.0600,100
52283280633987,14:31:23.280,8.0600,100
52283280766552,14:31:23.280,8.0600,7
52515608955534,14:35:15.608,8.0500,100
52858499378488,14:40:58.499,8.0100,7
52892657327011,14:41:32.657,8.0000,100
52985495854947,14:43:05.495,8.0000,100
53080299688584,14:44:40.299,8.0200,15
53142158964707,14:45:42.158,8.0500,10
53142158964707,14:45:42.158,8.0500,90
53142159197313,14:45:42.159,8.0500,10
53181782608772,14:46:21.782,8.0800,100
53235556672992,14:47:15.556,8.0800,100
53256003148336,14:47:36.003,8.0800,7
53256003148336,14:47:36.003,8.0800,93
53325021647321,14:48:45.021,8.0800,7
53325026200323,14:48:45.026,8.0700,100
53329085066552,14:48:49.085,8.0400,100
53342156568568,14:49:02.156,8.0100,100
53347412478464,14:49:07.412,8.0300,7
53347412711145,14:49:07.412,8.0300,93
53347413048822,14:49:07.413,8.0400,9
53475321363062,14:51:15.321,8.0800,100
53475321363062,14:51:15.321,8.0800,100
53479225391379,14:51:19.225,8.0700,100
53479225391379,14:51:19.225,8.0700,200
53479225890575,14:51:19.225,8.0600,100
53511477193593,14:51:51.477,8.0500,100
53515202186524,14:51:55.202,8.0000,100
53515205374505,14:51:55.205,7.9900,93
53515205599712,14:51:55.205,7.9900,7
53515234746457,14:51:55.234,7.9900,7
53515234825129,14:51:55.234,7.9900,14
53515234891249,14:51:55.234,7.9900,14
53515234923427,14:51:55.234,7.9900,14
53515234979645,14:51:55.234,7.9900,28
53515235033844,14:51:55.235,7.9900,28
53515235088516,14:51:55.235,7.9900,56
53515236159237,14:51:55.236,7.9900,39
53515236159237,14:51:55.236,7.9900,100
53515473982618,14:51:55.473,7.9900,100
53520482270004,14:52:00.482,8.0100,100
53526598112917,14:52:06.598,8.0200,200
53559647691889,14:52:39.647,8.0200,100
53559647691889,14:52:39.647,8.0200,100
53560643683313,14:52:40.643,8.0200,100
53560645955295,14:52:40.645,8.0200,100
53560943005256,14:52:40.943,8.0200,100
53560943615047,14:52:40.943,8.0300,100
53564645155212,14:52:44.645,8.0100,100
53564645155212,14:52:44.645,8.0100,100
53564650640203,14:52:44.650,8.0000,100
53564650944844,14:52:44.650,7.9900,50
53578067820155,14:52:58.067,8.0100,100
53578067873388,14:52:58.067,8.0100,100
53578068329111,14:52:58.068,8.0100,50
53578068361985,14:52:58.068,8.0100,50
53581481885600,14:53:01.481,8.0100,100
53594646478605,14:53:14.646,8.0000,100
53594646478605,14:53:14.646,8.0000,100
53662645656122,14:54:22.645,8.0000,100
53909179971106,14:58:29.179,8.0000,100
53909191325158,14:58:29.191,8.0000,10
54084907236804,15:01:24.907,8.0200,7
54084911162722,15:01:24.911,8.0000,100
54463556399296,15:07:43.556,7.9900,5
54752953327832,15:12:32.953,8.0200,16
54752953327832,15:12:32.953,8.0200,100
54752953563305,15:12:32.953,8.0300,46
54752953679444,15:12:32.953,8.0300,46
54752953704345,15:12:32.953,8.0300,8
54752953727622,15:12:32.953,8.0400,46
54772086496019,15:12:52.086,8.0300,100
54981600595137,15:16:21.600,8.0500,4
55037309495600,15:17:17.309,8.0500,96
55037309495600,15:17:17.309,8.0500,4
55053223489900,15:17:33.223,8.0500,96
55084939374439,15:18:04.939,8.0800,100
55084939374439,15:18:04.939,8.0800,32
55084939505442,15:18:04.939,8.0800,68
55084939505442,15:18:04.939,8.0800,64
55084939573205,15:18:04.939,8.0800,36
55100346861688,15:18:20.346,8.0700,100
55100346861688,15:18:20.346,8.0700,100
55104919545021,15:18:24.919,8.0600,100
55231351977255,15:20:31.351,8.0500,4
55231352081282,15:20:31.352,8.0500,96
55231352081282,15:20:31.352,8.0500,4
55659191690514,15:27:39.191,8.0600,100
55703710152711,15:28:23.710,8.0800,11
55848678297736,15:30:48.678,8.0500,6
56013203926078,15:33:33.203,8.0800,89
56066198800663,15:34:26.198,8.1000,300
56066198845900,15:34:26.198,8.1000,100
56066198973024,15:34:26.198,8.1000,100
56066199260462,15:34:26.199,8.1000,100
56066200591177,15:34:26.200,8.1000,40
56066200591177,15:34:26.200,8.1000,40
56066200591177,15:34:26.200,8.1000,50
56072906443106,15:34:32.906,8.1000,5
56087199634886,15:34:47.199,8.0900,94
56221406943448,15:37:01.406,8.0900,100
56221406990081,15:37:01.406,8.0900,10
56221407172383,15:37:01.407,8.0900,10
56321215727049,15:38:41.215,8.0900,90
56321215727049,15:38:41.215,8.0900,10
56345758095803,15:39:05.758,8.1000,11
56345792856261,15:39:05.792,8.1000,6
56376819694506,15:39:36.819,8.1000,100
56466222355401,15:41:06.222,8.1000,178
56466222679392,15:41:06.222,8.1000,100
56466222695526,15:41:06.222,8.1000,10
56466222696087,15:41:06.222,8.1000,190
56466222696087,15:41:06.222,8.1000,100
56575289801230,15:42:55.289,8.0800,100
56575289837783,15:42:55.289,8.0800,100
56575290241025,15:42:55.290,8.0700,60
56575290364174,15:42:55.290,8.0700,10
56575290378650,15:42:55.290,8.0700,30
56575290378650,15:42:55.290,8.0700,7
56687058295177,15:44:47.058,8.0700,93
56687058295177,15:44:47.058,8.0700,100
56687058295177,15:44:47.058,8.0700,7
56687058324707,15:44:47.058,8.0700,100
56969267689828,15:49:29.267,8.0700,54
56969267689828,15:49:29.267,8.0700,46
56969267715254,15:49:29.267,8.0700,54
56969267715254,15:49:29.267,8.0700,46
56969267720533,15:49:29.267,8.0700,54
56981055315158,15:49:41.055,8.0800,200
56981055457602,15:49:41.055,8.0800,100
56983929361769,15:49:43.929,8.0500,100
57028340218700,15:50:28.340,8.0200,100
57041590152408,15:50:41.590,8.0300,100
57041590326526,15:50:41.590,8.0300,18
57041590326526,15:50:41.590,8.0300,82
57041590384636,15:50:41.590,8.0300,18
57041590434121,15:50:41.590,8.0300,22
57041590946616,15:50:41.590,8.0300,78
57041590946616,15:50:41.590,8.0300,22
57041590979815,15:50:41.590,8.0300,78
57041591230928,15:50:41.591,8.0300,100
57041591362060,15:50:41.591,8.0300,100
57145107140947,15:52:25.107,8.0100,100
57230044088785,15:53:50.044,8.0600,100
57288654330484,15:54:48.654,8.0700,100
57321549047819,15:55:21.549,8.0700,100
57349642964318,15:55:49.642,8.0400,100
57363017278906,15:56:03.017,8.0600,100
57363017278906,15:56:03.017,8.0600,100
57438312844736,15:57:18.312,8.0900,100
57449455758116,15:57:29.455,8.0900,100
57462455705694,15:57:42.455,8.0900,100
57489653522064,15:58:09.653,8.0500,100
57489689918080,15:58:09.689,8.0400,93
57559458638581,15:59:19.458,8.0400,34
57559459787902,15:59:19.459,8.0500,56
57570255040799,15:59:30.255,8.0500,44
57570255040799,15:59:30.255,8.0500,56
57570921270424,15:59:30.921,8.0500,7
57571123337367,15:59:31.123,8.0500,6
57571824540142,15:59:31.824,8.0500,31
57571824540142,15:59:31.824,8.0500,23
57571824827166,15:59:31.824,8.0500,32
57571968381468,15:59:31.968,8.0500,91
57572512957984,15:59:32.512,8.0500,33
57573772629717,15:59:33.772,8.0200,13
57573810315822,15:59:33.810,8.0200,2
57576654615431,15:59:36.654,8.0500,67
57576654615431,15:59:36.654,8.0500,33
57585895959301,15:59:45.895,8.0600,91
57588255747251,15:59:48.255,8.0700,49
57589914320454,15:59:49.914,8.0700,51
57589914320454,15:59:49.914,8.0800,49
57594159311782,15:59:54.159,8.0900,35
57600474375397,16:00:00.474,8.0900,1570
