timestamp,time,price,volume
34200877360113,09:30:00.877,0.0000,0
34310373339945,09:31:50.373,45.6700,99
34466272431419,09:34:26.272,45.8300,11
34638216311879,09:37:18.216,45.6900,100
34645712642648,09:37:25.712,45.6500,3
34645712666561,09:37:25.712,45.6700,100
34648768285903,09:37:28.768,45.6800,100
34648768309094,09:37:28.768,45.6800,100
34648768381352,09:37:28.768,45.6900,100
34648768857549,09:37:28.768,45.6900,2
34648769147129,09:37:28.769,45.6900,2
34659717762712,09:37:39.717,45.7000,1
34659717762712,09:37:39.717,45.7000,1
34659717762712,09:37:39.717,45.7200,100
34659717762712,09:37:39.717,45.7200,98
34659718106453,09:37:39.718,45.6700,100
34659719811743,09:37:39.719,45.7200,2
34659719811743,09:37:39.719,45.7200,98
34659720613853,09:37:39.720,45.7200,190
34708175817302,09:38:28.175,45.7600,81
34708176322057,09:38:28.176,45.7700,1
34742928233011,09:39:02.928,45.8200,100
34744983931001,09:39:04.983,45.8200,100
34751547844403,09:39:11.547,45.8200,100
34751547974622,09:39:11.547,45.8100,90
34756530410686,09:39:16.530,45.7600,100
34948173391236,09:42:28.173,45.6700,2
34948174030232,09:42:28.174,45.6800,100
34959024364638,09:42:39.024,45.7100,74
34959024364638,09:42:39.024,45.7100,200
34986092406018,09:43:06.092,45.7600,56
35024342502776,09:43:44.342,45.6700,100
35029993579182,09:43:49.993,45.7100,200
35044429135126,09:44:04.429,45.7200,1
35111051048355,09:45:11.051,45.5300,100
35127132680579,09:45:27.132,45.5000,100
35127132963731,09:45:27.132,45.5000,200
35127133241985,09:45:27.133,45.5000,76
35128349178279,09:45:28.349,45.5000,100
35128349498143,09:45:28.349,45.5000,24
35230190876843,09:47:10.190,45.4900,100
35444158226488,09:50:44.158,45.3000,200
35446435861836,09:50:46.435,45.3000,102
35446435888576,09:50:46.435,45.3000,98
35446435913873,09:50:46.435,45.3000,98
35446435957909,09:50:46.435,45.3000,26
35446436973846,09:50:46.436,45.3000,76
35446436973846,09:50:46.436,45.3000,100
35446823575903,09:50:46.823,45.3000,200
35475628589360,09:51:15.628,45.2900,100
35475628618671,09:51:15.628,45.2900,2
35475628618671,09:51:15.628,45.2900,100
35475628653175,09:51:15.628,45.2900,100
35475628863303,09:51:15.628,45.3100,1
35484460167858,09:51:24.460,45.2200,100
35495450396137,09:51:35.450,45.2200,100
35495450396137,09:51:35.450,45.2200,98
35495450427315,09:51:35.450,45.2200,2
35684440140173,09:54:44.440,45.2100,2
35684440165217,09:54:44.440,45.2100,30
35684440167237,09:54:44.440,45.2100,68
35684440167237,09:54:44.440,45.2300,1
35684440167237,09:54:44.440,45.2500,1
35976145209060,09:59:36.145,45.0600,100
35976145209060,09:59:36.145,45.0600,21
35976145209060,09:59:36.145,45.0600,1
35976145246475,09:59:36.145,45.0700,100
35976145246475,09:59:36.145,45.0700,100
35976145251972,09:59:36.145,45.0800,1
35976145251972,09:59:36.145,45.0800,1
36100417883182,10:01:40.417,45.0700,8
36100419103020,10:01:40.419,45.0800,100
36100419372618,10:01:40.419,45.1000,12
36100419375317,10:01:40.419,45.1000,139
36100431669926,10:01:40.431,45.1000,100
36100431899138,10:01:40.431,45.1000,2
36100432100440,10:01:40.432,45.1000,47
36101418192910,10:01:41.418,45.1100,100
36102418080194,10:01:42.418,45.1100,100
36157248858551,10:02:37.248,45.0800,100
36261566385667,10:04:21.566,45.1900,14
36261566385667,10:04:21.566,45.1900,100
36361632503714,10:06:01.632,45.2400,1
36361632528177,10:06:01.632,45.2400,99
36361632530790,10:06:01.632,45.2400,99
36363446424484,10:06:03.446,45.2700,200
36363446903841,10:06:03.446,45.2800,50
36363447118665,10:06:03.447,45.2800,50
36363529524933,10:06:03.529,45.2800,100
36363574900807,10:06:03.574,45.2900,200
36366534848358,10:06:06.534,45.2600,100
36463214455027,10:07:43.214,45.2000,5
36553066409689,10:09:13.066,45.1900,100
36553066409689,10:09:13.066,45.1900,6
36553066409689,10:09:13.066,45.1900,100
36557397306870,10:09:17.397,45.1800,100
36557397870881,10:09:17.397,45.2100,100
36621724078131,10:10:21.724,45.2700,100
36708696389558,10:11:48.696,45.3900,100
36708976370341,10:11:48.976,45.3900,100
36708976548827,10:11:48.976,45.3900,30
36708976550842,10:11:48.976,45.3900,69
36708976573314,10:11:48.976,45.3900,1
36708976573314,10:11:48.976,45.3900,69
36708976573999,10:11:48.976,45.3900,31
36894624297245,10:14:54.624,45.4700,100
36894624346492,10:14:54.624,45.4700,5
36894624346492,10:14:54.624,45.4700,100
37019836107358,10:16:59.836,45.5000,100
37019836107358,10:16:59.836,45.4900,100
37019836728986,10:16:59.836,45.4900,100
37019837211505,10:16:59.837,45.4900,100
37019838626761,10:16:59.838,45.4700,100
37021258260251,10:17:01.258,45.4900,100
37021258260251,10:17:01.258,45.4900,100
37031223163786,10:17:11.223,45.4900,100
37034158937014,10:17:14.158,45.4600,100
37041687769412,10:17:21.687,45.4300,100
37093258119142,10:18:13.258,45.4200,100
37093258119142,10:18:13.258,45.4300,100
37093260060561,10:18:13.260,45.4300,100
37093261326940,10:18:13.261,45.4200,100
37136157589760,10:18:56.157,45.4100,3
37136157589760,10:18:56.157,45.4100,97
37136157623191,10:18:56.157,45.4100,3
37136157687720,10:18:56.157,45.4100,100
37136157854320,10:18:56.157,45.3900,100
37136258400834,10:18:56.258,45.4100,100
37139260590509,10:18:59.260,45.4300,100
37174066135640,10:19:34.066,45.4500,100
37174066935547,10:19:34.066,45.4600,100
37232898329136,10:20:32.898,45.5200,100
37287244224277,10:21:27.244,45.4700,2
37367275501426,10:22:47.275,45.4600,100
37367275888319,10:22:47.275,45.4600,100
37367275888319,10:22:47.275,45.4600,2
37398536651856,10:23:18.536,45.3700,100
37406965659750,10:23:26.965,45.4100,100
37568848052782,10:26:08.848,45.4700,100
37568848052782,10:26:08.848,45.4700,100
37568848052782,10:26:08.848,45.4700,2
37655116464758,10:27:35.116,45.4600,5
37655116464758,10:27:35.116,45.4700,100
37655116464758,10:27:35.116,45.4700,95
37655116491230,10:27:35.116,45.4700,5
37655117430987,10:27:35.117,45.4800,100
37658420780033,10:27:38.420,45.4500,100
37658428009095,10:27:38.428,45.4500,100
37699600289197,10:28:19.600,45.4700,100
37699600289197,10:28:19.600,45.4700,3
37699600289197,10:28:19.600,45.4700,97
37699600958729,10:28:19.600,45.4700,3
37699600958729,10:28:19.600,45.4700,97
37699601010551,10:28:19.601,45.4700,100
37699601772452,10:28:19.601,45.4700,3
37699601772452,10:28:19.601,45.4700,200
37705043984849,10:28:25.043,45.4700,200
37705044666665,10:28:25.044,45.4700,200
37713946188562,10:28:33.946,45.5300,100
37721960537390,10:28:41.960,45.5500,100
37721960537390,10:28:41.960,45.5500,100
37721961380040,10:28:41.961,45.5500,59
37721961639129,10:28:41.961,45.5700,200
37721964227203,10:28:41.964,45.5800,100
37723063583299,10:28:43.063,45.5800,100
37725065085396,10:28:45.065,45.6000,100
37726759010744,10:28:46.759,45.5700,100
37953020106251,10:32:33.020,45.6100,100
38004163183765,10:33:24.163,45.6800,100
38034155478348,10:33:54.155,45.6200,100
38034535290627,10:33:54.535,45.6200,2
38034535290627,10:33:54.535,45.6200,12
38098867538679,10:34:58.867,45.6800,100
38098867538679,10:34:58.867,45.6800,100
38098868456581,10:34:58.868,45.6900,100
38171229289359,10:36:11.229,45.6900,100
38171229357304,10:36:11.229,45.6900,100
38171229519416,10:36:11.229,45.6900,100
38195223958467,10:36:35.223,45.6500,100
38195247539977,10:36:35.247,45.7000,100
38240278272102,10:37:20.278,45.6900,100
38240278272102,10:37:20.278,45.6900,100
38240278289102,10:37:20.278,45.6900,100
38304679145845,10:38:24.679,45.6800,2
38304679145845,10:38:24.679,45.6800,100
38623162458873,10:43:43.162,45.6500,100
38653021138830,10:44:13.021,45.6700,100
38665515049652,10:44:25.515,45.7100,100
38668021547869,10:44:28.021,45.7200,100
38684162256160,10:44:44.162,45.7300,100
38684162256160,10:44:44.162,45.7300,100
38756396054696,10:45:56.396,45.6900,3
38770993931894,10:46:10.993,45.7200,100
38770993931894,10:46:10.993,45.7200,100
38770997867523,10:46:10.997,45.7300,10
38851526711886,10:47:31.526,45.7300,3
38851526711886,10:47:31.526,45.7300,97
38851527305879,10:47:31.527,45.7300,3
39006233740015,10:50:06.233,45.7000,7
39006243170626,10:50:06.243,45.6900,2
39131598745502,10:52:11.598,45.6800,100
39131598745502,10:52:11.598,45.6800,100
39131598798476,10:52:11.598,45.6800,100
39131599232532,10:52:11.599,45.6900,96
39131599236871,10:52:11.599,45.6900,4
39131599634408,10:52:11.599,45.7000,90
39131599660620,10:52:11.599,45.7000,10
39236007998388,10:53:56.007,45.7200,10
39236007998388,10:53:56.007,45.7200,90
39236986231070,10:53:56.986,45.7200,100
39267568071716,10:54:27.568,45.7300,1
39267571580601,10:54:27.571,45.7500,114
39267571605992,10:54:27.571,45.7500,86
39267571606521,10:54:27.571,45.7500,86
39267571646476,10:54:27.571,45.7500,86
39267571677471,10:54:27.571,45.7500,114
39267571728075,10:54:27.571,45.7500,131
39267571729570,10:54:27.571,45.7500,4
39267571731053,10:54:27.571,45.7500,65
39267571780820,10:54:27.571,45.7500,100
39267571834177,10:54:27.571,45.7500,100
39267571834177,10:54:27.571,45.7500,100
39267572181039,10:54:27.572,45.7500,5
39267572307652,10:54:27.572,45.7500,109
39396046762568,10:56:36.046,45.7000,2
39467407649580,10:57:47.407,45.6300,100
39467407649580,10:57:47.407,45.6300,50
39467407677150,10:57:47.407,45.6300,50
39467409136452,10:57:47.409,45.6200,100
39467409136452,10:57:47.409,45.6200,100
39467409136452,10:57:47.409,45.6200,100
39499557361863,10:58:19.557,45.6100,100
39499557361863,10:58:19.557,45.6200,100
39499557592557,10:58:19.557,45.6200,100
39580621360608,10:59:40.621,45.6300,100
39599917950363,10:59:59.917,45.6500,4
39599917997218,10:59:59.917,45.6500,96
39599918183030,10:59:59.918,45.6500,16
39601703657388,11:00:01.703,45.6600,6
39601703713974,11:00:01.703,45.6600,28
39601703792125,11:00:01.703,45.6600,5
39601703848316,11:00:01.703,45.6600,5
39634067393640,11:00:34.067,45.6600,16
39634067819680,11:00:34.067,45.6600,6
39636326202903,11:00:36.326,45.6700,77
39662827744550,11:01:02.827,45.6700,100
39663855153566,11:01:03.855,45.7200,100
39695337445838,11:01:35.337,45.7400,22
39695337500605,11:01:35.337,45.7400,11
39695337528699,11:01:35.337,45.7400,5
39695337650873,11:01:35.337,45.7400,6
39700225825659,11:01:40.225,45.7400,22
39700225929118,11:01:40.225,45.7400,5
39700225988258,11:01:40.225,45.7400,6
39700226018245,11:01:40.226,45.7400,11
39700255718755,11:01:40.255,45.7400,44
39700283588958,11:01:40.283,45.7400,44
39700380391214,11:01:40.380,45.7400,22
39700380479774,11:01:40.380,45.7400,2
39700381417292,11:01:40.381,45.7700,10
39713136118485,11:01:53.136,45.7900,6
39713136195118,11:01:53.136,45.7900,6
39713136214069,11:01:53.136,45.7900,5
39713136255800,11:01:53.136,45.7900,5
39713136315097,11:01:53.136,45.7900,22
39730943129010,11:02:10.943,45.7900,44
39730946359628,11:02:10.946,45.7900,12
39730946359628,11:02:10.946,45.7900,100
39753307924420,11:02:33.307,45.8300,11
39798232600265,11:03:18.232,45.7900,4
39798232662234,11:03:18.232,45.7900,96
39798232662234,11:03:18.232,45.7900,2
39878948716566,11:04:38.948,45.8100,1
39890818950057,11:04:50.818,45.8000,100
39902824528989,11:05:02.824,45.8000,100
39902824528989,11:05:02.824,45.7900,100
39902826018206,11:05:02.826,45.7900,4
39902826018206,11:05:02.826,45.7900,100
39902826018206,11:05:02.826,45.7900,96
39902826052524,11:05:02.826,45.7900,4
39983112295754,11:06:23.112,45.7600,2
39983112372258,11:06:23.112,45.7600,98
39983112372258,11:06:23.112,45.7600,1
40006348097612,11:06:46.348,45.7400,1
40080830854311,11:08:00.830,45.7500,100
40080830854311,11:08:00.830,45.7500,100
40080832864933,11:08:00.832,45.7600,100
40103412560658,11:08:23.412,45.7700,100
40103412560658,11:08:23.412,45.7700,100
40280247001833,11:11:20.247,45.7700,18
40280247001833,11:11:20.247,45.7700,1
40377277496691,11:12:57.277,45.7400,5
40377277537345,11:12:57.277,45.7300,1
40377277537345,11:12:57.277,45.7300,4
40644577126770,11:17:24.577,45.7600,100
40644577126770,11:17:24.577,45.7600,100
40646891561060,11:17:26.891,45.7700,100
40646891586277,11:17:26.891,45.7700,10
40646892553664,11:17:26.892,45.7800,100
40658068916860,11:17:38.068,45.8100,90
40694536748481,11:18:14.536,45.8000,105
40694536802585,11:18:14.536,45.8000,95
40694536802585,11:18:14.536,45.7900,5
40694536802585,11:18:14.536,45.7900,5
40694537066775,11:18:14.537,45.7900,95
40694537649479,11:18:14.537,45.7800,100
40793809405585,11:19:53.809,45.7850,100
40793809405585,11:19:53.809,45.7700,100
40793809504803,11:19:53.809,45.7700,78
40793809536445,11:19:53.809,45.7700,22
40793814348058,11:19:53.814,45.7900,100
40796159940902,11:19:56.159,45.8000,100
40796159940902,11:19:56.159,45.8000,100
40796159940902,11:19:56.159,45.8000,2
40796159940902,11:19:56.159,45.8000,100
40848233416470,11:20:48.233,45.7800,100
40932684083462,11:22:12.684,45.7800,100
40935271635823,11:22:15.271,45.7400,100
40935273119295,11:22:15.273,45.7400,100
40935374742598,11:22:15.374,45.7300,100
40939375611195,11:22:19.375,45.7100,100
40939375634644,11:22:19.375,45.7100,100
40939375971397,11:22:19.375,45.7100,100
40946356606236,11:22:26.356,45.7300,100
40947283141226,11:22:27.283,45.7200,100
40955281273530,11:22:35.281,45.7200,100
41028191414964,11:23:48.191,45.7400,100
41028191484652,11:23:48.191,45.7400,100
41028191504819,11:23:48.191,45.7400,2
41028211726587,11:23:48.211,45.7500,10
41086149527868,11:24:46.149,45.7400,100
41097539681386,11:24:57.539,45.7200,2
41149169607585,11:25:49.169,45.7350,100
41166245803397,11:26:06.245,45.7200,98
41166245803397,11:26:06.245,45.7200,2
41166245859650,11:26:06.245,45.7200,98
41166245859650,11:26:06.245,45.7200,1
41189201989509,11:26:29.201,45.7100,5
41189202085863,11:26:29.202,45.7100,95
41189202085863,11:26:29.202,45.7100,100
41203033378545,11:26:43.033,45.7100,100
41203033378545,11:26:43.033,45.7100,100
41203034935849,11:26:43.034,45.7300,90
41203034991838,11:26:43.034,45.7300,10
41213939785204,11:26:53.939,45.7400,100
41216044175487,11:26:56.044,45.7400,100
41415294861915,11:30:15.294,45.7200,100
41437154160323,11:30:37.154,45.7200,100
41493064073141,11:31:33.064,45.7100,100
41512183879710,11:31:52.183,45.7200,46
41512183886813,11:31:52.183,45.7200,54
41512183886813,11:31:52.183,45.7200,4
41512183906825,11:31:52.183,45.7200,96
41564726939618,11:32:44.726,45.7200,34
41564726939618,11:32:44.726,45.7100,2
41564726939618,11:32:44.726,45.7100,66
41564727018725,11:32:44.727,45.7100,34
41674217122254,11:34:34.217,45.7300,2
41674217122254,11:34:34.217,45.7300,100
41674217955366,11:34:34.217,45.7400,100
41674217955366,11:34:34.217,45.7400,100
41674217955366,11:34:34.217,45.7400,10
41674299026076,11:34:34.299,45.7400,88
41685555061675,11:34:45.555,45.7500,100
41712216342417,11:35:12.216,45.7700,100
41794542335373,11:36:34.542,45.7400,100
41794542335373,11:36:34.542,45.7400,1
41794542335373,11:36:34.542,45.7400,17
41794542337414,11:36:34.542,45.7400,83
41794546610462,11:36:34.546,45.7300,7
41820945507998,11:37:00.945,45.7200,100
41820947767837,11:37:00.947,45.7100,100
41820948100045,11:37:00.948,45.7100,100
41820949514561,11:37:00.949,45.7100,100
41949002380067,11:39:09.002,45.6900,100
41949002380067,11:39:09.002,45.6800,2
41949002523960,11:39:09.002,45.6800,100
41949003941064,11:39:09.003,45.6700,100
41964075426256,11:39:24.075,45.6400,100
42038641879115,11:40:38.641,45.6500,100
42038641879115,11:40:38.641,45.6500,100
42044302925718,11:40:44.302,45.6700,100
42044305606935,11:40:44.305,45.6700,100
42044307689735,11:40:44.307,45.6900,100
42044376133428,11:40:44.376,45.7000,100
42071168067288,11:41:11.168,45.7100,100
42071168089989,11:41:11.168,45.7100,100
42071170322205,11:41:11.170,45.7100,100
42132482512909,11:42:12.482,45.7000,100
42262477049386,11:44:22.477,45.7400,100
42330664858471,11:45:30.664,45.7500,100
42332367317951,11:45:32.367,45.7600,100
42425158726689,11:47:05.158,45.7600,44
42442216319402,11:47:22.216,45.7400,100
42449769004471,11:47:29.769,45.7600,44
42598411583971,11:49:58.411,45.7600,112
42611199753011,11:50:11.199,45.7700,100
42611200875140,11:50:11.200,45.7600,100
42611200875140,11:50:11.200,45.7600,100
42678163106312,11:51:18.163,45.7550,100
42685999986086,11:51:25.999,45.7600,30
42697753475598,11:51:37.753,45.7550,100
42723370241218,11:52:03.370,45.7600,70
42821216654232,11:53:41.216,45.7700,100
42821216654232,11:53:41.216,45.7700,100
42822949968014,11:53:42.949,45.7800,100
42890589866994,11:54:50.589,45.7800,100
42992775095773,11:56:32.775,45.7850,100
43004157715332,11:56:44.157,45.7800,100
43050255164669,11:57:30.255,45.7800,100
43163958530516,11:59:23.958,45.7850,100
43163962902635,11:59:23.962,45.7800,100
43163963752626,11:59:23.963,45.7700,95
43163963778684,11:59:23.963,45.7700,5
43163963778684,11:59:23.963,45.7700,100
43163969986173,11:59:23.969,45.7500,100
43163970009948,11:59:23.970,45.7500,200
43163971467261,11:59:23.971,45.7500,100
43163971534187,11:59:23.971,45.7400,100
43163973721681,11:59:23.973,45.7500,100
43233255595058,12:00:33.255,45.7400,3
43296184424885,12:01:36.184,45.7400,100
43303412354853,12:01:43.412,45.7400,100
43356657169724,12:02:36.657,45.7500,100
43356657169724,12:02:36.657,45.7500,55
43356657713223,12:02:36.657,45.7500,45
43356683864834,12:02:36.683,45.7600,100
43455944436183,12:04:15.944,45.7500,1
43455944436183,12:04:15.944,45.7500,5
43468036113653,12:04:28.036,45.7700,100
43584268900863,12:06:24.268,45.7700,100
43584269064435,12:06:24.269,45.7600,100
43584269064435,12:06:24.269,45.7600,100
43584269064435,12:06:24.269,45.7600,4
43622767354991,12:07:02.767,45.7700,100
43622768689291,12:07:02.768,45.7800,100
43670141114572,12:07:50.141,45.7800,87
43670141158041,12:07:50.141,45.7800,13
43703288463761,12:08:23.288,45.8000,10
43703288555205,12:08:23.288,45.8100,58
43703288580902,12:08:23.288,45.8100,42
43703288580902,12:08:23.288,45.8100,100
43703289020126,12:08:23.289,45.8100,100
43703300558729,12:08:23.300,45.8100,100
43705432031766,12:08:25.432,45.8100,100
43758973983037,12:09:18.973,45.8200,100
43758974781524,12:09:18.974,45.8100,100
43766690324168,12:09:26.690,45.8100,3
43775584290021,12:09:35.584,45.8000,100
43775584360214,12:09:35.584,45.8000,100
43775585572999,12:09:35.585,45.8000,19
43784989720622,12:09:44.989,45.8100,200
43784989720622,12:09:44.989,45.8100,100
43784989720622,12:09:44.989,45.8100,100
43784992268443,12:09:44.992,45.8200,100
43784992268443,12:09:44.992,45.8200,100
43785067669050,12:09:45.067,45.8300,100
43785077827039,12:09:45.077,45.8300,100
43786901493843,12:09:46.901,45.8300,100
43786904073140,12:09:46.904,45.8300,100
43786914432481,12:09:46.914,45.8300,100
43862714911239,12:11:02.714,45.8400,100
43862714938114,12:11:02.714,45.8400,100
43986733788127,12:13:06.733,45.8500,100
43986733878585,12:13:06.733,45.8500,100
43989021430331,12:13:09.021,45.8600,10
43989433291015,12:13:09.433,45.8700,100
43989434099866,12:13:09.434,45.8700,100
43991129268942,12:13:11.129,45.8700,100
43991130033991,12:13:11.130,45.8700,100
43991130128477,12:13:11.130,45.8800,100
43991130176509,12:13:11.130,45.8800,100
43991130533934,12:13:11.130,45.8800,100
43991130546933,12:13:11.130,45.8800,100
43992942631008,12:13:12.942,45.8800,100
43992942631008,12:13:12.942,45.8800,100
44033021770177,12:13:53.021,45.8800,2
44033021770177,12:13:53.021,45.8800,100
44033021771253,12:13:53.021,45.8800,100
44033022579833,12:13:53.022,45.8700,100
44033036034624,12:13:53.036,45.8600,100
44033036034624,12:13:53.036,45.8600,300
44033037493263,12:13:53.037,45.8500,100
44033037493263,12:13:53.037,45.8500,100
44033038573717,12:13:53.038,45.8500,100
44033066510790,12:13:53.066,45.8400,100
44060788245290,12:14:20.788,45.8200,100
44060788705931,12:14:20.788,45.8200,100
44209451095787,12:16:49.451,45.8600,100
44209451095787,12:16:49.451,45.8600,100
44242143698744,12:17:22.143,45.8500,100
44242143729778,12:17:22.143,45.8500,1
44280680973812,12:18:00.680,45.8600,100
44320391844365,12:18:40.391,45.8500,3
44320393247895,12:18:40.393,45.8400,86
44320393305034,12:18:40.393,45.8400,14
44320393305034,12:18:40.393,45.8400,100
44320393305034,12:18:40.393,45.8400,200
44320409571968,12:18:40.409,45.8300,300
44635010266467,12:23:55.010,45.8100,10
44635010266467,12:23:55.010,45.8200,90
44657498772398,12:24:17.498,45.8200,10
44657498772398,12:24:17.498,45.8300,100
44657498772398,12:24:17.498,45.8300,100
44657498772398,12:24:17.498,45.8300,100
44696580184021,12:24:56.580,45.8300,100
44696580184021,12:24:56.580,45.8300,100
44707687459933,12:25:07.687,45.8200,100
44707687459933,12:25:07.687,45.8100,3
44707687763737,12:25:07.687,45.8200,100
44779256786444,12:26:19.256,45.8100,97
44779256786444,12:26:19.256,45.8100,2
44820501730246,12:27:00.501,45.8300,5
44821660711686,12:27:01.660,45.8300,100
44821660711686,12:27:01.660,45.8400,100
44821660962209,12:27:01.660,45.8400,100
44821664615895,12:27:01.664,45.8500,200
44827039780307,12:27:07.039,45.8600,100
44827041854036,12:27:07.041,45.8600,100
44987240069032,12:29:47.240,45.8400,100
44994903706302,12:29:54.903,45.8400,7
44994903742162,12:29:54.903,45.8400,93
44994903742162,12:29:54.903,45.8400,1
44994903742162,12:29:54.903,45.8400,100
44996049322579,12:29:56.049,45.8400,8
45059000541593,12:30:59.000,45.8400,100
45059000541593,12:30:59.000,45.8400,100
45059000855626,12:30:59.000,45.8400,100
45148659571780,12:32:28.659,45.8600,1
45152076615915,12:32:32.076,45.8700,100
45152076615915,12:32:32.076,45.8700,3
45152076615915,12:32:32.076,45.8700,10
45152076615915,12:32:32.076,45.8700,100
45152076615915,12:32:32.076,45.8800,100
45152076615915,12:32:32.076,45.8800,100
45152085443214,12:32:32.085,45.8800,100
45152085872199,12:32:32.085,45.8900,100
45152087574172,12:32:32.087,45.9000,100
45153210259875,12:32:33.210,45.9000,100
45166059466756,12:32:46.059,45.9000,100
45166059466756,12:32:46.059,45.9200,100
45207414511797,12:33:27.414,45.9100,100
45207555030207,12:33:27.555,45.9000,100
45226489028404,12:33:46.489,45.9000,100
45226489053543,12:33:46.489,45.9000,3
45226490137571,12:33:46.490,45.8900,100
45226490296972,12:33:46.490,45.8900,100
45229461097719,12:33:49.461,45.8850,100
45229468454805,12:33:49.468,45.8700,100
45229471108354,12:33:49.471,45.8700,100
45282280589415,12:34:42.280,45.8600,49
45282280613403,12:34:42.280,45.8600,39
45285630061496,12:34:45.630,45.8400,100
45285651327527,12:34:45.651,45.8200,300
45285821890573,12:34:45.821,45.8100,100
45294461669145,12:34:54.461,45.8000,100
45314301729291,12:35:14.301,45.8100,4
45314332724102,12:35:14.332,45.8200,100
45314332724102,12:35:14.332,45.8200,90
45314332954502,12:35:14.332,45.8200,10
45314332954502,12:35:14.332,45.8200,1
45314332954502,12:35:14.332,45.8200,49
45314332958129,12:35:14.332,45.8200,51
45314332958129,12:35:14.332,45.8200,1
45314332958927,12:35:14.332,45.8200,19
45314333309656,12:35:14.333,45.8200,80
45327185998174,12:35:27.185,45.8400,10
45327185998174,12:35:27.185,45.8400,90
45327186038236,12:35:27.186,45.8400,10
45327186491118,12:35:27.186,45.8500,100
45327325291027,12:35:27.325,45.8400,100
45368107080811,12:36:08.107,45.8400,100
45368107142727,12:36:08.107,45.8400,100
45368107176730,12:36:08.107,45.8300,100
45368107684424,12:36:08.107,45.8300,100
45368107710544,12:36:08.107,45.8300,54
45368109880783,12:36:08.109,45.8400,100
45368112337118,12:36:08.112,45.8400,100
45368112337118,12:36:08.112,45.8400,100
45368112366017,12:36:08.112,45.8400,46
45368112891671,12:36:08.112,45.8400,100
45487048697363,12:38:07.048,45.8500,15
45487053628509,12:38:07.053,45.8500,85
45487053628509,12:38:07.053,45.8500,17
45514414634371,12:38:34.414,45.8500,4
45527042887082,12:38:47.042,45.8600,8
45527167938716,12:38:47.167,45.8300,100
45706251560388,12:41:46.251,45.8200,100
45706253615359,12:41:46.253,45.8200,100
45737037647757,12:42:17.037,45.8200,1
45737042462606,12:42:17.042,45.8200,1
45749379984318,12:42:29.379,45.8200,1
45749384483932,12:42:29.384,45.8200,1
45764379449559,12:42:44.379,45.8200,8
45773135087318,12:42:53.135,45.8200,92
45778658207443,12:42:58.658,45.8300,100
45981110812525,12:46:21.110,45.8500,10
45981110812525,12:46:21.110,45.8500,100
45981110812525,12:46:21.110,45.8500,5
45981110812525,12:46:21.110,45.8500,100
45981110812525,12:46:21.110,45.8500,85
46008016113161,12:46:48.016,45.8400,100
46013615021974,12:46:53.615,45.8300,30
46111461084283,12:48:31.461,45.8600,200
46111461084283,12:48:31.461,45.8600,5
46111461084283,12:48:31.461,45.8600,100
46111463049307,12:48:31.463,45.8700,100
46112830877770,12:48:32.830,45.8600,200
46112830877770,12:48:32.830,45.8600,100
46112844487091,12:48:32.844,45.8600,100
46112844487091,12:48:32.844,45.8600,94
46113214031546,12:48:33.214,45.8600,200
46125063129693,12:48:45.063,45.8700,10
46125063129693,12:48:45.063,45.8700,100
46125063129693,12:48:45.063,45.8700,97
46210160642294,12:50:10.160,45.8700,100
46227678359047,12:50:27.678,45.8700,100
46227678359047,12:50:27.678,45.8700,22
46227680176857,12:50:27.680,45.8700,78
46227680176857,12:50:27.680,45.8700,22
46244657090077,12:50:44.657,45.8900,3
46244657090077,12:50:44.657,45.8900,87
46254659517020,12:50:54.659,45.8900,6
46268661029136,12:51:08.661,45.9100,100
46268661073388,12:51:08.661,45.9100,10
46425261213606,12:53:45.261,45.8900,100
46535020265072,12:55:35.020,45.8700,100
46535020266185,12:55:35.020,45.8700,3
46541682847382,12:55:41.682,45.8700,97
46541682847382,12:55:41.682,45.8700,100
46541682847382,12:55:41.682,45.8700,3
46541683233268,12:55:41.683,45.8700,86
46541683261190,12:55:41.683,45.8700,111
46542659575258,12:55:42.659,45.8800,7
46542660150352,12:55:42.660,45.8800,93
46546657880233,12:55:46.657,45.8900,100
46554659119965,12:55:54.659,45.9000,100
46559658798604,12:55:59.658,45.9100,100
46705609777803,12:58:25.609,45.8900,100
46776243861120,12:59:36.243,45.8900,100
46786596296713,12:59:46.596,45.8700,7
46982660280683,13:03:02.660,45.8900,100
46988619717828,13:03:08.619,45.9000,100
46988619717828,13:03:08.619,45.9000,100
46988619717828,13:03:08.619,45.9000,8
46988619717828,13:03:08.619,45.9000,100
46988622131927,13:03:08.622,45.9100,100
46988622131927,13:03:08.622,45.9100,100
46990962746600,13:03:10.962,45.9100,100
46992172005458,13:03:12.172,45.9000,100
46992172005458,13:03:12.172,45.9000,1
47000000241588,13:03:20.000,45.9100,100
47000000241588,13:03:20.000,45.9200,100
47004275958917,13:03:24.275,45.9200,100
47004275994173,13:03:24.275,45.9200,100
47016580782980,13:03:36.580,45.9100,100
47023504889647,13:03:43.504,45.9100,100
47072275034144,13:04:32.275,45.9000,100
47145172079109,13:05:45.172,45.9000,100
47145570764458,13:05:45.570,45.9000,100
47146658987259,13:05:46.658,45.9100,10
47146810629608,13:05:46.810,45.9100,100
47207623063751,13:06:47.623,45.9200,100
47207623063751,13:06:47.623,45.9200,8
47207624843792,13:06:47.624,45.9300,100
47207624843792,13:06:47.624,45.9300,100
47207624853975,13:06:47.624,45.9300,10
47207624853975,13:06:47.624,45.9300,100
47247317343749,13:07:27.317,45.9500,32
47247317410178,13:07:27.317,45.9500,44
47247317483441,13:07:27.317,45.9500,24
47247318741972,13:07:27.318,45.9600,44
47247318987691,13:07:27.318,45.9600,56
47247320646026,13:07:27.320,45.9700,44
47272801865987,13:07:52.801,45.9700,10
47272801865987,13:07:52.801,45.9700,90
47272801946263,13:07:52.801,45.9700,10
47274633182021,13:07:54.633,45.9700,200
47274636626235,13:07:54.636,45.9700,100
47282010462149,13:08:02.010,45.9500,100
47282010462149,13:08:02.010,45.9500,100
47283283262217,13:08:03.283,45.9500,44
47283946276060,13:08:03.946,45.9500,56
47389437514149,13:09:49.437,45.9600,10
47389437514149,13:09:49.437,45.9600,90
47389437545447,13:09:49.437,45.9600,10
47436518919864,13:10:36.518,45.9700,27
47470332560589,13:11:10.332,45.9700,73
47470332560589,13:11:10.332,45.9700,8
47674023725502,13:14:34.023,45.9600,100
47685706848486,13:14:45.706,45.9600,100
47705763535043,13:15:05.763,45.9600,100
47705763535043,13:15:05.763,45.9600,100
47705765810908,13:15:05.765,45.9700,10
47705765810908,13:15:05.765,45.9700,100
47705766198517,13:15:05.766,45.9800,100
47705766198517,13:15:05.766,45.9800,100
47705766198517,13:15:05.766,45.9800,9
47705770865780,13:15:05.770,45.9900,100
47705770865780,13:15:05.770,45.9900,100
47705774635434,13:15:05.774,45.9900,100
47710781507084,13:15:10.781,45.9700,100
47726294708658,13:15:26.294,45.9900,200
47726296296851,13:15:26.296,46.0000,200
47726296325104,13:15:26.296,46.0000,1164
47726296334115,13:15:26.296,46.0000,186
47726297410714,13:15:26.297,46.0200,1
47726297410714,13:15:26.297,46.0200,200
47726297410714,13:15:26.297,46.0200,100
47726297410714,13:15:26.297,46.0200,100
47726297437532,13:15:26.297,46.0200,100
47726298123395,13:15:26.298,46.0300,100
48019089502353,13:20:19.089,46.0000,100
48019089502353,13:20:19.089,46.0000,100
48023091778036,13:20:23.091,46.0000,100
48023091778036,13:20:23.091,46.0000,100
48023093260139,13:20:23.093,46.0000,100
48023243412078,13:20:23.243,46.0000,100
48046133384515,13:20:46.133,45.9800,100
48046133613268,13:20:46.133,45.9800,100
48046187274265,13:20:46.187,45.9800,15
48137418985594,13:22:17.418,46.0000,100
48137418985594,13:22:17.418,46.0000,100
48137418985594,13:22:17.418,46.0000,11
48137419111835,13:22:17.419,46.0000,53
48137420110824,13:22:17.420,46.0000,100
48278168895125,13:24:38.168,45.9700,100
48278168895125,13:24:38.168,45.9700,100
48278168895125,13:24:38.168,45.9700,100
48280253694200,13:24:40.253,45.9600,100
48280253694200,13:24:40.253,45.9600,100
48280254146902,13:24:40.254,45.9600,5
48288127602191,13:24:48.127,45.9700,100
48419707492272,13:26:59.707,45.9600,100
48419707492272,13:26:59.707,45.9600,100
48419707492272,13:26:59.707,45.9600,10
48419707710318,13:26:59.707,45.9600,100
48419781397578,13:26:59.781,45.9700,74
48427068588481,13:27:07.068,45.9700,100
48429051361034,13:27:09.051,45.9600,100
48483657075605,13:28:03.657,45.9600,100
48483657107503,13:28:03.657,45.9600,100
48483657107503,13:28:03.657,45.9600,9
48579659286670,13:29:39.659,45.9600,100
48656837125607,13:30:56.837,45.9700,100
48656837125607,13:30:56.837,45.9700,100
48656837125607,13:30:56.837,45.9700,8
48656837125607,13:30:56.837,45.9700,4
48667524175534,13:31:07.524,45.9800,44
48684659998272,13:31:24.659,45.9800,56
48693269293987,13:31:33.269,45.9800,100
48706422053050,13:31:46.422,45.9700,80
48791813305429,13:33:11.813,45.9800,100
48794039387477,13:33:14.039,45.9800,100
48801104029729,13:33:21.104,45.9700,100
48811638528598,13:33:31.638,45.9700,1
48811638528598,13:33:31.638,45.9700,83
48812182603659,13:33:32.182,45.9800,15
48812182603659,13:33:32.182,45.9800,9
48818251347569,13:33:38.251,45.9900,200
48818251347569,13:33:38.251,45.9900,20
48818251665311,13:33:38.251,45.9900,80
48820661693709,13:33:40.661,46.0100,100
48820661736341,13:33:40.661,46.0100,70
48820661820801,13:33:40.661,46.0100,30
48820693229352,13:33:40.693,46.0100,100
48825797341166,13:33:45.797,46.0000,100
48825797370125,13:33:45.797,46.0000,100
48833267491932,13:33:53.267,45.9900,100
48878780921848,13:34:38.780,46.0000,100
48878780921848,13:34:38.780,46.0000,10
48878780921848,13:34:38.780,46.0000,79
48884429778563,13:34:44.429,46.0100,100
48907658656770,13:35:07.658,46.0100,100
48907708782728,13:35:07.708,46.0100,100
48907708782728,13:35:07.708,46.0100,100
48907729042355,13:35:07.729,46.0000,100
48913426448065,13:35:13.426,46.0000,200
48917820965994,13:35:17.820,46.0000,100
48929669891102,13:35:29.669,46.0000,100
48960046368074,13:36:00.046,46.0000,100
48967802825280,13:36:07.802,46.0000,100
48980661574778,13:36:20.661,46.0000,100
49010141149010,13:36:50.141,46.0000,11
49101353535051,13:38:21.353,46.0100,77
49158657248098,13:39:18.657,46.0100,90
49158657478142,13:39:18.657,46.0100,10
49158657478142,13:39:18.657,46.0100,11
49158658598403,13:39:18.658,46.0200,100
49158658703928,13:39:18.658,46.0200,100
49177659882351,13:39:37.659,46.0200,18
49229654871713,13:40:29.654,46.0300,53
49229654897694,13:40:29.654,46.0300,47
49229654897694,13:40:29.654,46.0300,100
49229654897694,13:40:29.654,46.0300,11
49229656411160,13:40:29.656,46.0400,10
49284659930337,13:41:24.659,46.0400,1
49330763383849,13:42:10.763,46.0300,100
49338256485056,13:42:18.256,46.0200,100
49338263658430,13:42:18.263,46.0200,100
49338282038991,13:42:18.282,46.0200,100
49338283835862,13:42:18.283,46.0200,86
49455213568822,13:44:15.213,46.0100,100
49455213568822,13:44:15.213,46.0100,7
49455213568822,13:44:15.213,46.0100,15
49455213572916,13:44:15.213,46.0100,44
49455213603335,13:44:15.213,46.0100,41
49455213603335,13:44:15.213,46.0100,16
49477241265015,13:44:37.241,45.9900,65
49477241312123,13:44:37.241,45.9900,35
49485675184990,13:44:45.675,46.0000,100
49485675184990,13:44:45.675,46.0000,100
49485675184990,13:44:45.675,46.0000,100
49485675184990,13:44:45.675,46.0000,99
49486529745228,13:44:46.529,46.0100,100
49486529745228,13:44:46.529,46.0100,12
49526046728339,13:45:26.046,46.0000,100
49530615793115,13:45:30.615,46.0100,100
49530615793115,13:45:30.615,46.0100,100
49530740220539,13:45:30.740,46.0100,10
49563070595485,13:46:03.070,46.0200,32
49563070601708,13:46:03.070,46.0200,44
49563070703823,13:46:03.070,46.0200,24
49563070703823,13:46:03.070,46.0200,100
49563071514458,13:46:03.071,46.0300,100
49563347937189,13:46:03.347,46.0300,100
49603340990545,13:46:43.340,46.0200,100
49603659589188,13:46:43.659,46.0200,100
49650271677813,13:47:30.271,46.0100,100
49650271697399,13:47:30.271,46.0000,32
49650271698839,13:47:30.271,46.0000,44
49650272092048,13:47:30.272,46.0100,5
49650278691517,13:47:30.278,46.0100,100
49657597608901,13:47:37.597,46.0000,24
49657597608901,13:47:37.597,46.0000,100
49657597676812,13:47:37.597,46.0000,100
49662889654750,13:47:42.889,45.9900,100
49662890741928,13:47:42.890,46.0000,75
49681524108446,13:48:01.524,45.9900,25
49681524108446,13:48:01.524,45.9900,100
49687734616146,13:48:07.734,45.9800,100
49700430517955,13:48:20.430,45.9900,13
49700430517955,13:48:20.430,45.9900,93
49700430517955,13:48:20.430,45.9900,100
49700469953168,13:48:20.469,45.9900,100
49703870533093,13:48:23.870,46.0000,100
49703870533093,13:48:23.870,46.0000,100
49703870533093,13:48:23.870,46.0000,100
49703870533093,13:48:23.870,46.0000,100
49721236123289,13:48:41.236,46.0000,200
49721236422790,13:48:41.236,46.0000,200
49721237343888,13:48:41.237,46.0000,48
49721239049746,13:48:41.239,46.0000,200
49721252819438,13:48:41.252,46.0000,100
49721252819438,13:48:41.252,46.0000,34
49733659994265,13:48:53.659,46.0000,100
49859127823888,13:50:59.127,46.0000,100
49921286164030,13:52:01.286,45.9900,1
49969549187783,13:52:49.549,45.9800,100
49975766091800,13:52:55.766,46.0000,49
49975766091800,13:52:55.766,46.0000,51
49975766174057,13:52:55.766,46.0000,49
49975766174057,13:52:55.766,46.0000,16
49975766174057,13:52:55.766,46.0000,35
49975766176037,13:52:55.766,46.0000,65
49975767086395,13:52:55.767,46.0100,100
50055322183567,13:54:15.322,46.0100,100
50055322183567,13:54:15.322,46.0100,99
50055322211830,13:54:15.322,46.0100,1
50055322211830,13:54:15.322,46.0100,15
50055322585421,13:54:15.322,46.0200,32
50055337166652,13:54:15.337,46.0200,68
50057011299582,13:54:17.011,46.0200,100
50057011299582,13:54:17.011,46.0200,100
50057352833743,13:54:17.352,46.0200,8
50057353146306,13:54:17.353,46.0200,192
50066946318938,13:54:26.946,46.0300,1
50066947776320,13:54:26.947,46.0400,117
50194607293011,13:56:34.607,46.0400,50
50332778203769,13:58:52.778,46.0100,100
50332778203769,13:58:52.778,46.0100,16
50332778205650,13:58:52.778,46.0100,84
50332778205650,13:58:52.778,46.0100,4
50332778264142,13:58:52.778,46.0100,49
50332778287309,13:58:52.778,46.0100,47
50363179827897,13:59:23.179,46.0000,65
50393281768457,13:59:53.281,46.0000,35
50393330966794,13:59:53.330,46.0000,15
50401472371016,14:00:01.472,45.9900,14
50402692692618,14:00:02.692,45.9900,5
50402698726409,14:00:02.698,45.9900,45
50402699264791,14:00:02.699,45.9900,31
50402701429706,14:00:02.701,45.9900,5
50402759764560,14:00:02.759,45.9900,100
50405734536225,14:00:05.734,46.0100,18
50405734536225,14:00:05.734,46.0100,77
50405734539400,14:00:05.734,46.0100,23
50405734539400,14:00:05.734,46.0100,10
50405734539400,14:00:05.734,46.0100,12
50405734575918,14:00:05.734,46.0100,3
50405734575918,14:00:05.734,46.0100,100
50405734575918,14:00:05.734,46.0100,59
50405734586135,14:00:05.734,46.0200,81
50406725950291,14:00:06.725,46.0200,19
50406725950291,14:00:06.725,46.0200,81
50406726045655,14:00:06.726,46.0200,19
50406726045655,14:00:06.726,46.0200,81
50406726175530,14:00:06.726,46.0200,19
50406726175530,14:00:06.726,46.0200,100
50407106007885,14:00:07.106,46.0300,2
50408997447427,14:00:08.997,46.0400,33
50410948553533,14:00:10.948,46.0500,100
50412330992404,14:00:12.330,46.0700,100
50412331022278,14:00:12.331,46.0700,100
50413728253947,14:00:13.728,46.1100,5
50417615733652,14:00:17.615,46.1000,100
50417615836826,14:00:17.615,46.0900,100
50417615876520,14:00:17.615,46.0900,100
50424921937000,14:00:24.921,46.0600,180
50424921957565,14:00:24.921,46.0600,90
50424921968624,14:00:24.921,46.0600,30
50424921968624,14:00:24.921,46.0600,220
50424921969772,14:00:24.921,46.0600,50
50424921980872,14:00:24.921,46.0600,30
50424923077023,14:00:24.923,46.0500,100
50424923412328,14:00:24.923,46.0500,100
50463381460415,14:01:03.381,46.0600,100
50463381491208,14:01:03.381,46.0600,100
50465670617097,14:01:05.670,46.0700,100
50471118536078,14:01:11.118,46.0400,50
50471118544825,14:01:11.118,46.0400,50
50471392733842,14:01:11.392,46.0300,100
50474643965266,14:01:14.643,46.0600,180
50474643973282,14:01:14.643,46.0600,20
50474643973282,14:01:14.643,46.0700,2
50578545372820,14:02:58.545,46.0500,100
50578545436229,14:02:58.545,46.0500,100
50578545452491,14:02:58.545,46.0500,35
50600974934063,14:03:20.974,46.0800,2
50600974934063,14:03:20.974,46.0800,5
50610022760361,14:03:30.022,46.0900,2
50610022760361,14:03:30.022,46.0900,4
50681022642308,14:04:41.022,46.1000,100
50681022642308,14:04:41.022,46.1000,100
50692821475228,14:04:52.821,46.1300,2
50692821475228,14:04:52.821,46.1500,100
50692821475228,14:04:52.821,46.1500,2
50692821475228,14:04:52.821,46.1500,96
50696021720339,14:04:56.021,46.1600,100
50708942491426,14:05:08.942,46.2000,100
50717655617896,14:05:17.655,46.2100,7
50718361258951,14:05:18.361,46.2100,3
50732752654952,14:05:32.752,46.2100,100
50761074339752,14:06:01.074,46.2200,3
50781855671526,14:06:21.855,46.2200,100
50781855762739,14:06:21.855,46.2200,2
50863664119044,14:07:43.664,46.2100,5
50899750866423,14:08:19.750,46.2000,120
50924750943756,14:08:44.750,46.2000,40
50924750943756,14:08:44.750,46.1900,20
50924750943756,14:08:44.750,46.1900,60
50926825249351,14:08:46.825,46.1900,40
50926825249351,14:08:46.825,46.1900,60
50926825848784,14:08:46.825,46.1900,40
50944465841163,14:09:04.465,46.2200,100
50944465901774,14:09:04.465,46.2200,5
50944465901774,14:09:04.465,46.2200,95
50944466010922,14:09:04.466,46.2200,5
50944466010922,14:09:04.466,46.2200,95
50944466013558,14:09:04.466,46.2200,5
50944466013558,14:09:04.466,46.2200,100
50944473123175,14:09:04.473,46.2300,100
50967484312742,14:09:27.484,46.2600,100
50967484312742,14:09:27.484,46.2600,100
50967485097819,14:09:27.485,46.2700,100
50971841292912,14:09:31.841,46.2700,64
50971841292912,14:09:31.841,46.2700,36
50971841322405,14:09:31.841,46.2700,64
51079786455028,14:11:19.786,46.2600,100
51079786455028,14:11:19.786,46.2600,100
51079786455028,14:11:19.786,46.2600,10
51079786810876,14:11:19.786,46.2700,19
51079786813563,14:11:19.786,46.2700,41
51079796104562,14:11:19.796,46.2700,40
51080559145435,14:11:20.559,46.2700,100
51119307365469,14:11:59.307,46.3000,100
51151022533667,14:12:31.022,46.3200,6
51300197771904,14:15:00.197,46.3000,20
51300197811938,14:15:00.197,46.3000,80
51300197811938,14:15:00.197,46.3000,100
51301155553575,14:15:01.155,46.2900,100
51301155553575,14:15:01.155,46.2800,200
51301155587092,14:15:01.155,46.2800,100
51314271403853,14:15:14.271,46.2700,100
51343200419148,14:15:43.200,46.2800,100
51343200419148,14:15:43.200,46.2800,100
51343200419148,14:15:43.200,46.2900,100
51343200419148,14:15:43.200,46.2900,100
51343200419148,14:15:43.200,46.2900,100
51343200419148,14:15:43.200,46.2900,100
51343245899086,14:15:43.245,46.3100,100
51343276451662,14:15:43.276,46.3100,100
51343492712131,14:15:43.492,46.3000,100
51382578716667,14:16:22.578,46.3000,1
51444939247013,14:17:24.939,46.2900,10
51444939247013,14:17:24.939,46.2900,100
51444939247013,14:17:24.939,46.2900,100
51477198737547,14:17:57.198,46.3100,1
51481634290274,14:18:01.634,46.3000,5
51595673693655,14:19:55.673,46.2900,20
51635672508365,14:20:35.672,46.2800,2
51654005863141,14:20:54.005,46.2800,100
51654019665749,14:20:54.019,46.2900,100
51654377922217,14:20:54.377,46.3000,100
51663624071124,14:21:03.624,46.3200,100
51670985499996,14:21:10.985,46.3000,100
51702046798473,14:21:42.046,46.3500,100
51733513370211,14:22:13.513,46.3400,2
51778602738090,14:22:58.602,46.3600,100
51778602780193,14:22:58.602,46.3600,100
51797021384171,14:23:17.021,46.3800,100
51800243518782,14:23:20.243,46.4100,200
51800243548750,14:23:20.243,46.4100,100
51805673173797,14:23:25.673,46.4100,100
51863158513331,14:24:23.158,46.3900,2
51863158513331,14:24:23.158,46.3900,98
51863158607538,14:24:23.158,46.3900,2
51863163570801,14:24:23.163,46.4000,100
51942079289470,14:25:42.079,46.3600,100
51942079386270,14:25:42.079,46.3600,100
51954244217621,14:25:54.244,46.3400,4
52006930366814,14:26:46.930,46.3300,2
52041723322923,14:27:21.723,46.3000,100
52048767564391,14:27:28.767,46.2900,100
52063736216758,14:27:43.736,46.3100,100
52076167561183,14:27:56.167,46.2800,5
52076167561183,14:27:56.167,46.2600,95
52143600220877,14:29:03.600,46.2800,5
52154301930106,14:29:14.301,46.2600,100
52166654300124,14:29:26.654,46.2500,100
52204844066073,14:30:04.844,46.2500,4
52210279266091,14:30:10.279,46.2600,100
52210311641305,14:30:10.311,46.2700,100
52210311641305,14:30:10.311,46.2700,100
52210311641305,14:30:10.311,46.2700,99
52210311681215,14:30:10.311,46.2700,1
52214940723354,14:30:14.940,46.2750,100
52214940759161,14:30:14.940,46.2800,36
52214940767002,14:30:14.940,46.2800,31
52214940868689,14:30:14.940,46.2800,33
52384370464307,14:33:04.370,46.2600,1
52384375862928,14:33:04.375,46.2600,1
52392911798276,14:33:12.911,46.2800,100
52392911798276,14:33:12.911,46.2800,4
52396958375796,14:33:16.958,46.2700,10
52433258968419,14:33:53.258,46.2900,100
52433259023781,14:33:53.259,46.2900,100
52433259084100,14:33:53.259,46.2900,3
52445519903025,14:34:05.519,46.2900,11
52455020949315,14:34:15.020,46.3000,100
52455022128748,14:34:15.022,46.3000,2
52463428106821,14:34:23.428,46.3000,2
52468810326472,14:34:28.810,46.3100,27
52468810351668,14:34:28.810,46.3100,73
52504451706741,14:35:04.451,46.3300,100
52504471303598,14:35:04.471,46.3500,100
52504471330501,14:35:04.471,46.3500,100
52504471330501,14:35:04.471,46.3500,100
52510444864509,14:35:10.444,46.3600,100
52510444939080,14:35:10.444,46.3600,6
52510446508353,14:35:10.446,46.3500,100
52510446508353,14:35:10.446,46.3500,100
52512758683902,14:35:12.758,46.3200,4
52512758683902,14:35:12.758,46.3200,7
52538031449343,14:35:38.031,46.3100,100
52538031784614,14:35:38.031,46.3000,100
52573121965588,14:36:13.121,46.2500,2
52573121965588,14:36:13.121,46.2500,98
52573121993195,14:36:13.121,46.2500,2
52638316188222,14:37:18.316,46.2500,100
52638316188222,14:37:18.316,46.2500,100
52643721638873,14:37:23.721,46.2600,100
52667022858526,14:37:47.022,46.2900,100
52667022940154,14:37:47.022,46.2900,10
52671394587125,14:37:51.394,46.2900,100
52710339418372,14:38:30.339,46.2800,15
52710339450011,14:38:30.339,46.2800,15
52710339483296,14:38:30.339,46.2800,70
52710339483296,14:38:30.339,46.2800,1
52713209216990,14:38:33.209,46.2700,100
52727685559818,14:38:47.685,46.3000,100
52727690156099,14:38:47.690,46.3100,5
52727694091716,14:38:47.694,46.3200,100
52727696258569,14:38:47.696,46.3300,2
52727696258569,14:38:47.696,46.3300,100
52727700759571,14:38:47.700,46.3400,7
52744103330079,14:39:04.103,46.2900,13
52755642177205,14:39:15.642,46.2900,8
52762949583022,14:39:22.949,46.2900,79
52762949583022,14:39:22.949,46.2900,6
52762949591281,14:39:22.949,46.2900,50
52762949599129,14:39:22.949,46.2900,15
52762949612619,14:39:22.949,46.2900,29
52762949612619,14:39:22.949,46.2900,66
52762949614342,14:39:22.949,46.2900,34
52861882693640,14:41:01.882,46.2500,100
52866377314310,14:41:06.377,46.2400,2
52911075689623,14:41:51.075,46.2300,100
52911075689623,14:41:51.075,46.2300,100
52911075689623,14:41:51.075,46.2300,100
52911078659248,14:41:51.078,46.2400,100
52911078659248,14:41:51.078,46.2400,100
52911079461618,14:41:51.079,46.2400,100
52912019892765,14:41:52.019,46.2400,100
52926820341522,14:42:06.820,46.2500,61
52963959516189,14:42:43.959,46.2500,39
52963959516189,14:42:43.959,46.2500,1
52963959516189,14:42:43.959,46.2500,10
52984678950431,14:43:04.678,46.2500,100
52988538614869,14:43:08.538,46.2400,100
53007915432935,14:43:27.915,46.2100,32
53068021103083,14:44:28.021,46.2200,8
53068021103083,14:44:28.021,46.2200,1
53090242375446,14:44:50.242,46.2300,100
53090243286650,14:44:50.243,46.2400,13
53199261168792,14:46:39.261,46.2200,100
53199261168792,14:46:39.261,46.2200,100
53240401322572,14:47:20.401,46.2400,34
53302675449100,14:48:22.675,46.1900,100
53386559173263,14:49:46.559,46.2300,100
53386559173263,14:49:46.559,46.2300,100
53386559173263,14:49:46.559,46.2300,3
53386559609354,14:49:46.559,46.2300,97
53386562261952,14:49:46.562,46.2400,3
53387534825752,14:49:47.534,46.2500,100
53387534825752,14:49:47.534,46.2500,100
53387538836247,14:49:47.538,46.2500,100
53387538836247,14:49:47.538,46.2500,100
53401506249599,14:50:01.506,46.2500,100
53465120196937,14:51:05.120,46.2100,15
53467002890236,14:51:07.002,46.1900,100
53467707044094,14:51:07.707,46.1700,4
53467894933502,14:51:07.894,46.1800,38
53467894969967,14:51:07.894,46.1800,62
53467894969967,14:51:07.894,46.1800,100
53526685047169,14:52:06.685,46.2200,100
53527224525123,14:52:07.224,46.2200,100
53542009344722,14:52:22.009,46.2400,86
53542014469051,14:52:22.014,46.2400,14
53542014469051,14:52:22.014,46.2400,10
53542014469051,14:52:22.014,46.2400,26
53542014517610,14:52:22.014,46.2400,50
53542018615411,14:52:22.018,46.2400,24
53543261189267,14:52:23.261,46.2400,84
53543279533514,14:52:23.279,46.2400,44
53559769978196,14:52:39.769,46.2400,42
53575184061314,14:52:55.184,46.2400,30
53609390185753,14:53:29.390,46.2400,100
53652257743173,14:54:12.257,46.2300,100
53652257743173,14:54:12.257,46.2300,100
53652257743173,14:54:12.257,46.2300,26
53706474822548,14:55:06.474,46.2400,100
53780544944654,14:56:20.544,46.2200,100
53780544944654,14:56:20.544,46.2200,100
53780544944654,14:56:20.544,46.2200,27
53837979454182,14:57:17.979,46.2200,5
53943381219691,14:59:03.381,46.2400,100
53943381219691,14:59:03.381,46.2400,100
53943381219691,14:59:03.381,46.2500,100
53943381219691,14:59:03.381,46.2500,100
53943381219691,14:59:03.381,46.2500,10
53943383285251,14:59:03.383,46.2600,100
53943542603244,14:59:03.542,46.2600,100
53951269670994,14:59:11.269,46.2700,2
53951269670994,14:59:11.269,46.2700,98
53955507227475,14:59:15.507,46.2700,100
53956366940573,14:59:16.366,46.2700,2
53956366940573,14:59:16.366,46.2700,100
54001270841975,15:00:01.270,46.2600,100
54001270997235,15:00:01.270,46.2500,100
54001270997235,15:00:01.270,46.2500,100
54175987471152,15:02:55.987,46.2500,100
54175987471152,15:02:55.987,46.2500,100
54175987471152,15:02:55.987,46.2500,22
54175989739721,15:02:55.989,46.2500,84
54176496461226,15:02:56.496,46.2500,16
54176496461226,15:02:56.496,46.2500,100
54199784332282,15:03:19.784,46.2400,100
54200935882994,15:03:20.935,46.2300,100
54248971103957,15:04:08.971,46.2100,100
54248971103957,15:04:08.971,46.2100,100
54248971103957,15:04:08.971,46.2100,19
54333299998716,15:05:33.299,46.1800,100
54333337678636,15:05:33.337,46.1700,100
54354105175749,15:05:54.105,46.1400,100
54368734622694,15:06:08.734,46.1200,19
54376755092848,15:06:16.755,46.1300,100
54376755126257,15:06:16.755,46.1300,100
54390060477853,15:06:30.060,46.1350,100
54390060477853,15:06:30.060,46.1400,100
54390060507207,15:06:30.060,46.1400,100
54390060507207,15:06:30.060,46.1400,100
54390060507207,15:06:30.060,46.1400,78
54390061047459,15:06:30.061,46.1400,22
54390135140834,15:06:30.135,46.1400,100
54400597064627,15:06:40.597,46.1500,200
54400597558822,15:06:40.597,46.1500,2
54400597987177,15:06:40.597,46.1500,19
54400598770277,15:06:40.598,46.1500,20
54400602877009,15:06:40.602,46.1500,46
54401008222202,15:06:41.008,46.1500,4
54429954335532,15:07:09.954,46.1400,65
54430006908152,15:07:10.006,46.1300,100
54462420442452,15:07:42.420,46.1300,3
54485655713779,15:08:05.655,46.1400,100
54549005446632,15:09:09.005,46.1500,100
54549019748393,15:09:09.019,46.1500,200
54549019748393,15:09:09.019,46.1500,100
54550289711194,15:09:10.289,46.1500,23
54552830914763,15:09:12.830,46.1400,100
54590262251500,15:09:50.262,46.1400,4
54590263931644,15:09:50.263,46.1400,43
54592066125247,15:09:52.066,46.1400,10
54618523121687,15:10:18.523,46.1300,100
54618524241122,15:10:18.524,46.1300,100
54618524241122,15:10:18.524,46.1300,100
54633562631551,15:10:33.562,46.1200,3
54644006780016,15:10:44.006,46.1100,100
54644006810949,15:10:44.006,46.1100,89
54644007291535,15:10:44.007,46.1100,11
54644007291535,15:10:44.007,46.1100,100
54644509121940,15:10:44.509,46.1050,100
54644609679507,15:10:44.609,46.1000,100
54726159986401,15:12:06.159,46.1000,4
54726159986401,15:12:06.159,46.0900,96
54726160020174,15:12:06.160,46.0900,4
54738231239811,15:12:18.231,46.0900,100
54738231239811,15:12:18.231,46.0900,100
54738231239811,15:12:18.231,46.0900,100
54738231412320,15:12:18.231,46.0900,100
54738231412320,15:12:18.231,46.0900,100
54740053259182,15:12:20.053,46.1000,100
54740053698681,15:12:20.053,46.1000,100
54740918771359,15:12:20.918,46.0800,100
54740918771359,15:12:20.918,46.0800,100
54740918771359,15:12:20.918,46.0800,11
54800105807971,15:13:20.105,46.0800,4
54827801238965,15:13:47.801,46.0900,100
54827801238965,15:13:47.801,46.0900,100
54827803920690,15:13:47.803,46.1000,200
54827805111689,15:13:47.805,46.1000,100
54910020972802,15:15:10.020,46.1100,100
54910020972802,15:15:10.020,46.1100,100
54910223030532,15:15:10.223,46.1100,100
54947291098850,15:15:47.291,46.1200,100
54957101417510,15:15:57.101,46.1200,100
54961395107649,15:16:01.395,46.1300,3
54972200668275,15:16:12.200,46.1300,97
54972200668275,15:16:12.200,46.1300,3
54974269742512,15:16:14.269,46.1300,97
54974271538908,15:16:14.271,46.1400,100
54981874490502,15:16:21.874,46.1400,3
54986067223505,15:16:26.067,46.1200,100
54986067223505,15:16:26.067,46.1200,100
54986067223505,15:16:26.067,46.1200,100
54986067223505,15:16:26.067,46.1200,300
54986067728826,15:16:26.067,46.1200,100
54986069244695,15:16:26.069,46.1100,8
54999119644215,15:16:39.119,46.1100,100
54999119644215,15:16:39.119,46.1000,20
54999119644215,15:16:39.119,46.1000,100
54999119645671,15:16:39.119,46.1000,100
55058997857786,15:17:38.997,46.0800,81
55058997941309,15:17:38.997,46.0800,19
55081225799080,15:18:01.225,46.0700,100
55145105475164,15:19:05.105,46.0700,3
55145105475164,15:19:05.105,46.0700,5
55228587225829,15:20:28.587,46.0700,3
55275205913885,15:21:15.205,46.0700,3
55303995668163,15:21:43.995,46.0600,7
55303996047861,15:21:43.996,46.0600,93
55331791334772,15:22:11.791,46.0500,100
55331791398368,15:22:11.791,46.0500,26
55331791398368,15:22:11.791,46.0500,74
55331791414349,15:22:11.791,46.0500,26
55347188491690,15:22:27.188,46.0400,100
55347188491690,15:22:27.188,46.0400,72
55378048490331,15:22:58.048,46.0400,60
55378050219848,15:22:58.050,46.0400,40
55400346985069,15:23:20.346,46.0400,100
55400346985069,15:23:20.346,46.0500,100
55400346985069,15:23:20.346,46.0500,5
55403984207039,15:23:23.984,46.0600,100
55403984207039,15:23:23.984,46.0600,100
55403985230879,15:23:23.985,46.0600,100
55406801013391,15:23:26.801,46.0700,100
55441780775462,15:24:01.780,46.0600,142
55441780775462,15:24:01.780,46.0600,100
55441780775462,15:24:01.780,46.0600,100
55478653233261,15:24:38.653,46.0600,100
55478654875955,15:24:38.654,46.0600,1
55486150708053,15:24:46.150,46.0700,3
55486150708053,15:24:46.150,46.0700,197
55486150744090,15:24:46.150,46.0700,3
55490612005077,15:24:50.612,46.0800,100
55490612005077,15:24:50.612,46.0800,100
55490612005077,15:24:50.612,46.0800,100
55501706060608,15:25:01.706,46.0800,2
55524826454543,15:25:24.826,46.0900,3
55524826591047,15:25:24.826,46.0800,65
55524826621516,15:25:24.826,46.0800,33
55524826621516,15:25:24.826,46.0800,100
55527251234711,15:25:27.251,46.0700,8
55594616033355,15:26:34.616,46.0600,100
55594616033355,15:26:34.616,46.0600,100
55597724734746,15:26:37.724,46.0700,10
55597724734746,15:26:37.724,46.0700,100
55600500183603,15:26:40.500,46.0800,44
55600500905240,15:26:40.500,46.0800,56
55603187446351,15:26:43.187,46.0800,3
55603387640511,15:26:43.387,46.0700,100
55603392614113,15:26:43.392,46.0700,100
55603392614113,15:26:43.392,46.0700,168
55623006464137,15:27:03.006,46.0700,100
55629522309894,15:27:09.522,46.0600,100
55642340183326,15:27:22.340,46.0600,100
55651164588368,15:27:31.164,46.0500,8
55667458064090,15:27:47.458,46.0500,44
55672130119084,15:27:52.130,46.0500,56
55672130119084,15:27:52.130,46.0500,10
55673126073743,15:27:53.126,46.0600,2
55673126073743,15:27:53.126,46.0600,42
55673127113615,15:27:53.127,46.0600,44
55673130783038,15:27:53.130,46.0600,14
55676964951614,15:27:56.964,46.0700,53
55676965407588,15:27:56.965,46.0700,47
55676965407588,15:27:56.965,46.0700,100
55676986847020,15:27:56.986,46.0800,44
55676986871732,15:27:56.986,46.0800,13
55676986884503,15:27:56.986,46.0800,43
55677530447910,15:27:57.530,46.0800,4
55708437174063,15:28:28.437,46.0700,14
55708437174063,15:28:28.437,46.0700,30
55746887561444,15:29:06.887,46.0800,78
55746887587846,15:29:06.887,46.0800,22
55746887587846,15:29:06.887,46.0800,20
55746887726341,15:29:06.887,46.0800,80
55804465095229,15:30:04.465,46.0400,5
55804465514299,15:30:04.465,46.0400,95
55804465514299,15:30:04.465,46.0400,18
55831233742964,15:30:31.233,46.0200,100
55846417106154,15:30:46.417,46.0300,100
55872897482811,15:31:12.897,46.0400,100
55872897482811,15:31:12.897,46.0400,23
55872897490233,15:31:12.897,46.0400,50
55872897494087,15:31:12.897,46.0400,27
55918006621735,15:31:58.006,46.0500,100
55918006621735,15:31:58.006,46.0500,100
55918006664486,15:31:58.006,46.0600,100
55918006748803,15:31:58.006,46.0600,100
55954128422574,15:32:34.128,46.0600,100
55954128422574,15:32:34.128,46.0600,20
55954128422574,15:32:34.128,46.0600,100
55954128422574,15:32:34.128,46.0600,100
55954182356104,15:32:34.182,46.0600,5
55954260894716,15:32:34.260,46.0600,95
55954260894716,15:32:34.260,46.0500,100
56001175090997,15:33:21.175,46.0400,100
56028049209948,15:33:48.049,46.0400,11
56037537765017,15:33:57.537,46.0300,100
56081360593754,15:34:41.360,45.9900,6
56092331689605,15:34:52.331,45.9900,19
56099934050602,15:34:59.934,46.0000,35
56103359542177,15:35:03.359,46.0000,65
56103359542177,15:35:03.359,46.0000,100
56133149744257,15:35:33.149,46.0100,90
56133149855827,15:35:33.149,46.0100,1
56133196337440,15:35:33.196,46.0100,9
56133196337440,15:35:33.196,46.0100,100
56133707849461,15:35:33.707,46.0100,100
56173322579462,15:36:13.322,46.0100,100
56173322579462,15:36:13.322,46.0100,28
56173322579462,15:36:13.322,46.0100,100
56173322579462,15:36:13.322,46.0100,72
56173322613016,15:36:13.322,46.0100,128
56173325169768,15:36:13.325,46.0000,100
56173325169768,15:36:13.325,46.0000,8
56173325169768,15:36:13.325,46.0000,1
56211358367426,15:36:51.358,45.9850,100
56211358367426,15:36:51.358,45.9850,100
56221130719096,15:37:01.130,45.9850,100
56234590383810,15:37:14.590,45.9800,77
56234590838495,15:37:14.590,45.9800,23
56234590838495,15:37:14.590,45.9800,16
56234592829467,15:37:14.592,45.9800,44
56234592836719,15:37:14.592,45.9800,40
56290749806107,15:38:10.749,45.9600,21
56323530856373,15:38:43.530,45.9700,11
56323530856373,15:38:43.530,45.9700,100
56323530856373,15:38:43.530,45.9700,89
56323531134698,15:38:43.531,45.9700,11
56323531134698,15:38:43.531,45.9700,100
56323531134698,15:38:43.531,45.9700,10
56323531134698,15:38:43.531,45.9700,99
56323540597462,15:38:43.540,45.9700,1
56323540597462,15:38:43.540,45.9700,100
56323540597462,15:38:43.540,45.9700,6
56323581390531,15:38:43.581,45.9700,94
56330019285816,15:38:50.019,45.9700,5
56330021091767,15:38:50.021,45.9700,100
56330021199562,15:38:50.021,45.9700,100
56341021004511,15:39:01.021,45.9800,100
56341022790607,15:39:01.022,45.9800,10
56358368954201,15:39:18.368,45.9850,100
56386172470128,15:39:46.172,45.9800,100
56386172470128,15:39:46.172,45.9800,44
56386172470128,15:39:46.172,45.9800,56
56386173012243,15:39:46.173,45.9800,44
56386173012243,15:39:46.173,45.9800,100
56426591851126,15:40:26.591,45.9800,100
56426591851126,15:40:26.591,45.9800,50
56426591851126,15:40:26.591,45.9800,100
56427152578361,15:40:27.152,45.9700,49
56427152819010,15:40:27.152,45.9700,51
56427152819010,15:40:27.152,45.9700,100
56429535796259,15:40:29.535,45.9700,100
56443038941624,15:40:43.038,45.9700,96
56443038941624,15:40:43.038,45.9700,4
56443039418626,15:40:43.039,45.9700,96
56443039418626,15:40:43.039,45.9700,53
56463134204641,15:41:03.134,45.9600,79
56480504139088,15:41:20.504,45.9500,10
56488450255509,15:41:28.450,45.9500,90
56488450255509,15:41:28.450,45.9500,10
56488450285152,15:41:28.450,45.9500,90
56488450285152,15:41:28.450,45.9500,100
56515343071413,15:41:55.343,45.9500,100
56515343071413,15:41:55.343,45.9500,100
56628698897379,15:43:48.698,45.9600,100
56628698897379,15:43:48.698,45.9600,100
56628698897379,15:43:48.698,45.9600,87
56628698953496,15:43:48.698,45.9600,13
56628698953496,15:43:48.698,45.9600,100
56628698953496,15:43:48.698,45.9600,100
56654296279471,15:44:14.296,45.9700,100
56654296279471,15:44:14.296,45.9700,100
56654296279471,15:44:14.296,45.9700,20
56654296373366,15:44:14.296,45.9700,80
56654296373366,15:44:14.296,45.9700,100
56654296373366,15:44:14.296,45.9700,5
56709178169450,15:45:09.178,46.0000,100
56709178169450,15:45:09.178,46.0000,8
56709178198481,15:45:09.178,46.0000,92
56750155617073,15:45:50.155,46.0000,100
56807443537737,15:46:47.443,46.0100,4
56822913627688,15:47:02.913,46.0000,100
56822913627688,15:47:02.913,46.0000,65
56822913627688,15:47:02.913,46.0000,100
56824192658188,15:47:04.192,45.9950,100
56917914877467,15:48:37.914,45.9900,100
56917914877467,15:48:37.914,45.9900,200
56917914877467,15:48:37.914,45.9900,100
56917914877467,15:48:37.914,45.9900,37
56917917797835,15:48:37.917,45.9900,8
57012994940668,15:50:12.994,45.9900,6
57066966457043,15:51:06.966,45.9800,10
57097946218590,15:51:37.946,45.9800,12
57143431124203,15:52:23.431,45.9800,278
57143431124203,15:52:23.431,45.9800,100
57143431124203,15:52:23.431,45.9800,100
57143431124203,15:52:23.431,45.9800,2
57143431124203,15:52:23.431,45.9800,160
57143431328009,15:52:23.431,45.9800,100
57143437018633,15:52:23.437,45.9700,42
57143437018633,15:52:23.437,45.9700,91
57143437044598,15:52:23.437,45.9700,9
57143437634925,15:52:23.437,45.9700,100
57143442887788,15:52:23.442,45.9650,100
57143499698125,15:52:23.499,45.9600,158
57143499698125,15:52:23.499,45.9600,16
57143499724284,15:52:23.499,45.9600,170
57143499724284,15:52:23.499,45.9600,200
57144183732207,15:52:24.183,45.9500,100
57145019258321,15:52:25.019,45.9500,75
57145081204283,15:52:25.081,45.9500,100
57145924183022,15:52:25.924,45.9400,100
57145924447743,15:52:25.924,45.9400,100
57145966521581,15:52:25.966,45.9400,21
57160780876517,15:52:40.780,45.9100,75
57160781226202,15:52:40.781,45.9100,100
57160781579139,15:52:40.781,45.9100,9
57167222373023,15:52:47.222,45.9100,100
57198004010460,15:53:18.004,45.9100,100
57224819100547,15:53:44.819,45.9100,100
57230082139253,15:53:50.082,45.9100,40
57230082139253,15:53:50.082,45.9100,2
57230085333626,15:53:50.085,45.9000,1
57235050542248,15:53:55.050,45.9100,2
57235050542248,15:53:55.050,45.9100,100
57259946237113,15:54:19.946,45.9000,4
57300952563208,15:55:00.952,45.9100,100
57300952563208,15:55:00.952,45.9100,100
57300952563208,15:55:00.952,45.9100,96
57300952563208,15:55:00.952,45.9100,7
57300952563208,15:55:00.952,45.9100,100
57300952563208,15:55:00.952,45.9100,100
57300952563208,15:55:00.952,45.9100,100
57300953129264,15:55:00.953,45.9100,100
57301086892170,15:55:01.086,45.9200,100
57301086892170,15:55:01.086,45.9200,100
57301086892170,15:55:01.086,45.9200,100
57301086892170,15:55:01.086,45.9200,100
57301086892170,15:55:01.086,45.9200,200
57302534886449,15:55:02.534,45.9200,100
57302534886449,15:55:02.534,45.9200,100
57310394925246,15:55:10.394,45.9200,100
57310394925246,15:55:10.394,45.9200,100
57310396036640,15:55:10.396,45.9200,100
57310396542527,15:55:10.396,45.9200,100
57310396599709,15:55:10.396,45.9200,100
57335364458214,15:55:35.364,45.9300,100
57335365285036,15:55:35.365,45.9300,95
57345514863439,15:55:45.514,45.9300,13
57353163007993,15:55:53.163,45.9400,8
57360203276805,15:56:00.203,45.9300,100
57380013862123,15:56:20.013,45.9300,75
57380015464022,15:56:20.015,45.9300,100
57388062553703,15:56:28.062,45.9400,6
57396374589102,15:56:36.374,45.9400,86
57396374589102,15:56:36.374,45.9400,100
57396374589102,15:56:36.374,45.9400,100
57406112833816,15:56:46.112,45.9400,44
57422043897873,15:57:02.043,45.9400,2
57426531713198,15:57:06.531,45.9400,39
57426549139061,15:57:06.549,45.9400,100
57426549139061,15:57:06.549,45.9400,100
57426549165517,15:57:06.549,45.9400,87
57450472856502,15:57:30.472,45.9500,4
57466070289491,15:57:46.070,45.9400,100
57466070289491,15:57:46.070,45.9400,23
57466070289491,15:57:46.070,45.9400,100
57466070354558,15:57:46.070,45.9400,100
57469029042740,15:57:49.029,45.9300,9
57469029042740,15:57:49.029,45.9300,91
57469918049132,15:57:49.918,45.9300,1
57469918049132,15:57:49.918,45.9300,99
57477988294568,15:57:57.988,45.9300,1
57531960316547,15:58:51.960,45.9200,100
57531960316547,15:58:51.960,45.9200,100
57531961285073,15:58:51.961,45.9200,100
57531961392294,15:58:51.961,45.9200,100
57531964565329,15:58:51.964,45.9200,100
57542513192126,15:59:02.513,45.9200,12
57549968770765,15:59:09.968,45.9200,3
57550078184520,15:59:10.078,45.9200,1
57580359604681,15:59:40.359,45.9400,4
57597735297115,15:59:57.735,45.9400,61
57600746119491,16:00:00.746,0.0000,0
