timestamp,time,price,volume
25825146808782,07:10:25.146,22.6500,300
34200115401761,09:30:00.115,0.0000,0
34211184536764,09:30:11.184,22.5400,100
34211184536764,09:30:11.184,22.5400,100
34211184536764,09:30:11.184,22.5400,100
34351086682346,09:32:31.086,22.4500,100
34351086682346,09:32:31.086,22.4500,100
34351087684512,09:32:31.087,22.4800,100
34351088200206,09:32:31.088,22.4700,100
34351088223656,09:32:31.088,22.4800,100
34351237827429,09:32:31.237,22.4900,100
34351237827429,09:32:31.237,22.4900,100
34351320740679,09:32:31.320,22.4900,123
34351320740679,09:32:31.320,22.4900,190
34351484012674,09:32:31.484,22.4800,55
34352609858209,09:32:32.609,22.4900,101
34352609858209,09:32:32.609,22.4900,100
34352609858209,09:32:32.609,22.4900,12
34352610190689,09:32:32.610,22.4900,50
34353085321476,09:32:33.085,22.4700,100
34353493560576,09:32:33.493,22.4300,100
34353493560576,09:32:33.493,22.4300,100
34353495299639,09:32:33.495,22.4300,100
34353495514713,09:32:33.495,22.4100,10
34354937037974,09:32:34.937,22.4100,100
34357826164438,09:32:37.826,22.4200,100
34357826188807,09:32:37.826,22.4200,100
34358940077572,09:32:38.940,22.4300,168
34358940077572,09:32:38.940,22.4300,132
34392170108806,09:33:12.170,22.3700,100
34392170184705,09:33:12.170,22.3500,78
34392170194512,09:33:12.170,22.3500,22
34392170194512,09:33:12.170,22.3500,100
34392171455219,09:33:12.171,22.3500,100
34392171629799,09:33:12.171,22.3500,100
34392174816371,09:33:12.174,22.3400,200
34392174840780,09:33:12.174,22.3400,70
34395407600484,09:33:15.407,22.3400,172
34395407687648,09:33:15.407,22.3500,100
34395407830154,09:33:15.407,22.3400,100
34395408999740,09:33:15.408,22.3400,28
34395416985570,09:33:15.416,22.3600,100
34395532680597,09:33:15.532,22.3700,300
34395532959471,09:33:15.532,22.3800,100
34396828258003,09:33:16.828,22.3700,72
34396828258003,09:33:16.828,22.3700,28
34396828313641,09:33:16.828,22.3700,72
34420724870613,09:33:40.724,22.3600,51
34422165358945,09:33:42.165,22.3400,100
34454112731652,09:34:14.112,22.3200,200
34454112749455,09:34:14.112,22.3300,100
34454116154592,09:34:14.116,22.3400,200
34454127829255,09:34:14.127,22.3500,100
34454127829255,09:34:14.127,22.3500,100
34454127835893,09:34:14.127,22.3500,100
34454185642172,09:34:14.185,22.3500,100
34454185642172,09:34:14.185,22.3500,100
34454185722595,09:34:14.185,22.3500,23
34454933692120,09:34:14.933,22.3600,100
34454933692120,09:34:14.933,22.3600,100
34454933692120,09:34:14.933,22.3600,100
34454939892173,09:34:14.939,22.3600,100
34454940073132,09:34:14.940,22.3600,100
34455140389257,09:34:15.140,22.3400,100
34455442805314,09:34:15.442,22.3400,100
34455442805314,09:34:15.442,22.3400,100
34455442805314,09:34:15.442,22.3400,102
34455594279393,09:34:15.594,22.3300,100
34455594279393,09:34:15.594,22.3300,100
34455594279393,09:34:15.594,22.3300,100
34456850540628,09:34:16.850,22.3200,200
34463039596232,09:34:23.039,22.3100,200
34463039596232,09:34:23.039,22.3100,200
34463039625882,09:34:23.039,22.3100,123
34463071128045,09:34:23.071,22.3100,100
34463524470781,09:34:23.524,22.3000,102
34463524470781,09:34:23.524,22.3000,100
34485227473879,09:34:45.227,22.3100,100
34485227473879,09:34:45.227,22.3100,100
34508074193283,09:35:08.074,22.3000,14
34539323534865,09:35:39.323,22.3000,86
34539323534865,09:35:39.323,22.3000,14
34539323703716,09:35:39.323,22.3000,86
34539608852144,09:35:39.608,22.2900,100
34539608983470,09:35:39.608,22.2900,100
34574530150716,09:36:14.530,22.2800,100
34574530150716,09:36:14.530,22.2800,100
34574530150716,09:36:14.530,22.2800,100
34574532118114,09:36:14.532,22.2800,100
34581409703497,09:36:21.409,22.2700,200
34589596812523,09:36:29.596,22.2600,100
34589596812523,09:36:29.596,22.2600,100
34597430636905,09:36:37.430,22.2600,327
34597430734976,09:36:37.430,22.2600,673
34597431856064,09:36:37.431,22.2700,200
34597832977200,09:36:37.832,22.2800,200
34600756040589,09:36:40.756,22.2900,13
34652746553988,09:37:32.746,22.3200,100
34687599554990,09:38:07.599,22.3400,15
34688800199707,09:38:08.800,22.3400,100
34688800199707,09:38:08.800,22.3400,100
34713350470279,09:38:33.350,22.3800,63
34713350476899,09:38:33.350,22.3800,37
34713350476899,09:38:33.350,22.3800,100
34726650695888,09:38:46.650,22.3900,100
34726650695888,09:38:46.650,22.3900,100
34726650695888,09:38:46.650,22.3900,100
34726650695888,09:38:46.650,22.3900,100
34726650695888,09:38:46.650,22.3900,100
34726650870839,09:38:46.650,22.3900,100
34726650985312,09:38:46.650,22.3900,100
34726650989448,09:38:46.650,22.3900,100
34727205005043,09:38:47.205,22.3800,100
34745183215789,09:39:05.183,22.3700,100
34747438738389,09:39:07.438,22.3700,100
34747438738389,09:39:07.438,22.3700,100
34747438753088,09:39:07.438,22.3700,100
34779643945380,09:39:39.643,22.3900,100
34779643945380,09:39:39.643,22.3900,100
34812182670988,09:40:12.182,22.4100,100
34816415983434,09:40:16.415,22.4200,100
34816415983434,09:40:16.415,22.4200,100
34816415983434,09:40:16.415,22.4200,100
34823088169829,09:40:23.088,22.4500,100
34823131651319,09:40:23.131,22.4500,100
34856335020021,09:40:56.335,22.4600,100
34857413425736,09:40:57.413,22.4800,100
34857413425736,09:40:57.413,22.4800,100
34857413425736,09:40:57.413,22.4800,100
34857413545215,09:40:57.413,22.4800,100
34857414127980,09:40:57.414,22.4800,100
34858608245538,09:40:58.608,22.4700,100
34869752185577,09:41:09.752,22.4500,100
34870583378851,09:41:10.583,22.4500,100
34870585129280,09:41:10.585,22.4400,100
34870585129280,09:41:10.585,22.4400,100
34886612005934,09:41:26.612,22.4300,100
34886981286979,09:41:26.981,22.4300,100
34886981286979,09:41:26.981,22.4300,100
34886981286979,09:41:26.981,22.4300,100
34890155713761,09:41:30.155,22.4400,100
34890155713761,09:41:30.155,22.4400,100
34935579299317,09:42:15.579,22.4500,100
34935579299317,09:42:15.579,22.4500,100
34936850676269,09:42:16.850,22.4700,50
34940701809427,09:42:20.701,22.4600,100
34940701809427,09:42:20.701,22.4600,100
34940720475419,09:42:20.720,22.4500,100
34947619526107,09:42:27.619,22.4400,100
34968675742082,09:42:48.675,22.4300,100
34994827703098,09:43:14.827,22.4000,100
34994827703098,09:43:14.827,22.4000,56
34994827706055,09:43:14.827,22.4000,44
35004589181570,09:43:24.589,22.3800,56
35004589189005,09:43:24.589,22.3800,44
35006580465423,09:43:26.580,22.3700,200
35032519775122,09:43:52.519,22.3700,100
35044593753843,09:44:04.593,22.3700,100
35044593753843,09:44:04.593,22.3700,100
35049839842139,09:44:09.839,22.3600,100
35068016457471,09:44:28.016,22.3500,100
35094365748662,09:44:54.365,22.3600,100
35094365748662,09:44:54.365,22.3600,100
35118443550685,09:45:18.443,22.3700,100
35118519619342,09:45:18.519,22.3700,50
35124842023062,09:45:24.842,22.3600,100
35130012561671,09:45:30.012,22.3400,100
35175454712084,09:46:15.454,22.3300,100
35175454712084,09:46:15.454,22.3300,100
35175455195794,09:46:15.455,22.3300,50
35175455195794,09:46:15.455,22.3300,50
35175456389153,09:46:15.456,22.3300,50
35175463995404,09:46:15.463,22.3300,100
35189920272800,09:46:29.920,22.3300,100
35195672877818,09:46:35.672,22.3300,100
35207016048491,09:46:47.016,22.3350,300
35211367217229,09:46:51.367,22.3400,100
35211367217229,09:46:51.367,22.3400,100
35213116102943,09:46:53.116,22.3300,100
35218371266980,09:46:58.371,22.3400,12
35218371502325,09:46:58.371,22.3400,88
35221172276324,09:47:01.172,22.3500,85
35221172409852,09:47:01.172,22.3500,15
35221172409852,09:47:01.172,22.3500,100
35223778802699,09:47:03.778,22.3600,100
35225476180243,09:47:05.476,22.3700,100
35225476195659,09:47:05.476,22.3800,100
35225476195659,09:47:05.476,22.3800,44
35225476216452,09:47:05.476,22.3800,56
35225476216452,09:47:05.476,22.3800,100
35225476216452,09:47:05.476,22.3800,100
35225779745429,09:47:05.779,22.3900,100
35225917317459,09:47:05.917,22.3900,100
35226526913997,09:47:06.526,22.3800,100
35226526913997,09:47:06.526,22.3800,100
35226526913997,09:47:06.526,22.3800,100
35226526913997,09:47:06.526,22.3800,100
35226526913997,09:47:06.526,22.3800,100
35280921847774,09:48:00.921,22.3700,100
35280921847774,09:48:00.921,22.3700,100
35280922131995,09:48:00.922,22.3600,100
35280922131995,09:48:00.922,22.3600,55
35280922135915,09:48:00.922,22.3600,45
35280922135915,09:48:00.922,22.3600,100
35280937254169,09:48:00.937,22.3600,100
35288377110725,09:48:08.377,22.3500,100
35295168602142,09:48:15.168,22.3100,100
35321623347600,09:48:41.623,22.3200,100
35324429365806,09:48:44.429,22.3200,100
35326593406053,09:48:46.593,22.3200,100
35328938914448,09:48:48.938,22.3300,200
35328938914448,09:48:48.938,22.3300,100
35329436377334,09:48:49.436,22.3300,100
35329436377334,09:48:49.436,22.3300,200
35337034777616,09:48:57.034,22.3300,100
35339204890634,09:48:59.204,22.3300,200
35339845392911,09:48:59.845,22.3300,100
35340579016874,09:49:00.579,22.3300,100
35340579016874,09:49:00.579,22.3300,100
35340579016874,09:49:00.579,22.3300,100
35340579634711,09:49:00.579,22.3300,100
35340688360898,09:49:00.688,22.3300,100
35340688360898,09:49:00.688,22.3300,100
35341824363314,09:49:01.824,22.3400,100
35341824363314,09:49:01.824,22.3400,100
35343142041363,09:49:03.142,22.3350,300
35345104044136,09:49:05.104,22.3350,300
35358076558487,09:49:18.076,22.3400,100
35358076558487,09:49:18.076,22.3400,100
35359318969453,09:49:19.318,22.3500,100
35359318969453,09:49:19.318,22.3500,100
35360380535307,09:49:20.380,22.3600,100
35360384848382,09:49:20.384,22.3600,100
35361435070105,09:49:21.435,22.3600,200
35361435070105,09:49:21.435,22.3600,100
35361435070105,09:49:21.435,22.3600,100
35361435070105,09:49:21.435,22.3600,100
35364720289454,09:49:24.720,22.3700,100
35364720289454,09:49:24.720,22.3700,100
35364720981332,09:49:24.720,22.3700,100
35364721311054,09:49:24.721,22.3700,100
35364736304791,09:49:24.736,22.3600,100
35366921135516,09:49:26.921,22.3600,100
35372471102413,09:49:32.471,22.3600,100
35372471102413,09:49:32.471,22.3600,100
35372471579630,09:49:32.471,22.3600,100
35375580391397,09:49:35.580,22.3500,100
35375580391397,09:49:35.580,22.3500,100
35377228640739,09:49:37.228,22.3400,100
35381499663997,09:49:41.499,22.3300,100
35381499663997,09:49:41.499,22.3300,100
35388486009440,09:49:48.486,22.3000,100
35400047234543,09:50:00.047,22.3000,111
35409918807411,09:50:09.918,22.3100,100
35409918807411,09:50:09.918,22.3100,100
35409918807411,09:50:09.918,22.3100,100
35411235101472,09:50:11.235,22.3200,100
35412582085772,09:50:12.582,22.3200,100
35412999152949,09:50:12.999,22.3200,100
35412999152949,09:50:12.999,22.3200,100
35413721027643,09:50:13.721,22.3200,100
35414916725413,09:50:14.916,22.3300,100
35416268469492,09:50:16.268,22.3300,100
35416268469492,09:50:16.268,22.3300,100
35417377705994,09:50:17.377,22.3300,100
35420718599854,09:50:20.718,22.3400,100
35420718599854,09:50:20.718,22.3400,100
35420718599854,09:50:20.718,22.3400,100
35421827848249,09:50:21.827,22.3400,100
35422507569083,09:50:22.507,22.3400,100
35422868507796,09:50:22.868,22.3400,100
35422868507796,09:50:22.868,22.3400,100
35441273083736,09:50:41.273,22.3500,200
35449818350267,09:50:49.818,22.3600,100
35449818607264,09:50:49.818,22.3500,13
35449818611815,09:50:49.818,22.3500,87
35449818611815,09:50:49.818,22.3500,100
35449818611815,09:50:49.818,22.3500,63
35449818618525,09:50:49.818,22.3500,37
35449829498862,09:50:49.829,22.3500,100
35456061799262,09:50:56.061,22.3400,100
35456061799262,09:50:56.061,22.3400,100
35461621252143,09:51:01.621,22.3300,100
35461621252143,09:51:01.621,22.3300,100
35470433895305,09:51:10.433,22.3400,100
35470433895305,09:51:10.433,22.3400,100
35471630421801,09:51:11.630,22.3400,100
35471630421801,09:51:11.630,22.3400,200
35472732832551,09:51:12.732,22.3500,100
35473394114286,09:51:13.394,22.3500,100
35473394114286,09:51:13.394,22.3500,100
35473394114286,09:51:13.394,22.3500,100
35475011883563,09:51:15.011,22.3500,200
35475011883563,09:51:15.011,22.3500,100
35475011883563,09:51:15.011,22.3500,100
35475011883563,09:51:15.011,22.3500,100
35479649996354,09:51:19.649,22.3400,100
35482117942653,09:51:22.117,22.3400,100
35484378473345,09:51:24.378,22.3400,200
35485668048525,09:51:25.668,22.3400,200
35485668048525,09:51:25.668,22.3400,100
35486834509054,09:51:26.834,22.3500,200
35487970019486,09:51:27.970,22.3500,100
35489874274114,09:51:29.874,22.3500,100
35502785022758,09:51:42.785,22.3400,100
35503970346577,09:51:43.970,22.3400,100
35509750414365,09:51:49.750,22.3400,100
35514525715964,09:51:54.525,22.3400,200
35515689277846,09:51:55.689,22.3400,200
35517821050696,09:51:57.821,22.3400,100
35520507009832,09:52:00.507,22.3400,500
35536071584886,09:52:16.071,22.3400,200
35538620955013,09:52:18.620,22.3500,30
35538620985253,09:52:18.620,22.3500,170
35538620985253,09:52:18.620,22.3500,48
35539728048337,09:52:19.728,22.3500,152
35541980342763,09:52:21.980,22.3600,100
35543031111050,09:52:23.031,22.3600,100
35543031111050,09:52:23.031,22.3600,100
35544496356391,09:52:24.496,22.3600,88
35544496382524,09:52:24.496,22.3600,12
35544496382524,09:52:24.496,22.3600,100
35544901554730,09:52:24.901,22.3500,100
35544901554730,09:52:24.901,22.3500,100
35544901689990,09:52:24.901,22.3500,100
35546082543780,09:52:26.082,22.3500,100
35546082543780,09:52:26.082,22.3500,100
35547170462279,09:52:27.170,22.3500,100
35547170462279,09:52:27.170,22.3500,100
35548352616780,09:52:28.352,22.3500,100
35567135318347,09:52:47.135,22.3050,100
35567691254132,09:52:47.691,22.3050,500
35567692859138,09:52:47.692,22.3050,1700
35567693469841,09:52:47.693,22.3050,600
35570246649061,09:52:50.246,22.3050,100
35570246734844,09:52:50.246,22.3050,100
35570246751779,09:52:50.246,22.3050,100
35570246770665,09:52:50.246,22.3050,100
35570246774840,09:52:50.246,22.3000,100
35570908395767,09:52:50.908,22.2850,100
35573207977075,09:52:53.207,22.2850,100
35576516480297,09:52:56.516,22.2750,200
35578231652021,09:52:58.231,22.2750,100
35578370541076,09:52:58.370,22.2750,100
35579234174004,09:52:59.234,22.2750,100
35579351894175,09:52:59.351,22.2750,100
35580561528230,09:53:00.561,22.2750,100
35581233233747,09:53:01.233,22.2750,100
35581233361137,09:53:01.233,22.2750,100
35581267438515,09:53:01.267,22.2750,100
35584444403969,09:53:04.444,22.2800,100
35584444403969,09:53:04.444,22.2800,100
35589658051881,09:53:09.658,22.2750,400
35589658053852,09:53:09.658,22.2750,400
35589658470096,09:53:09.658,22.2750,400
35589658473945,09:53:09.658,22.2750,400
35589658490151,09:53:09.658,22.2750,100
35589658580524,09:53:09.658,22.2750,100
35589659922582,09:53:09.659,22.2700,100
35589659922582,09:53:09.659,22.2700,100
35589659922582,09:53:09.659,22.2700,100
35589659922582,09:53:09.659,22.2700,100
35590715445755,09:53:10.715,22.2650,100
35593186617406,09:53:13.186,22.2550,400
35593186906060,09:53:13.186,22.2550,100
35593186927364,09:53:13.186,22.2500,100
35593187095878,09:53:13.187,22.2500,100
35593187117972,09:53:13.187,22.2500,100
35593187222617,09:53:13.187,22.2500,100
35599697002962,09:53:19.697,22.2350,225
35599697689660,09:53:19.697,22.2350,100
35599697729761,09:53:19.697,22.2350,100
35599698024297,09:53:19.698,22.2350,225
35599698059300,09:53:19.698,22.2350,200
35599698915960,09:53:19.698,22.2300,50
35600170187209,09:53:20.170,22.2350,500
35602519016117,09:53:22.519,22.2400,100
35602519205102,09:53:22.519,22.2400,13
35604027106127,09:53:24.027,22.2500,300
35604027106127,09:53:24.027,22.2500,100
35604027106127,09:53:24.027,22.2500,100
35604027106127,09:53:24.027,22.2500,100
35604027262409,09:53:24.027,22.2500,100
35604027326306,09:53:24.027,22.2500,200
35604027326306,09:53:24.027,22.2500,100
35604027326306,09:53:24.027,22.2500,100
35604027492047,09:53:24.027,22.2500,300
35604027492047,09:53:24.027,22.2500,100
35604027646708,09:53:24.027,22.2500,100
35609934211734,09:53:29.934,22.2700,100
35610033980928,09:53:30.033,22.2750,300
35614311950326,09:53:34.311,22.2800,100
35614311953000,09:53:34.311,22.2800,100
35614311953000,09:53:34.311,22.2800,100
35614311953000,09:53:34.311,22.2800,200
35618594056830,09:53:38.594,22.2850,200
35618594056830,09:53:38.594,22.2800,100
35618594085271,09:53:38.594,22.2800,100
35618594085271,09:53:38.594,22.2800,100
35618594108159,09:53:38.594,22.2800,100
35619558699562,09:53:39.558,22.2800,200
35619558699562,09:53:39.558,22.2800,100
35619558699562,09:53:39.558,22.2800,100
35619558699562,09:53:39.558,22.2800,100
35622896033389,09:53:42.896,22.2900,200
35622896033389,09:53:42.896,22.2900,100
35622896033389,09:53:42.896,22.2900,400
35623750601299,09:53:43.750,22.3000,195
35623750607736,09:53:43.750,22.3000,5
35623750607736,09:53:43.750,22.3000,100
35623750607736,09:53:43.750,22.3000,100
35623750607736,09:53:43.750,22.3000,195
35623750831967,09:53:43.750,22.3000,5
35623750831967,09:53:43.750,22.3000,100
35624216236914,09:53:44.216,22.3100,200
35624216236914,09:53:44.216,22.3100,100
35624216472716,09:53:44.216,22.3100,100
35630066948070,09:53:50.066,22.3100,100
35630066948070,09:53:50.066,22.3100,100
35630066948070,09:53:50.066,22.3100,100
35630066948070,09:53:50.066,22.3100,100
35632877638149,09:53:52.877,22.3200,300
35632877638149,09:53:52.877,22.3200,100
35632877638149,09:53:52.877,22.3200,100
35632877638149,09:53:52.877,22.3200,100
35633013877549,09:53:53.013,22.3300,100
35633013877549,09:53:53.013,22.3300,200
35633013877549,09:53:53.013,22.3300,100
35633013877549,09:53:53.013,22.3300,200
35633671987417,09:53:53.671,22.3400,200
35633671987417,09:53:53.671,22.3400,100
35633672149210,09:53:53.672,22.3400,100
35633672175908,09:53:53.672,22.3400,200
35633672175908,09:53:53.672,22.3400,100
35633672243624,09:53:53.672,22.3400,100
35633672243624,09:53:53.672,22.3400,100
35633672260256,09:53:53.672,22.3400,100
35633672545033,09:53:53.672,22.3400,100
35635280509239,09:53:55.280,22.3400,400
35635280509239,09:53:55.280,22.3400,100
35635280509239,09:53:55.280,22.3400,100
35635280509239,09:53:55.280,22.3400,100
35635280509239,09:53:55.280,22.3400,200
35635280509239,09:53:55.280,22.3400,50
35639476627399,09:53:59.476,22.3400,100
35639476627399,09:53:59.476,22.3400,100
35639477308161,09:53:59.477,22.3300,100
35639477308161,09:53:59.477,22.3300,112
35639477317072,09:53:59.477,22.3300,88
35639477317072,09:53:59.477,22.3300,100
35639477317072,09:53:59.477,22.3300,100
35640212115632,09:54:00.212,22.3000,100
35640341343857,09:54:00.341,22.2950,100
35640341343857,09:54:00.341,22.2900,100
35640341343857,09:54:00.341,22.2900,100
35640341343857,09:54:00.341,22.2900,100
35640341375280,09:54:00.341,22.2900,200
35640348209659,09:54:00.348,22.2900,300
35641142519844,09:54:01.142,22.2900,100
35641142614567,09:54:01.142,22.2900,200
35652425786026,09:54:12.425,22.2850,100
35652425786026,09:54:12.425,22.2800,100
35652543828198,09:54:12.543,22.2800,100
35667462458524,09:54:27.462,22.2750,1
35687633460122,09:54:47.633,22.2800,100
35687634804480,09:54:47.634,22.2900,100
35712218493389,09:55:12.218,22.3000,200
35713180069910,09:55:13.180,22.3100,100
35714988687873,09:55:14.988,22.3250,100
35721647125883,09:55:21.647,22.3350,87
35723301497375,09:55:23.301,22.3350,500
35723301951585,09:55:23.301,22.3350,500
35723302035347,09:55:23.302,22.3350,500
35723302039056,09:55:23.302,22.3350,500
35723302080850,09:55:23.302,22.3350,500
35723303262764,09:55:23.303,22.3300,100
35723303262764,09:55:23.303,22.3300,200
35723303262764,09:55:23.303,22.3300,100
35723303262764,09:55:23.303,22.3300,100
35723680761571,09:55:23.680,22.3250,100
35723896248004,09:55:23.896,22.3150,100
35725918757208,09:55:25.918,22.3150,100
35729870680876,09:55:29.870,22.3150,100
35729984755050,09:55:29.984,22.3050,100
35736463272946,09:55:36.463,22.3100,100
35736463272946,09:55:36.463,22.3100,300
35736463972958,09:55:36.463,22.3100,43
35753066205508,09:55:53.066,22.2700,100
35753066205508,09:55:53.066,22.2700,200
35760758665121,09:56:00.758,22.2300,100
35787700439251,09:56:27.700,22.2300,100
35787700439251,09:56:27.700,22.2300,100
35822448123824,09:57:02.448,22.2400,100
35822448145551,09:57:02.448,22.2400,300
35822448145551,09:57:02.448,22.2400,300
35822449228193,09:57:02.449,22.2500,100
35822449228193,09:57:02.449,22.2500,48
35822449237770,09:57:02.449,22.2500,52
35822449237770,09:57:02.449,22.2500,100
35822449237770,09:57:02.449,22.2500,100
35822562711398,09:57:02.562,22.2500,100
35823458969712,09:57:03.458,22.2600,100
35834669809988,09:57:14.669,22.2800,100
35839146021630,09:57:19.146,22.2900,100
35839146021630,09:57:19.146,22.2900,200
35840656733484,09:57:20.656,22.3000,100
35840656733484,09:57:20.656,22.3000,200
35841320252441,09:57:21.320,22.3000,300
35842143969687,09:57:22.143,22.3000,100
35842145595702,09:57:22.145,22.3000,100
35845268355032,09:57:25.268,22.3100,100
35845458347323,09:57:25.458,22.3100,200
35845458347323,09:57:25.458,22.3100,100
35845458347323,09:57:25.458,22.3100,100
35845458347323,09:57:25.458,22.3100,200
35845461285013,09:57:25.461,22.3100,100
35847632778371,09:57:27.632,22.3200,300
35847763340067,09:57:27.763,22.3400,100
35849375297132,09:57:29.375,22.3300,30
35849375297132,09:57:29.375,22.3300,100
35849375297132,09:57:29.375,22.3300,10
35852241589426,09:57:32.241,22.3400,100
35852241589426,09:57:32.241,22.3400,100
35852241589426,09:57:32.241,22.3400,100
35857038850590,09:57:37.038,22.3300,300
35865057179989,09:57:45.057,22.3300,100
35873397530792,09:57:53.397,22.3050,300
35873466457276,09:57:53.466,22.3100,200
35874204135924,09:57:54.204,22.3100,100
35878473735281,09:57:58.473,22.3000,100
35878473735281,09:57:58.473,22.3000,100
35878473735281,09:57:58.473,22.3000,100
35878473735281,09:57:58.473,22.3000,100
35878473735281,09:57:58.473,22.3000,100
35878474128868,09:57:58.474,22.3000,100
35878474128868,09:57:58.474,22.3000,100
35878474166713,09:57:58.474,22.3000,100
35878475153090,09:57:58.475,22.3000,100
35878475153090,09:57:58.475,22.3000,100
35878480594919,09:57:58.480,22.3000,100
35878480594919,09:57:58.480,22.3000,100
35878480594919,09:57:58.480,22.3000,200
35878587588595,09:57:58.587,22.3000,100
35878587613954,09:57:58.587,22.3000,100
35878587779437,09:57:58.587,22.3000,200
35878588542678,09:57:58.588,22.3000,100
35878588542678,09:57:58.588,22.3000,100
35878699384455,09:57:58.699,22.3000,100
35878699384455,09:57:58.699,22.3000,100
35878730764825,09:57:58.730,22.3000,100
35879537117709,09:57:59.537,22.2950,200
35879537218774,09:57:59.537,22.2950,200
35879537280790,09:57:59.537,22.2950,200
35879538047304,09:57:59.538,22.2900,19
35880766252097,09:58:00.766,22.2850,100
35880766363025,09:58:00.766,22.2850,100
35880766364672,09:58:00.766,22.2850,100
35880766451443,09:58:00.766,22.2850,100
35888221030706,09:58:08.221,22.2750,100
35888528205586,09:58:08.528,22.2650,100
35888672132700,09:58:08.672,22.2650,100
35896376121746,09:58:16.376,22.2550,100
35896529808012,09:58:16.529,22.2550,100
35896735804762,09:58:16.735,22.2550,100
35896826314234,09:58:16.826,22.2550,100
35896995882593,09:58:16.995,22.2550,100
35897085383549,09:58:17.085,22.2550,100
35897085517809,09:58:17.085,22.2550,100
35897085520326,09:58:17.085,22.2550,100
35897086971406,09:58:17.086,22.2600,100
35897270444039,09:58:17.270,22.2650,100
35897271028066,09:58:17.271,22.2650,100
35898669143140,09:58:18.669,22.2550,100
35898789590169,09:58:18.789,22.2550,100
35898904508379,09:58:18.904,22.2550,100
35902931574281,09:58:22.931,22.2450,100
35902933718109,09:58:22.933,22.2450,200
35902935692189,09:58:22.935,22.2450,100
35903078420511,09:58:23.078,22.2450,100
35903080468168,09:58:23.080,22.2450,200
35903082272822,09:58:23.082,22.2450,100
35905275664153,09:58:25.275,22.2450,100
35934208056285,09:58:54.208,22.2300,100
35934208056285,09:58:54.208,22.2300,100
35935885809169,09:58:55.885,22.2100,38
35935885831028,09:58:55.885,22.2100,62
35940334770375,09:59:00.334,22.1900,100
35941500869497,09:59:01.500,22.2000,100
35941500869497,09:59:01.500,22.2000,100
35941501291593,09:59:01.501,22.2000,200
35941501291593,09:59:01.501,22.2000,100
35941501291593,09:59:01.501,22.2000,100
35941501291593,09:59:01.501,22.2000,100
35941501291593,09:59:01.501,22.2000,100
35955921187199,09:59:15.921,22.2000,300
35955921192887,09:59:15.921,22.2000,900
35958320114868,09:59:18.320,22.2100,300
35958320114868,09:59:18.320,22.2100,700
35958350254566,09:59:18.350,22.2200,100
35958350254566,09:59:18.350,22.2200,100
35966703814863,09:59:26.703,22.2400,81
35966703814863,09:59:26.703,22.2400,19
35966703843427,09:59:26.703,22.2400,81
35968261282999,09:59:28.261,22.2450,100
35986989432116,09:59:46.989,22.2800,100
35986989627734,09:59:46.989,22.2800,100
35986996007760,09:59:46.996,22.2800,100
35986996007760,09:59:46.996,22.2800,100
35986996007760,09:59:46.996,22.2800,100
36002212375863,10:00:02.212,22.2800,100
36002212846165,10:00:02.212,22.2700,100
36010952429297,10:00:10.952,22.2500,100
36010952429297,10:00:10.952,22.2500,100
36010952531865,10:00:10.952,22.2500,100
36010952775184,10:00:10.952,22.2500,100
36010952775638,10:00:10.952,22.2500,100
36010952824690,10:00:10.952,22.2500,100
36010952963385,10:00:10.952,22.2500,200
36010952963385,10:00:10.952,22.2500,100
36010952963385,10:00:10.952,22.2500,100
36015491265577,10:00:15.491,22.2600,100
36020918004652,10:00:20.918,22.2700,68
36020918032673,10:00:20.918,22.2800,74
36020918046224,10:00:20.918,22.2800,226
36020918046224,10:00:20.918,22.2800,100
36020918046224,10:00:20.918,22.2800,93
36020918061771,10:00:20.918,22.2800,7
36020918061771,10:00:20.918,22.2800,100
36026983110904,10:00:26.983,22.2800,100
36026983110904,10:00:26.983,22.2800,100
36026983228855,10:00:26.983,22.2800,100
36089570614702,10:01:29.570,22.3000,200
36089570614702,10:01:29.570,22.3000,15
36089570614702,10:01:29.570,22.3000,200
36091401563873,10:01:31.401,22.3100,100
36091401563873,10:01:31.401,22.3100,100
36099083302402,10:01:39.083,22.3000,100
36099083302402,10:01:39.083,22.3000,100
36099083302402,10:01:39.083,22.3000,100
36099083302402,10:01:39.083,22.3000,100
36102368850605,10:01:42.368,22.3100,200
36102368850605,10:01:42.368,22.3100,100
36102368850605,10:01:42.368,22.3100,100
36103956245090,10:01:43.956,22.3200,100
36105559500940,10:01:45.559,22.3200,300
36105559500940,10:01:45.559,22.3200,100
36111578971052,10:01:51.578,22.3300,100
36113080923307,10:01:53.080,22.3300,100
36116287144983,10:01:56.287,22.3300,100
36122423750074,10:02:02.423,22.3200,100
36166647401539,10:02:46.647,22.3000,28
36166647409846,10:02:46.647,22.3000,72
36166647416567,10:02:46.647,22.3000,72
36166647736864,10:02:46.647,22.3000,72
36166647816939,10:02:46.647,22.3000,100
36166647985042,10:02:46.647,22.3000,100
36166648115617,10:02:46.648,22.3000,100
36166648571619,10:02:46.648,22.3000,73
36167210356150,10:02:47.210,22.2900,100
36167210356150,10:02:47.210,22.2900,100
36174069354977,10:02:54.069,22.2800,100
36174195885633,10:02:54.195,22.2750,100
36180332636265,10:03:00.332,22.2650,100
36180334670197,10:03:00.334,22.2650,100
36180424221123,10:03:00.424,22.2650,100
36180426145347,10:03:00.426,22.2650,100
36184753443413,10:03:04.753,22.2650,100
36184837493891,10:03:04.837,22.2650,100
36185009989835,10:03:05.009,22.2650,100
36185014993340,10:03:05.014,22.2650,138
36185015011925,10:03:05.015,22.2650,62
36185015014314,10:03:05.015,22.2650,62
36185202499004,10:03:05.202,22.2650,200
36186189191129,10:03:06.189,22.2650,100
36186342720540,10:03:06.342,22.2650,100
36186461063456,10:03:06.461,22.2650,100
36186627718282,10:03:06.627,22.2650,100
36186759393940,10:03:06.759,22.2650,200
36187473800134,10:03:07.473,22.2650,2
36187740806150,10:03:07.740,22.2650,100
36187866160949,10:03:07.866,22.2650,100
36187993090386,10:03:07.993,22.2650,100
36188140137391,10:03:08.140,22.2650,100
36194729901171,10:03:14.729,22.2700,300
36194729901171,10:03:14.729,22.2700,100
36194729901171,10:03:14.729,22.2700,100
36194729901171,10:03:14.729,22.2700,200
36194729932290,10:03:14.729,22.2700,100
36196223986184,10:03:16.223,22.2800,100
36196251149414,10:03:16.251,22.2850,100
36196952901356,10:03:16.952,22.2900,100
36196952901356,10:03:16.952,22.2900,100
36202815878143,10:03:22.815,22.3100,100
36231653215068,10:03:51.653,22.3200,100
36266795010524,10:04:26.795,22.3400,178
36266795010524,10:04:26.795,22.3400,100
36266795813140,10:04:26.795,22.3300,100
36266795813140,10:04:26.795,22.3300,48
36266795856486,10:04:26.795,22.3300,52
36330662821011,10:05:30.662,22.3100,100
36330662821011,10:05:30.662,22.3100,100
36330662821011,10:05:30.662,22.3100,200
36331511137572,10:05:31.511,22.3200,100
36342302920528,10:05:42.302,22.3450,100
36357071484051,10:05:57.071,22.3500,100
36357287584649,10:05:57.287,22.3500,100
36357287584649,10:05:57.287,22.3500,100
36357287584649,10:05:57.287,22.3500,100
36357287584649,10:05:57.287,22.3500,100
36357287584649,10:05:57.287,22.3500,100
36357287584649,10:05:57.287,22.3500,100
36357287732220,10:05:57.287,22.3500,100
36357287732220,10:05:57.287,22.3500,100
36357287732220,10:05:57.287,22.3500,100
36396198592671,10:06:36.198,22.3700,100
36400758809041,10:06:40.758,22.3700,100
36400759062486,10:06:40.759,22.3700,100
36411149162742,10:06:51.149,22.3600,100
36411149162742,10:06:51.149,22.3600,100
36411149162742,10:06:51.149,22.3600,100
36411149162742,10:06:51.149,22.3600,100
36411149162742,10:06:51.149,22.3600,100
36411149470683,10:06:51.149,22.3600,100
36415792944668,10:06:55.792,22.3550,100
36415794869153,10:06:55.794,22.3550,200
36415796859991,10:06:55.796,22.3550,100
36419180882037,10:06:59.180,22.3550,200
36419181044917,10:06:59.181,22.3550,100
36419181044917,10:06:59.181,22.3500,28
36419181046350,10:06:59.181,22.3500,72
36419181046350,10:06:59.181,22.3500,100
36436393866228,10:07:16.393,22.3500,100
36446709797823,10:07:26.709,22.3500,100
36447626572958,10:07:27.626,22.3550,100
36447626948938,10:07:27.626,22.3550,100
36454165512401,10:07:34.165,22.3500,300
36454166369810,10:07:34.166,22.3500,40
36469218114773,10:07:49.218,22.3600,100
36469218114773,10:07:49.218,22.3600,100
36469218114773,10:07:49.218,22.3600,200
36477004382571,10:07:57.004,22.3700,100
36477004382571,10:07:57.004,22.3700,100
36499424581429,10:08:19.424,22.3800,100
36499424581429,10:08:19.424,22.3800,100
36499424864766,10:08:19.424,22.3800,100
36509212467633,10:08:29.212,22.3900,2
36509212467633,10:08:29.212,22.3900,100
36509212467633,10:08:29.212,22.3900,200
36509212467633,10:08:29.212,22.3900,98
36509212495529,10:08:29.212,22.3900,2
36509212503498,10:08:29.212,22.3900,2
36509212521220,10:08:29.212,22.3900,2
36509212548136,10:08:29.212,22.3900,96
36521752852419,10:08:41.752,22.3900,100
36521752852419,10:08:41.752,22.3900,200
36521752852419,10:08:41.752,22.3900,100
36523690399139,10:08:43.690,22.3900,100
36537568515101,10:08:57.568,22.4000,100
36537568515101,10:08:57.568,22.4000,100
36537568515101,10:08:57.568,22.4000,100
36546743711822,10:09:06.743,22.4000,100
36584717935266,10:09:44.717,22.4000,180
36584717935266,10:09:44.717,22.4000,100
36584717935266,10:09:44.717,22.4000,100
36607700580439,10:10:07.700,22.4150,100
36607700580439,10:10:07.700,22.4200,100
36607700580439,10:10:07.700,22.4200,100
36607700683811,10:10:07.700,22.4200,100
36607701759920,10:10:07.701,22.4200,100
36607701801140,10:10:07.701,22.4200,100
36607701849815,10:10:07.701,22.4200,100
36607701889783,10:10:07.701,22.4200,100
36607701889783,10:10:07.701,22.4200,100
36607702549901,10:10:07.702,22.4200,200
36607771986478,10:10:07.771,22.4200,100
36615832839505,10:10:15.832,22.4300,100
36628909497897,10:10:28.909,22.4400,100
36628909497897,10:10:28.909,22.4400,100
36628980080051,10:10:28.980,22.4400,200
36628980080051,10:10:28.980,22.4400,100
36628980080051,10:10:28.980,22.4400,100
36628980080051,10:10:28.980,22.4400,100
36628986766782,10:10:28.986,22.4400,100
36639059350628,10:10:39.059,22.4400,100
36639059662963,10:10:39.059,22.4400,100
36639060763416,10:10:39.060,22.4500,100
36661547510020,10:11:01.547,22.4500,100
36661547510020,10:11:01.547,22.4500,100
36661547511567,10:11:01.547,22.4500,100
36661547511567,10:11:01.547,22.4500,100
36686478511110,10:11:26.478,22.4500,100
36686478511110,10:11:26.478,22.4500,183
36689453966352,10:11:29.453,22.4600,100
36689453966352,10:11:29.453,22.4600,100
36708663592343,10:11:48.663,22.4700,100
36708663592343,10:11:48.663,22.4700,100
36708663592343,10:11:48.663,22.4700,100
36715037297101,10:11:55.037,22.4700,100
36718049952284,10:11:58.049,22.4700,100
36718049952284,10:11:58.049,22.4700,100
36718052307426,10:11:58.052,22.4700,100
36718052307426,10:11:58.052,22.4700,100
36718059874104,10:11:58.059,22.4700,100
36718059874104,10:11:58.059,22.4700,100
36718269975974,10:11:58.269,22.4700,100
36719278623971,10:11:59.278,22.4700,100
36736496024735,10:12:16.496,22.4800,300
36736496024735,10:12:16.496,22.4800,100
36742854533009,10:12:22.854,22.4800,100
36742854533009,10:12:22.854,22.4800,60
36743317513595,10:12:23.317,22.4800,40
36743317513595,10:12:23.317,22.4800,200
36743317513595,10:12:23.317,22.4800,100
36743317513595,10:12:23.317,22.4800,100
36743317513595,10:12:23.317,22.4800,100
36743317804587,10:12:23.317,22.4800,100
36769961064017,10:12:49.961,22.4700,100
36769961192335,10:12:49.961,22.4700,100
36769961192335,10:12:49.961,22.4700,100
36769961192335,10:12:49.961,22.4700,100
36769961550342,10:12:49.961,22.4600,100
36769961550342,10:12:49.961,22.4600,100
36769961550342,10:12:49.961,22.4600,26
36769961555022,10:12:49.961,22.4600,74
36771001226136,10:12:51.001,22.4500,100
36779152224447,10:12:59.152,22.4200,100
36780806842792,10:13:00.806,22.4300,100
36793525136469,10:13:13.525,22.4500,100
36793525269034,10:13:13.525,22.4500,100
36793525509327,10:13:13.525,22.4500,100
36808467544633,10:13:28.467,22.4600,100
36808467544633,10:13:28.467,22.4600,200
36808467544633,10:13:28.467,22.4600,171
36809978839300,10:13:29.978,22.4600,100
36809978839300,10:13:29.978,22.4600,100
36809979633391,10:13:29.979,22.4600,100
36827585360683,10:13:47.585,22.4700,200
36827585542104,10:13:47.585,22.4700,100
36827585542104,10:13:47.585,22.4700,100
36827585542104,10:13:47.585,22.4700,100
36845768400584,10:14:05.768,22.4600,100
36845768400584,10:14:05.768,22.4600,100
36859429315617,10:14:19.429,22.4500,100
36859429315617,10:14:19.429,22.4500,94
36859429318389,10:14:19.429,22.4500,6
36859429318389,10:14:19.429,22.4500,94
36859429320197,10:14:19.429,22.4500,6
36859429320197,10:14:19.429,22.4500,100
36872597234591,10:14:32.597,22.4500,100
36880071770245,10:14:40.071,22.4500,100
36903137620561,10:15:03.137,22.4300,100
36911707314587,10:15:11.707,22.4300,100
36928222325684,10:15:28.222,22.4300,200
36928222325684,10:15:28.222,22.4300,100
36928222325684,10:15:28.222,22.4300,200
36928222325684,10:15:28.222,22.4300,100
36929325585351,10:15:29.325,22.4300,100
36934859026455,10:15:34.859,22.4400,100
36935675238757,10:15:35.675,22.4400,15
36935675238757,10:15:35.675,22.4400,100
36935675238757,10:15:35.675,22.4400,85
36935675267438,10:15:35.675,22.4400,115
36935675267438,10:15:35.675,22.4400,100
36935675267438,10:15:35.675,22.4400,300
36935675267438,10:15:35.675,22.4400,100
36935675267438,10:15:35.675,22.4400,179
36935675542217,10:15:35.675,22.4500,100
36935675542217,10:15:35.675,22.4500,94
36935675551245,10:15:35.675,22.4500,6
36935675551245,10:15:35.675,22.4500,4
36935675552991,10:15:35.675,22.4500,12
36935675565340,10:15:35.675,22.4500,12
36935675681095,10:15:35.675,22.4500,20
36935675692490,10:15:35.675,22.4500,52
36935675692490,10:15:35.675,22.4600,100
36935675692490,10:15:35.675,22.4600,28
36935675699043,10:15:35.675,22.4600,72
36935678601619,10:15:35.678,22.4650,1900
36936877094704,10:15:36.877,22.4600,100
36940264521470,10:15:40.264,22.4600,32
36940264521470,10:15:40.264,22.4600,100
36940264521470,10:15:40.264,22.4600,100
36941109476937,10:15:41.109,22.4700,100
36941109476937,10:15:41.109,22.4700,100
36942645173546,10:15:42.645,22.4800,100
36942645173546,10:15:42.645,22.4800,100
36942645173546,10:15:42.645,22.4800,100
36944372208144,10:15:44.372,22.4800,100
36944372208144,10:15:44.372,22.4800,100
36944372208144,10:15:44.372,22.4800,100
36944509085881,10:15:44.509,22.4750,100
36948178809884,10:15:48.178,22.4700,100
36948491909879,10:15:48.491,22.4600,100
36948782409299,10:15:48.782,22.4400,100
36948782409299,10:15:48.782,22.4400,100
36950614818430,10:15:50.614,22.4350,97
36958361184255,10:15:58.361,22.4000,160
36958362312795,10:15:58.362,22.4100,100
36958676893407,10:15:58.676,22.4150,30
36973487607347,10:16:13.487,22.4300,100
36977082983908,10:16:17.082,22.4500,30
36977082983908,10:16:17.082,22.4500,100
36977394719814,10:16:17.394,22.4400,25
37089160559199,10:18:09.160,22.4650,1000
37089160607446,10:18:09.160,22.4600,100
37089160607446,10:18:09.160,22.4600,20
37089160617667,10:18:09.160,22.4650,1000
37089160619574,10:18:09.160,22.4650,1000
37089160622224,10:18:09.160,22.4600,38
37089160632614,10:18:09.160,22.4600,42
37089160632614,10:18:09.160,22.4600,100
37089160632614,10:18:09.160,22.4600,100
37089160632614,10:18:09.160,22.4600,100
37089160632614,10:18:09.160,22.4600,4
37089160646718,10:18:09.160,22.4600,96
37089160646718,10:18:09.160,22.4600,4
37089160665947,10:18:09.160,22.4650,1000
37089160678687,10:18:09.160,22.4600,96
37089160678687,10:18:09.160,22.4600,4
37089160712470,10:18:09.160,22.4600,96
37089160712470,10:18:09.160,22.4600,100
37089160712470,10:18:09.160,22.4600,100
37089213457532,10:18:09.213,22.4500,100
37089213644650,10:18:09.213,22.4500,100
37089213644650,10:18:09.213,22.4500,100
37089213851664,10:18:09.213,22.4500,32
37089213851664,10:18:09.213,22.4500,100
37089213851664,10:18:09.213,22.4500,100
37089219357685,10:18:09.219,22.4500,200
37089219357685,10:18:09.219,22.4500,100
37105690952408,10:18:25.690,22.4500,100
37105690952408,10:18:25.690,22.4500,100
37105690972707,10:18:25.690,22.4500,200
37105690988112,10:18:25.690,22.4500,200
37105691002120,10:18:25.691,22.4500,100
37105691002624,10:18:25.691,22.4500,200
37105691017653,10:18:25.691,22.4500,100
37105691045593,10:18:25.691,22.4500,100
37105691048081,10:18:25.691,22.4500,100
37105697813026,10:18:25.697,22.4500,30
37105697813026,10:18:25.697,22.4500,51
37105697853951,10:18:25.697,22.4500,49
37105697853951,10:18:25.697,22.4500,100
37105697853951,10:18:25.697,22.4500,167
37105697853951,10:18:25.697,22.4500,200
37105697853951,10:18:25.697,22.4500,100
37105817369585,10:18:25.817,22.4500,100
37105817394062,10:18:25.817,22.4500,33
37107784070198,10:18:27.784,22.4450,100
37109050082245,10:18:29.050,22.4450,100
37109177921062,10:18:29.177,22.4450,100
37111770621030,10:18:31.770,22.4450,100
37111855924324,10:18:31.855,22.4450,100
37113341181923,10:18:33.341,22.4450,100
37124869867737,10:18:44.869,22.4500,167
37124869867737,10:18:44.869,22.4500,100
37124869867737,10:18:44.869,22.4500,100
37124869867737,10:18:44.869,22.4500,100
37124869877541,10:18:44.869,22.4500,300
37125224023986,10:18:45.224,22.4500,100
37129999183620,10:18:49.999,22.4450,200
37129999266420,10:18:49.999,22.4450,200
37130062038743,10:18:50.062,22.4500,100
37130062038743,10:18:50.062,22.4500,100
37130062038743,10:18:50.062,22.4500,100
37130062038743,10:18:50.062,22.4500,100
37130062038743,10:18:50.062,22.4500,100
37131078285873,10:18:51.078,22.4500,100
37143461065157,10:19:03.461,22.4500,100
37149559611205,10:19:09.559,22.4500,100
37149559611205,10:19:09.559,22.4500,100
37149559745615,10:19:09.559,22.4500,100
37149559745615,10:19:09.559,22.4500,100
37149560045270,10:19:09.560,22.4500,100
37150975589047,10:19:10.975,22.4500,100
37153342549773,10:19:13.342,22.4600,100
37153342549773,10:19:13.342,22.4600,100
37153342549773,10:19:13.342,22.4600,35
37153350145831,10:19:13.350,22.4700,100
37153350145831,10:19:13.350,22.4700,100
37155548147461,10:19:15.548,22.4800,100
37155548147461,10:19:15.548,22.4800,100
37155548147461,10:19:15.548,22.4800,100
37155548147461,10:19:15.548,22.4800,100
37155548147461,10:19:15.548,22.4800,100
37165741274017,10:19:25.741,22.4900,100
37165741274017,10:19:25.741,22.4900,100
37165741274017,10:19:25.741,22.4900,100
37165741274017,10:19:25.741,22.4900,100
37165741276273,10:19:25.741,22.4900,100
37165742158718,10:19:25.742,22.5000,100
37165742162855,10:19:25.742,22.5000,100
37165742178929,10:19:25.742,22.5000,100
37166889839511,10:19:26.889,22.5000,100
37166889839511,10:19:26.889,22.5000,100
37166889839511,10:19:26.889,22.5000,100
37166889839511,10:19:26.889,22.5000,200
37170167240722,10:19:30.167,22.5000,34
37170167240722,10:19:30.167,22.5000,100
37170167240722,10:19:30.167,22.5000,100
37170180156910,10:19:30.180,22.5100,100
37170180156910,10:19:30.180,22.5100,100
37172465080789,10:19:32.465,22.5100,100
37172465085604,10:19:32.465,22.5100,100
37172465090561,10:19:32.465,22.5100,100
37172465140827,10:19:32.465,22.5100,100
37172465506227,10:19:32.465,22.5100,100
37177687359572,10:19:37.687,22.5100,100
37177687359572,10:19:37.687,22.5100,100
37177687359572,10:19:37.687,22.5100,167
37179521733273,10:19:39.521,22.5200,200
37179521733273,10:19:39.521,22.5200,100
37179521733273,10:19:39.521,22.5200,100
37179521733273,10:19:39.521,22.5200,21
37179521778591,10:19:39.521,22.5200,35
37179541228130,10:19:39.541,22.5200,100
37179541228130,10:19:39.541,22.5200,100
37181490022541,10:19:41.490,22.5100,200
37194381421447,10:19:54.381,22.5100,100
37196021952008,10:19:56.021,22.5200,100
37196021952008,10:19:56.021,22.5200,100
37197679123581,10:19:57.679,22.5300,100
37197679123581,10:19:57.679,22.5300,100
37197679123581,10:19:57.679,22.5300,100
37197773567878,10:19:57.773,22.5400,100
37200044923044,10:20:00.044,22.5300,100
37200345680760,10:20:00.345,22.5300,100
37200345680760,10:20:00.345,22.5300,100
37201461902088,10:20:01.461,22.5300,100
37204343503877,10:20:04.343,22.5300,100
37205345754545,10:20:05.345,22.5300,100
37212343853861,10:20:12.343,22.5300,100
37212343853861,10:20:12.343,22.5300,100
37212343853861,10:20:12.343,22.5300,200
37212345193259,10:20:12.345,22.5400,100
37212346414409,10:20:12.346,22.5500,100
37212448399557,10:20:12.448,22.5400,100
37212448399557,10:20:12.448,22.5400,200
37212448399557,10:20:12.448,22.5400,100
37212448399557,10:20:12.448,22.5400,100
37212448399557,10:20:12.448,22.5400,100
37212448399557,10:20:12.448,22.5400,100
37212448399557,10:20:12.448,22.5400,33
37212449788433,10:20:12.449,22.5400,67
37212449788433,10:20:12.449,22.5400,14
37212449797438,10:20:12.449,22.5400,86
37216617156745,10:20:16.617,22.5300,100
37216617156745,10:20:16.617,22.5300,35
37217694167306,10:20:17.694,22.5300,65
37217694167306,10:20:17.694,22.5300,100
37217694167306,10:20:17.694,22.5300,35
37217694665881,10:20:17.694,22.5300,65
37217694665881,10:20:17.694,22.5300,35
37220031812694,10:20:20.031,22.5200,100
37220031812694,10:20:20.031,22.5200,100
37220031812694,10:20:20.031,22.5200,100
37238577745130,10:20:38.577,22.5200,200
37238577746545,10:20:38.577,22.5200,200
37238577746545,10:20:38.577,22.5200,100
37238577746545,10:20:38.577,22.5200,200
37238577749329,10:20:38.577,22.5200,500
37238779580025,10:20:38.779,22.5200,34
37238779580025,10:20:38.779,22.5200,100
37238779580025,10:20:38.779,22.5200,66
37267272860123,10:21:07.272,22.5300,100
37269541467989,10:21:09.541,22.5400,100
37269541467989,10:21:09.541,22.5400,100
37269541467989,10:21:09.541,22.5400,100
37269541467989,10:21:09.541,22.5400,20
37269541467989,10:21:09.541,22.5400,200
37269541467989,10:21:09.541,22.5400,100
37269541467989,10:21:09.541,22.5400,100
37269541467989,10:21:09.541,22.5400,100
37269541988074,10:21:09.541,22.5400,100
37269541988074,10:21:09.541,22.5400,100
37269541988074,10:21:09.541,22.5400,100
37269541988074,10:21:09.541,22.5400,100
37269541988074,10:21:09.541,22.5400,100
37269544424398,10:21:09.544,22.5400,32
37269544424398,10:21:09.544,22.5400,100
37270343577504,10:21:10.343,22.5500,100
37270343577504,10:21:10.343,22.5500,100
37271469898053,10:21:11.469,22.5500,100
37271469898053,10:21:11.469,22.5500,100
37271469898053,10:21:11.469,22.5500,35
37271469929744,10:21:11.469,22.5500,65
37274674833504,10:21:14.674,22.5500,100
37274674833504,10:21:14.674,22.5500,100
37297864037619,10:21:37.864,22.5600,100
37299366586837,10:21:39.366,22.5700,100
37299366586837,10:21:39.366,22.5700,100
37299521364050,10:21:39.521,22.5700,100
37299521364050,10:21:39.521,22.5700,36
37299521364050,10:21:39.521,22.5700,200
37299521364050,10:21:39.521,22.5700,28
37299521412513,10:21:39.521,22.5700,72
37300343642478,10:21:40.343,22.5700,100
37300343642478,10:21:40.343,22.5700,100
37304425992620,10:21:44.425,22.5750,400
37356363512137,10:22:36.363,22.5800,100
37356363512137,10:22:36.363,22.5800,100
37356363512137,10:22:36.363,22.5800,100
37356363512137,10:22:36.363,22.5800,100
37356584102171,10:22:36.584,22.5900,100
37356584102171,10:22:36.584,22.5900,100
37356929713351,10:22:36.929,22.5900,100
37356929713351,10:22:36.929,22.5900,100
37356929713351,10:22:36.929,22.5900,200
37357491633564,10:22:37.491,22.5950,100
37357491633564,10:22:37.491,22.6000,100
37357491633564,10:22:37.491,22.6000,100
37357491633564,10:22:37.491,22.6000,100
37367760349538,10:22:47.760,22.5900,100
37367760349538,10:22:47.760,22.5900,200
37367760653827,10:22:47.760,22.5800,33
37367760653827,10:22:47.760,22.5800,100
37367760653827,10:22:47.760,22.5800,100
37367760653827,10:22:47.760,22.5800,55
37367760657942,10:22:47.760,22.5800,45
37367760657942,10:22:47.760,22.5800,100
37367760657942,10:22:47.760,22.5800,100
37367760935544,10:22:47.760,22.5800,100
37367760941773,10:22:47.760,22.5800,100
37367763057343,10:22:47.763,22.5800,33
37367763057343,10:22:47.763,22.5800,34
37368132332645,10:22:48.132,22.5800,100
37369973120647,10:22:49.973,22.5700,100
37369973120647,10:22:49.973,22.5700,100
37369973120647,10:22:49.973,22.5700,100
37369973120647,10:22:49.973,22.5700,100
37381255919857,10:23:01.255,22.5600,100
37381255919857,10:23:01.255,22.5600,100
37381256890764,10:23:01.256,22.5500,100
37385075198144,10:23:05.075,22.5500,100
37385075226817,10:23:05.075,22.5500,17
37386939616951,10:23:06.939,22.5600,100
37387138832718,10:23:07.138,22.5600,100
37387138832718,10:23:07.138,22.5600,35
37387138832718,10:23:07.138,22.5600,65
37390581075331,10:23:10.581,22.5700,100
37390581075331,10:23:10.581,22.5700,200
37390581075331,10:23:10.581,22.5700,100
37394531278564,10:23:14.531,22.5800,200
37394531278564,10:23:14.531,22.5800,100
37394531387586,10:23:14.531,22.5800,200
37394531555885,10:23:14.531,22.5800,200
37395140366597,10:23:15.140,22.5900,100
37395140366597,10:23:15.140,22.5900,100
37395140366597,10:23:15.140,22.5900,100
37395140366597,10:23:15.140,22.5900,165
37400254046203,10:23:20.254,22.5900,100
37400254046203,10:23:20.254,22.5900,100
37400254046203,10:23:20.254,22.5900,100
37400254046203,10:23:20.254,22.5900,300
37406005002455,10:23:26.005,22.5900,100
37408116946990,10:23:28.116,22.6000,100
37408116946990,10:23:28.116,22.6000,100
37409691884653,10:23:29.691,22.6100,300
37409691884653,10:23:29.691,22.6100,100
37409691884653,10:23:29.691,22.6100,100
37409691884653,10:23:29.691,22.6100,100
37409708636764,10:23:29.708,22.6200,300
37410018027581,10:23:30.018,22.6200,100
37410140641443,10:23:30.140,22.6200,33
37410140641443,10:23:30.140,22.6200,100
37410140641443,10:23:30.140,22.6200,100
37410140641443,10:23:30.140,22.6200,100
37410141167306,10:23:30.141,22.6200,100
37410141167306,10:23:30.141,22.6200,100
37410141167306,10:23:30.141,22.6200,33
37410141167306,10:23:30.141,22.6200,100
37411021681303,10:23:31.021,22.6100,100
37411126850948,10:23:31.126,22.6000,100
37411140742319,10:23:31.140,22.6000,33
37411140742319,10:23:31.140,22.6000,100
37411140742319,10:23:31.140,22.6000,168
37411140742319,10:23:31.140,22.6000,100
37411140742319,10:23:31.140,22.6000,200
37412139280194,10:23:32.139,22.6050,100
37412139280194,10:23:32.139,22.6100,100
37412139280194,10:23:32.139,22.6100,100
37412139280194,10:23:32.139,22.6100,100
37412141408353,10:23:32.141,22.6100,100
37412141408353,10:23:32.141,22.6100,14
37412141435550,10:23:32.141,22.6100,22
37412141435550,10:23:32.141,22.6100,100
37412141435550,10:23:32.141,22.6100,196
37412141452070,10:23:32.141,22.6100,4
37412759020571,10:23:32.759,22.6000,100
37412759020571,10:23:32.759,22.6000,100
37412759020571,10:23:32.759,22.6000,100
37413140447663,10:23:33.140,22.6000,34
37413140447663,10:23:33.140,22.6000,100
37413140447663,10:23:33.140,22.6000,100
37413140814732,10:23:33.140,22.6000,100
37413140814732,10:23:33.140,22.6000,100
37413143089108,10:23:33.143,22.6000,100
37413143089108,10:23:33.143,22.6000,100
37420185380259,10:23:40.185,22.5900,33
37420185380259,10:23:40.185,22.5900,200
37420185380259,10:23:40.185,22.5900,67
37430255722508,10:23:50.255,22.5800,100
37430255722508,10:23:50.255,22.5800,100
37445131490284,10:24:05.131,22.5800,200
37472787072400,10:24:32.787,22.5700,100
37472787100600,10:24:32.787,22.5700,100
37472787100600,10:24:32.787,22.5700,100
37472787100600,10:24:32.787,22.5700,100
37472787100600,10:24:32.787,22.5700,100
37472787100600,10:24:32.787,22.5700,2
37472787100600,10:24:32.787,22.5700,100
37472787685554,10:24:32.787,22.5600,100
37475279650538,10:24:35.279,22.5500,100
37479693973724,10:24:39.693,22.5500,100
37489912241539,10:24:49.912,22.5500,100
37493133457953,10:24:53.133,22.5400,100
37493133457953,10:24:53.133,22.5400,100
37493367942919,10:24:53.367,22.5450,100
37493367942919,10:24:53.367,22.5400,100
37493367942919,10:24:53.367,22.5400,100
37493367942919,10:24:53.367,22.5400,100
37493367942919,10:24:53.367,22.5400,100
37493368027048,10:24:53.368,22.5400,100
37493702108939,10:24:53.702,22.5350,100
37494721219512,10:24:54.721,22.5500,100
37496559826691,10:24:56.559,22.5450,100
37500015823867,10:25:00.015,22.5500,100
37500144552967,10:25:00.144,22.5500,35
37500144552967,10:25:00.144,22.5500,100
37500144552967,10:25:00.144,22.5500,165
37500144644351,10:25:00.144,22.5500,35
37511977570015,10:25:11.977,22.5600,100
37511977570015,10:25:11.977,22.5600,100
37511977570015,10:25:11.977,22.5600,300
37511977715144,10:25:11.977,22.5600,100
37511977715144,10:25:11.977,22.5600,100
37511977832454,10:25:11.977,22.5600,100
37511977852876,10:25:11.977,22.5600,100
37516409100155,10:25:16.409,22.5700,100
37516409352977,10:25:16.409,22.5800,137
37516409369123,10:25:16.409,22.5800,6
37516409369123,10:25:16.409,22.5800,100
37516409761261,10:25:16.409,22.5900,80
37516409764021,10:25:16.409,22.5900,20
37516409764021,10:25:16.409,22.5900,100
37516410266387,10:25:16.410,22.5900,100
37530050578476,10:25:30.050,22.5950,100
37530517687379,10:25:30.517,22.6000,100
37531379608106,10:25:31.379,22.6000,100
37531379608106,10:25:31.379,22.6000,100
37531379608106,10:25:31.379,22.6000,200
37531379608106,10:25:31.379,22.6000,100
37531379785652,10:25:31.379,22.6000,19
37531379813433,10:25:31.379,22.6000,81
37531379813433,10:25:31.379,22.6000,100
37531381076234,10:25:31.381,22.6000,100
37532629916161,10:25:32.629,22.6000,100
37532630165864,10:25:32.630,22.6000,100
37550225198210,10:25:50.225,22.6000,222
37552072372292,10:25:52.072,22.6200,34
37553372983773,10:25:53.372,22.6200,100
37553373297070,10:25:53.373,22.6200,100
37553373299774,10:25:53.373,22.6200,17
37553373302303,10:25:53.373,22.6200,100
37553373357254,10:25:53.373,22.6200,100
37553373465133,10:25:53.373,22.6200,100
37553373465133,10:25:53.373,22.6200,33
37553373465133,10:25:53.373,22.6200,84
37553373542099,10:25:53.373,22.6200,16
37553373818204,10:25:53.373,22.6200,100
37553374580402,10:25:53.374,22.6200,34
37558404739188,10:25:58.404,22.6200,100
37558404739188,10:25:58.404,22.6200,100
37558404739188,10:25:58.404,22.6200,100
37558404739188,10:25:58.404,22.6200,34
37558405466936,10:25:58.405,22.6200,100
37558408064973,10:25:58.408,22.6200,100
37558408064973,10:25:58.408,22.6200,33
37558615342421,10:25:58.615,22.6200,33
37558615342421,10:25:58.615,22.6200,100
37565227708638,10:26:05.227,22.6200,100
37565228035559,10:26:05.228,22.6200,33
37565228035559,10:26:05.228,22.6200,100
37567251398969,10:26:07.251,22.6200,100
37568752871980,10:26:08.752,22.6300,148
37568752871980,10:26:08.752,22.6300,200
37568752871980,10:26:08.752,22.6300,100
37568753244825,10:26:08.753,22.6300,100
37568753244825,10:26:08.753,22.6300,100
37569793636727,10:26:09.793,22.6400,33
37569793636727,10:26:09.793,22.6400,100
37569800060192,10:26:09.800,22.6500,100
37569800060192,10:26:09.800,22.6500,34
37569800977071,10:26:09.800,22.6500,100
37572548460268,10:26:12.548,22.6400,100
37572548460268,10:26:12.548,22.6400,100
37572548460268,10:26:12.548,22.6400,100
37573637529586,10:26:13.637,22.6400,100
37574386217524,10:26:14.386,22.6500,33
37574386217524,10:26:14.386,22.6500,34
37574767344507,10:26:14.767,22.6500,66
37574767355400,10:26:14.767,22.6500,33
37579179195866,10:26:19.179,22.6500,100
37579179195866,10:26:19.179,22.6500,100
37579255593413,10:26:19.255,22.6400,100
37584032313958,10:26:24.032,22.6250,100
37584045342436,10:26:24.045,22.6200,100
37584045342436,10:26:24.045,22.6200,36
37585718950964,10:26:25.718,22.6100,100
37585718950964,10:26:25.718,22.6100,100
37586259412834,10:26:26.259,22.6000,100
37586259570113,10:26:26.259,22.6000,100
37586361975851,10:26:26.361,22.6100,100
37587370601457,10:26:27.370,22.6200,200
37587370601457,10:26:27.370,22.6200,100
37588529711695,10:26:28.529,22.6300,100
37588529711695,10:26:28.529,22.6300,100
37594756826179,10:26:34.756,22.6400,100
37594756826179,10:26:34.756,22.6400,100
37594756826179,10:26:34.756,22.6400,200
37597192763623,10:26:37.192,22.6500,100
37597192985186,10:26:37.192,22.6500,1512
37597730008328,10:26:37.730,22.6400,100
37597730008328,10:26:37.730,22.6400,74
37597730025523,10:26:37.730,22.6400,26
37597730911356,10:26:37.730,22.6400,100
37597732682406,10:26:37.732,22.6300,100
37597732682406,10:26:37.732,22.6300,100
37597734441868,10:26:37.734,22.6200,100
37597734441868,10:26:37.734,22.6200,100
37597751029902,10:26:37.751,22.6200,100
37597751029902,10:26:37.751,22.6200,100
37598873700503,10:26:38.873,22.6300,100
37598873700503,10:26:38.873,22.6300,100
37598939339877,10:26:38.939,22.6350,100
37599912118375,10:26:39.912,22.6400,100
37599912118375,10:26:39.912,22.6400,100
37599912118375,10:26:39.912,22.6400,100
37601188074683,10:26:41.188,22.6400,143
37601188074683,10:26:41.188,22.6400,200
37601188074683,10:26:41.188,22.6400,100
37601188074683,10:26:41.188,22.6400,157
37601188107532,10:26:41.188,22.6400,64
37601188107532,10:26:41.188,22.6400,199
37601190570533,10:26:41.190,22.6500,100
37601190570533,10:26:41.190,22.6500,100
37601193919140,10:26:41.193,22.6500,37
37601193919140,10:26:41.193,22.6500,100
37601193919140,10:26:41.193,22.6500,100
37601995405520,10:26:41.995,22.6500,78
37601995405520,10:26:41.995,22.6500,61
37601995762725,10:26:41.995,22.6500,39
37605087254675,10:26:45.087,22.6400,100
37605087254675,10:26:45.087,22.6400,100
37607130708127,10:26:47.130,22.6200,100
37608155372666,10:26:48.155,22.6100,100
37609169035278,10:26:49.169,22.6000,100
37617447895086,10:26:57.447,22.5900,100
37617448083914,10:26:57.448,22.5900,100
37617448216460,10:26:57.448,22.5900,100
37617449435377,10:26:57.449,22.5900,33
37621114637350,10:27:01.114,22.5800,100
37621114637350,10:27:01.114,22.5800,100
37627239583969,10:27:07.239,22.5800,100
37627239670403,10:27:07.239,22.5800,200
37627239818499,10:27:07.239,22.5800,200
37627239846898,10:27:07.239,22.5800,100
37635798197327,10:27:15.798,22.5800,100
37635798197327,10:27:15.798,22.5800,200
37663067682205,10:27:43.067,22.5800,100
37677547399529,10:27:57.547,22.5700,100
37677547399529,10:27:57.547,22.5700,9
37679679123368,10:27:59.679,22.5750,100
37686098374614,10:28:06.098,22.5900,100
37686098374614,10:28:06.098,22.5900,100
37686098376120,10:28:06.098,22.5900,6
37686098376120,10:28:06.098,22.5900,100
37686098522893,10:28:06.098,22.5900,100
37686098522893,10:28:06.098,22.6000,33
37686098522893,10:28:06.098,22.6000,33
37686098528440,10:28:06.098,22.6000,67
37686098541223,10:28:06.098,22.6000,51
37686098548562,10:28:06.098,22.6000,16
37686098906795,10:28:06.098,22.6000,33
37686099376756,10:28:06.099,22.6000,33
37686099376756,10:28:06.099,22.6000,100
37686099376756,10:28:06.099,22.6000,81
37686099376756,10:28:06.099,22.6000,100
37686299730669,10:28:06.299,22.5900,100
37710901717176,10:28:30.901,22.6100,200
37710901717176,10:28:30.901,22.6100,100
37710901717176,10:28:30.901,22.6100,100
37710902864411,10:28:30.902,22.6100,33
37710902864411,10:28:30.902,22.6100,100
37710902864411,10:28:30.902,22.6100,100
37710907271698,10:28:30.907,22.6100,35
37710907271698,10:28:30.907,22.6100,100
37712917113499,10:28:32.917,22.6100,100
37719792850095,10:28:39.792,22.6100,100
37719794278883,10:28:39.794,22.6100,100
37719794278883,10:28:39.794,22.6100,33
37719794278883,10:28:39.794,22.6100,100
37725892451544,10:28:45.892,22.6100,100
37729156527791,10:28:49.156,22.6000,100
37729158385678,10:28:49.158,22.6000,100
37729158385678,10:28:49.158,22.6000,100
37730889318969,10:28:50.889,22.6000,100
37730889318969,10:28:50.889,22.6000,200
37738854101580,10:28:58.854,22.6000,100
37738854101580,10:28:58.854,22.6000,200
37746380237809,10:29:06.380,22.6300,100
37746655544510,10:29:06.655,22.6300,33
37747107410077,10:29:07.107,22.6300,100
37747107410077,10:29:07.107,22.6300,100
37748200392534,10:29:08.200,22.6200,100
37748651132796,10:29:08.651,22.6200,100
37748651887619,10:29:08.651,22.6200,100
37748651887619,10:29:08.651,22.6200,100
37748651887619,10:29:08.651,22.6200,34
37748651887619,10:29:08.651,22.6200,100
37748651887619,10:29:08.651,22.6200,139
37748651887619,10:29:08.651,22.6200,100
37748651887619,10:29:08.651,22.6200,100
37748658657461,10:29:08.658,22.6200,32
37750024743231,10:29:10.024,22.6100,100
37750024743231,10:29:10.024,22.6100,100
37750024772182,10:29:10.024,22.6100,200
37750024801758,10:29:10.024,22.6100,100
37750024801758,10:29:10.024,22.6100,100
37750925001742,10:29:10.925,22.6200,100
37750925001742,10:29:10.925,22.6200,200
37751068944312,10:29:11.068,22.6200,100
37751068944312,10:29:11.068,22.6200,33
37751068944312,10:29:11.068,22.6200,100
37751068944312,10:29:11.068,22.6200,100
37751842425212,10:29:11.842,22.6200,100
37751843889205,10:29:11.843,22.6200,100
37751843918714,10:29:11.843,22.6200,32
37751843918714,10:29:11.843,22.6200,100
37751843918714,10:29:11.843,22.6200,100
37754140803140,10:29:14.140,22.6100,100
37754146633993,10:29:14.146,22.6100,100
37754146633993,10:29:14.146,22.6100,36
37754146633993,10:29:14.146,22.6150,100
37754272337412,10:29:14.272,22.6200,200
37754272337412,10:29:14.272,22.6200,100
37754272337412,10:29:14.272,22.6200,200
37754279641255,10:29:14.279,22.6200,100
37754279641255,10:29:14.279,22.6200,32
37754279641255,10:29:14.279,22.6200,100
37754279641255,10:29:14.279,22.6200,100
37754279641255,10:29:14.279,22.6200,100
37754416892609,10:29:14.416,22.6200,100
37755319100295,10:29:15.319,22.6200,100
37755319100295,10:29:15.319,22.6200,100
37755825970935,10:29:15.825,22.6200,32
37756581417116,10:29:16.581,22.6300,100
37756581417116,10:29:16.581,22.6300,237
37765595391388,10:29:25.595,22.5900,100
37767623139159,10:29:27.623,22.5700,100
37769598146945,10:29:29.598,22.5500,50
37772264579545,10:29:32.264,22.5300,1
37772490433000,10:29:32.490,22.5300,100
37772567140714,10:29:32.567,22.5200,100
37772567140714,10:29:32.567,22.5200,100
37772567140714,10:29:32.567,22.5200,100
37772567140714,10:29:32.567,22.5200,100
37772567140714,10:29:32.567,22.5200,100
37772567140714,10:29:32.567,22.5200,1
37772567140714,10:29:32.567,22.5200,200
37773357825463,10:29:33.357,22.5200,100
37773357825463,10:29:33.357,22.5200,100
37773357825463,10:29:33.357,22.5200,100
37773357825463,10:29:33.357,22.5200,100
37780127143933,10:29:40.127,22.5100,100
37780127143933,10:29:40.127,22.5100,100
37781042279483,10:29:41.042,22.5000,200
37781042307675,10:29:41.042,22.5000,65
37786120775286,10:29:46.120,22.4950,100
37786882271537,10:29:46.882,22.5000,100
37786882271537,10:29:46.882,22.5000,100
37787687222189,10:29:47.687,22.5000,100
37795823552635,10:29:55.823,22.5000,54
37805991970632,10:30:05.991,22.5000,400
37806809902629,10:30:06.809,22.5000,100
37811447162431,10:30:11.447,22.5000,100
37811447480828,10:30:11.447,22.5000,100
37811447480828,10:30:11.447,22.5000,100
37811448588704,10:30:11.448,22.5000,100
37811448588704,10:30:11.448,22.5000,100
37811448658936,10:30:11.448,22.5000,100
37811573428947,10:30:11.573,22.5000,200
37812288140203,10:30:12.288,22.5000,100
37818394022987,10:30:18.394,22.5000,100
37818394022987,10:30:18.394,22.5000,100
37818396395743,10:30:18.396,22.5000,400
37818539514185,10:30:18.539,22.5000,100
37818539514185,10:30:18.539,22.5000,32
37818539514185,10:30:18.539,22.5000,100
37823030437984,10:30:23.030,22.4950,100
37823037711759,10:30:23.037,22.4950,300
37823043499724,10:30:23.043,22.4950,100
37829110652682,10:30:29.110,22.5000,100
37829110652682,10:30:29.110,22.5000,100
37829140869475,10:30:29.140,22.5100,100
37829141170958,10:30:29.141,22.5100,100
37829141170958,10:30:29.141,22.5100,100
37829141173260,10:30:29.141,22.5100,200
37832213943908,10:30:32.213,22.5100,100
37832213943908,10:30:32.213,22.5100,100
37849600986902,10:30:49.600,22.5100,800
37849600986902,10:30:49.600,22.5100,100
37853280619614,10:30:53.280,22.5000,100
37853280792851,10:30:53.280,22.5000,100
37853280792851,10:30:53.280,22.5000,100
37853280864938,10:30:53.280,22.5000,100
37853280864938,10:30:53.280,22.5000,100
37853280864938,10:30:53.280,22.5000,100
37853512587039,10:30:53.512,22.5000,100
37853512756525,10:30:53.512,22.5000,100
37853512756525,10:30:53.512,22.5000,100
37861559750420,10:31:01.559,22.5000,100
37861559751800,10:31:01.559,22.5000,100
37861559758369,10:31:01.559,22.5000,100
37861559770180,10:31:01.559,22.5000,100
37861560048691,10:31:01.560,22.5000,100
37861560050175,10:31:01.560,22.5000,100
37861729541210,10:31:01.729,22.5000,100
37861729541210,10:31:01.729,22.5000,100
37862543554404,10:31:02.543,22.5000,100
37862543727064,10:31:02.543,22.5000,100
37862543727064,10:31:02.543,22.5000,100
37864734206034,10:31:04.734,22.4950,100
37899714327981,10:31:39.714,22.4700,100
37905401541356,10:31:45.401,22.4600,200
37905401541356,10:31:45.401,22.4600,100
37905401541356,10:31:45.401,22.4600,400
37909930683855,10:31:49.930,22.4600,100
37909930683855,10:31:49.930,22.4600,31
37933775273529,10:32:13.775,22.4500,100
37933775273529,10:32:13.775,22.4500,100
37936522779830,10:32:16.522,22.4700,100
37946449840046,10:32:26.449,22.4800,100
37946449840046,10:32:26.449,22.4800,300
37961020730313,10:32:41.020,22.4900,100
37961020730313,10:32:41.020,22.4900,200
37961467066611,10:32:41.467,22.5000,100
37961617502750,10:32:41.617,22.5100,71
37961617511016,10:32:41.617,22.5100,29
37961998286468,10:32:41.998,22.5100,100
37973411976327,10:32:53.411,22.5100,300
37989294994326,10:33:09.294,22.5200,300
38006139719621,10:33:26.139,22.5400,300
38012621678036,10:33:32.621,22.5500,100
38014237894805,10:33:34.237,22.5500,200
38014237894805,10:33:34.237,22.5500,100
38014750083320,10:33:34.750,22.5500,100
38014750083320,10:33:34.750,22.5500,100
38014750607218,10:33:34.750,22.5500,83
38014750648301,10:33:34.750,22.5500,17
38014750648301,10:33:34.750,22.5500,100
38015367092901,10:33:35.367,22.5400,6
38018403323888,10:33:38.403,22.5400,7
38032408349212,10:33:52.408,22.5300,100
38032408349212,10:33:52.408,22.5300,100
38032410463021,10:33:52.410,22.5200,100
38033242769673,10:33:53.242,22.5300,100
38039150872160,10:33:59.150,22.5300,100
38040983569338,10:34:00.983,22.5400,182
38043999537773,10:34:03.999,22.5600,100
38043999537773,10:34:03.999,22.5600,100
38049814919073,10:34:09.814,22.5600,100
38049815422905,10:34:09.815,22.5600,100
38049815422905,10:34:09.815,22.5600,100
38049815422905,10:34:09.815,22.5600,100
38049815426038,10:34:09.815,22.5600,52
38049815513184,10:34:09.815,22.5600,100
38049815513184,10:34:09.815,22.5600,48
38068402707119,10:34:28.402,22.5650,100
38077176304469,10:34:37.176,22.5600,100
38084954246711,10:34:44.954,22.5500,100
38084954246711,10:34:44.954,22.5500,100
38088257185257,10:34:48.257,22.5300,100
38089927476739,10:34:49.927,22.5200,100
38112520863202,10:35:12.520,22.5100,100
38112520863202,10:35:12.520,22.5100,100
38112520863202,10:35:12.520,22.5100,100
38113523686510,10:35:13.523,22.5100,100
38115521201068,10:35:15.521,22.5100,100
38131914457872,10:35:31.914,22.5100,400
38133460120683,10:35:33.460,22.5200,100
38133460120683,10:35:33.460,22.5200,200
38133460120683,10:35:33.460,22.5200,100
38147422039244,10:35:47.422,22.5250,100
38154282839684,10:35:54.282,22.5300,400
38171564043131,10:36:11.564,22.5300,100
38188628075765,10:36:28.628,22.5400,100
38188628075765,10:36:28.628,22.5400,1
38203050752926,10:36:43.050,22.5400,100
38205928710943,10:36:45.928,22.5500,100
38209259119390,10:36:49.259,22.5600,100
38209259119390,10:36:49.259,22.5600,100
38215501387013,10:36:55.501,22.5600,100
38215501387013,10:36:55.501,22.5600,100
38215501764815,10:36:55.501,22.5600,100
38215501764815,10:36:55.501,22.5600,100
38226532863960,10:37:06.532,22.5700,100
38226532863960,10:37:06.532,22.5700,100
38227917605044,10:37:07.917,22.5750,100
38228169663335,10:37:08.169,22.5800,100
38228169663335,10:37:08.169,22.5800,200
38228169663335,10:37:08.169,22.5800,100
38228169893021,10:37:08.169,22.5800,400
38232301036883,10:37:12.301,22.5800,100
38232301036883,10:37:12.301,22.5800,100
38232301036883,10:37:12.301,22.5800,100
38256333137317,10:37:36.333,22.5600,100
38256333137317,10:37:36.333,22.5600,100
38259203162628,10:37:39.203,22.5700,300
38260649403009,10:37:40.649,22.5800,100
38260649403009,10:37:40.649,22.5800,100
38260649403009,10:37:40.649,22.5800,100
38260649403009,10:37:40.649,22.5800,100
38260649403009,10:37:40.649,22.5800,200
38260650001631,10:37:40.650,22.5800,100
38260656402682,10:37:40.656,22.5800,100
38262555591644,10:37:42.555,22.5800,100
38271878244213,10:37:51.878,22.5700,100
38271878244213,10:37:51.878,22.5700,100
38271878244213,10:37:51.878,22.5700,100
38276130463567,10:37:56.130,22.5600,100
38281169193551,10:38:01.169,22.5600,300
38281169223450,10:38:01.169,22.5600,100
38282468885217,10:38:02.468,22.5600,100
38292425656356,10:38:12.425,22.5500,100
38292425656356,10:38:12.425,22.5500,100
38292617103815,10:38:12.617,22.5400,100
38300131554484,10:38:20.131,22.5300,100
38300131554484,10:38:20.131,22.5300,100
38300131554484,10:38:20.131,22.5300,200
38300145821221,10:38:20.145,22.5150,100
38300145821221,10:38:20.145,22.5100,100
38300145821221,10:38:20.145,22.5100,100
38300145821221,10:38:20.145,22.5100,100
38300145821221,10:38:20.145,22.5100,100
38300145821221,10:38:20.145,22.5100,200
38300145850308,10:38:20.145,22.5100,82
38300568425673,10:38:20.568,22.5100,100
38300568425673,10:38:20.568,22.5100,100
38300568425673,10:38:20.568,22.5100,100
38300568425673,10:38:20.568,22.5100,100
38300568425673,10:38:20.568,22.5100,200
38300568820799,10:38:20.568,22.5100,100
38300568820799,10:38:20.568,22.5100,100
38301029536324,10:38:21.029,22.5100,100
38301029536324,10:38:21.029,22.5100,100
38301030101602,10:38:21.030,22.5100,100
38305915123205,10:38:25.915,22.5250,100
38309585789086,10:38:29.585,22.5200,100
38309626222517,10:38:29.626,22.5150,100
38362526736972,10:39:22.526,22.4700,100
38379366675241,10:39:39.366,22.4400,100
38379366675241,10:39:39.366,22.4400,100
38413403414640,10:40:13.403,22.4400,100
38413403414640,10:40:13.403,22.4400,100
38413403414640,10:40:13.403,22.4400,100
38413403414640,10:40:13.403,22.4400,100
38413404161583,10:40:13.404,22.4500,19
38413404174686,10:40:13.404,22.4500,81
38413404174686,10:40:13.404,22.4500,100
38416214874754,10:40:16.214,22.4500,200
38423876548681,10:40:23.876,22.4400,100
38423876548681,10:40:23.876,22.4400,100
38423876548681,10:40:23.876,22.4400,100
38424385999222,10:40:24.385,22.4400,100
38437160208907,10:40:37.160,22.4500,100
38448418625011,10:40:48.418,22.4550,300
38448418681512,10:40:48.418,22.4550,300
38454747069394,10:40:54.747,22.4600,200
38454747069394,10:40:54.747,22.4600,100
38456823412074,10:40:56.823,22.4800,100
38456823412074,10:40:56.823,22.4800,100
38456823412074,10:40:56.823,22.4800,400
38464411819190,10:41:04.411,22.4900,100
38465907548004,10:41:05.907,22.5000,100
38465907548004,10:41:05.907,22.5000,100
38465907548004,10:41:05.907,22.5000,100
38465907548004,10:41:05.907,22.5000,100
38465907548004,10:41:05.907,22.5000,100
38465907667321,10:41:05.907,22.5000,100
38465908150656,10:41:05.908,22.5000,100
38465910074780,10:41:05.910,22.5000,100
38465910074780,10:41:05.910,22.5000,100
38465910074780,10:41:05.910,22.5000,100
38466303968219,10:41:06.303,22.5000,100
38466303968219,10:41:06.303,22.5000,300
38469414583654,10:41:09.414,22.5000,100
38469978616524,10:41:09.978,22.5000,100
38471341728740,10:41:11.341,22.5100,100
38471341728740,10:41:11.341,22.5100,100
38473460718357,10:41:13.460,22.5200,100
38473671260873,10:41:13.671,22.5200,100
38473908157356,10:41:13.908,22.5200,100
38476276899276,10:41:16.276,22.5200,100
38476708332320,10:41:16.708,22.5200,24
38476708625866,10:41:16.708,22.5200,76
38481566857711,10:41:21.566,22.5200,100
38481566857711,10:41:21.566,22.5200,100
38487436499432,10:41:27.436,22.5300,400
38491708454521,10:41:31.708,22.5400,36
38508411222356,10:41:48.411,22.5300,100
38508411222356,10:41:48.411,22.5300,100
38508411222356,10:41:48.411,22.5300,100
38508411456531,10:41:48.411,22.5300,100
38508411470753,10:41:48.411,22.5300,100
38508411516198,10:41:48.411,22.5300,100
38516220488894,10:41:56.220,22.5200,500
38520193407572,10:42:00.193,22.5050,100
38548242485171,10:42:28.242,22.5000,52
38550893066181,10:42:30.893,22.5050,100
38550893417296,10:42:30.893,22.5100,100
38550918489302,10:42:30.918,22.5100,100
38578535761400,10:42:58.535,22.5100,100
38623303875306,10:43:43.303,22.5000,48
38623303875306,10:43:43.303,22.5000,100
38623303875306,10:43:43.303,22.5000,100
38623303875306,10:43:43.303,22.5000,100
38623303875306,10:43:43.303,22.5000,100
38623303875306,10:43:43.303,22.5000,52
38623303879902,10:43:43.303,22.5000,48
38623303879902,10:43:43.303,22.5000,100
38623303879902,10:43:43.303,22.5000,100
38623303879902,10:43:43.303,22.5000,100
38623303879902,10:43:43.303,22.5000,500
38623303911697,10:43:43.303,22.5000,348
38623304331111,10:43:43.304,22.5000,100
38623304522153,10:43:43.304,22.5000,100
38623304522153,10:43:43.304,22.5000,36
38623304522153,10:43:43.304,22.5000,100
38623304522153,10:43:43.304,22.5000,100
38623304522153,10:43:43.304,22.5000,100
38623304522153,10:43:43.304,22.5000,100
38623304522153,10:43:43.304,22.5000,100
38623310763463,10:43:43.310,22.5000,36
38623310763463,10:43:43.310,22.5000,100
38623310847719,10:43:43.310,22.5000,100
38623311127373,10:43:43.311,22.5000,200
38623311127373,10:43:43.311,22.5000,100
38623311127373,10:43:43.311,22.5000,37
38623311127373,10:43:43.311,22.5000,100
38623311127373,10:43:43.311,22.5000,100
38623311127373,10:43:43.311,22.5000,100
38623313016562,10:43:43.313,22.5000,1100
38624756461433,10:43:44.756,22.5000,100
38624756461433,10:43:44.756,22.5000,278
38627011278689,10:43:47.011,22.4950,200
38628034544342,10:43:48.034,22.4950,200
38628034663041,10:43:48.034,22.4950,200
38629083952957,10:43:49.083,22.4950,200
38635107477313,10:43:55.107,22.4950,100
38641493451714,10:44:01.493,22.4950,100
38641493451714,10:44:01.493,22.5000,100
38641493451714,10:44:01.493,22.5000,400
38641493481222,10:44:01.493,22.5000,100
38642372426824,10:44:02.372,22.5100,400
38642372451301,10:44:02.372,22.5100,100
38706125809305,10:45:06.125,22.5300,400
38708870455027,10:45:08.870,22.5400,400
38713525288309,10:45:13.525,22.5500,400
38713525288309,10:45:13.525,22.5500,100
38715971525061,10:45:15.971,22.5600,100
38715971602538,10:45:15.971,22.5600,100
38715971748656,10:45:15.971,22.5600,100
38777017005261,10:46:17.017,22.5600,100
38798716503960,10:46:38.716,22.5600,100
38799746165928,10:46:39.746,22.5600,100
38799746165928,10:46:39.746,22.5600,100
38814835905173,10:46:54.835,22.5900,100
38818134588512,10:46:58.134,22.6000,200
38818134588512,10:46:58.134,22.6000,100
38818134591494,10:46:58.134,22.6000,100
38818134591494,10:46:58.134,22.6000,200
38818134591494,10:46:58.134,22.6000,100
38818134591494,10:46:58.134,22.6000,100
38819109314798,10:46:59.109,22.5900,100
38838662075350,10:47:18.662,22.5800,100
38885620960975,10:48:05.620,22.5800,133
38885620960975,10:48:05.620,22.5800,100
38899569638735,10:48:19.569,22.5900,100
38899582314552,10:48:19.582,22.6000,15
38908376745886,10:48:28.376,22.6000,100
38926024053913,10:48:46.024,22.5900,100
38929794575175,10:48:49.794,22.5800,100
38929794575175,10:48:49.794,22.5800,100
38931045492525,10:48:51.045,22.5750,100
38931045492525,10:48:51.045,22.5800,100
38931045492525,10:48:51.045,22.5800,700
38931045492525,10:48:51.045,22.5800,100
38931046026260,10:48:51.046,22.5800,100
38931046065604,10:48:51.046,22.5800,200
38940136519614,10:49:00.136,22.5800,100
38940136519614,10:49:00.136,22.5800,100
38940136519614,10:49:00.136,22.5800,100
38940169285007,10:49:00.169,22.5700,100
38940169285007,10:49:00.169,22.5700,100
39000858818024,10:50:00.858,22.5800,100
39000858818024,10:50:00.858,22.5800,200
39003697205319,10:50:03.697,22.5750,100
39003697205319,10:50:03.697,22.5750,80
39003697205319,10:50:03.697,22.5800,100
39003697205319,10:50:03.697,22.5800,20
39003697339271,10:50:03.697,22.5800,80
39007711116817,10:50:07.711,22.5800,100
39007711116817,10:50:07.711,22.5800,100
39010406132172,10:50:10.406,22.5700,100
39010406132172,10:50:10.406,22.5700,100
39010406132172,10:50:10.406,22.5700,133
39010408666464,10:50:10.408,22.5700,100
39010408666464,10:50:10.408,22.5700,100
39010408666464,10:50:10.408,22.5700,36
39010408666464,10:50:10.408,22.5700,100
39010408666464,10:50:10.408,22.5800,36
39010408666464,10:50:10.408,22.5800,100
39010408666464,10:50:10.408,22.5800,100
39010408666464,10:50:10.408,22.5800,100
39010408666464,10:50:10.408,22.5800,70
39010408666464,10:50:10.408,22.5800,10
39010408666464,10:50:10.408,22.5800,100
39010408666464,10:50:10.408,22.5800,148
39020196012995,10:50:20.196,22.5800,200
39025467511893,10:50:25.467,22.5800,36
39025467617342,10:50:25.467,22.5800,64
39047218871566,10:50:47.218,22.5800,236
39047218871566,10:50:47.218,22.5800,100
39047218871566,10:50:47.218,22.5800,300
39047218871566,10:50:47.218,22.5800,100
39047218871566,10:50:47.218,22.5800,64
39068557676362,10:51:08.557,22.5800,100
39071265053666,10:51:11.265,22.5800,100
39071265053666,10:51:11.265,22.5800,200
39096761048486,10:51:36.761,22.5900,100
39096761048486,10:51:36.761,22.5900,100
39096761048486,10:51:36.761,22.5900,100
39096761048486,10:51:36.761,22.5900,100
39097587865955,10:51:37.587,22.6000,100
39099201533320,10:51:39.201,22.6000,100
39100186734549,10:51:40.186,22.6100,100
39100186816957,10:51:40.186,22.6100,100
39100187210465,10:51:40.187,22.6100,100
39100187569207,10:51:40.187,22.6100,100
39100223426543,10:51:40.223,22.6100,41
39100223426543,10:51:40.223,22.6100,200
39100223426543,10:51:40.223,22.6100,200
39100273701663,10:51:40.273,22.6100,100
39102804061403,10:51:42.804,22.6200,100
39109376182545,10:51:49.376,22.6200,100
39116538812384,10:51:56.538,22.6400,100
39116538812384,10:51:56.538,22.6400,100
39116538812384,10:51:56.538,22.6400,200
39116538812384,10:51:56.538,22.6400,200
39116538812384,10:51:56.538,22.6400,100
39116539208593,10:51:56.539,22.6400,100
39119206188732,10:51:59.206,22.6400,100
39121332483524,10:52:01.332,22.6400,37
39121332483524,10:52:01.332,22.6400,100
39134162963484,10:52:14.162,22.6500,100
39134162963484,10:52:14.162,22.6500,200
39134163138552,10:52:14.163,22.6500,300
39134707821202,10:52:14.707,22.6450,300
39134711552530,10:52:14.711,22.6450,300
39138765550535,10:52:18.765,22.6400,100
39146811987123,10:52:26.811,22.6300,200
39146811987123,10:52:26.811,22.6300,200
39146812019489,10:52:26.812,22.6300,300
39146812661304,10:52:26.812,22.6300,100
39146812661304,10:52:26.812,22.6300,100
39146812661304,10:52:26.812,22.6300,100
39152051095996,10:52:32.051,22.6200,200
39152052034086,10:52:32.052,22.6100,300
39152052034086,10:52:32.052,22.6100,200
39155269866576,10:52:35.269,22.6000,100
39155269866576,10:52:35.269,22.6000,100
39156366777999,10:52:36.366,22.5900,100
39169760558459,10:52:49.760,22.5900,100
39169760558459,10:52:49.760,22.5900,36
39169760558459,10:52:49.760,22.5900,100
39169760558459,10:52:49.760,22.5900,100
39169760558459,10:52:49.760,22.5900,100
39169760558459,10:52:49.760,22.5900,100
39169760558459,10:52:49.760,22.5900,164
39169761454088,10:52:49.761,22.5900,36
39169761454088,10:52:49.761,22.5900,100
39169761454088,10:52:49.761,22.5900,200
39177895181665,10:52:57.895,22.5850,300
39177895181665,10:52:57.895,22.5800,100
39177896609230,10:52:57.896,22.5850,300
39181674744359,10:53:01.674,22.5900,100
39181674744359,10:53:01.674,22.5900,200
39181674945522,10:53:01.674,22.5900,100
39183288016845,10:53:03.288,22.6000,45
39183288016845,10:53:03.288,22.6000,55
39189448096039,10:53:09.448,22.6000,45
39197042059436,10:53:17.042,22.6100,200
39211910420837,10:53:31.910,22.6100,100
39215215795893,10:53:35.215,22.6100,100
39215215795893,10:53:35.215,22.6100,100
39215246395716,10:53:35.246,22.6100,400
39215248519177,10:53:35.248,22.6100,100
39218209214781,10:53:38.209,22.6100,100
39226053296598,10:53:46.053,22.6200,200
39226053296598,10:53:46.053,22.6200,100
39227994442361,10:53:47.994,22.6300,100
39232776782084,10:53:52.776,22.6300,100
39241615100258,10:54:01.615,22.6300,100
39245304989470,10:54:05.304,22.6250,100
39245841988018,10:54:05.841,22.6250,100
39246448993806,10:54:06.448,22.6250,100
39247054986081,10:54:07.054,22.6250,100
39248955986887,10:54:08.955,22.6250,100
39250078994233,10:54:10.078,22.6250,100
39250679004007,10:54:10.679,22.6250,100
39251299987488,10:54:11.299,22.6250,100
39254964677300,10:54:14.964,22.6100,37
39267785772904,10:54:27.785,22.6100,100
39276055299036,10:54:36.055,22.6100,100
39276055299036,10:54:36.055,22.6100,100
39277127974735,10:54:37.127,22.6000,100
39277128025447,10:54:37.128,22.5900,100
39277128039448,10:54:37.128,22.5900,85
39277841992073,10:54:37.841,22.5950,100
39279849788542,10:54:39.849,22.5900,100
39293329523080,10:54:53.329,22.6000,200
39298814658494,10:54:58.814,22.6000,100
39299197315144,10:54:59.197,22.6100,300
39299197316446,10:54:59.197,22.6100,550
39299197318553,10:54:59.197,22.6100,517
39299197321408,10:54:59.197,22.6100,500
39299197325047,10:54:59.197,22.6100,100
39299197332827,10:54:59.197,22.6100,233
39299197335837,10:54:59.197,22.6100,329
39299197346350,10:54:59.197,22.6100,171
39300246317669,10:55:00.246,22.6100,129
39300246317669,10:55:00.246,22.6100,100
39300246317669,10:55:00.246,22.6100,100
39300246317669,10:55:00.246,22.6100,71
39300490977546,10:55:00.490,22.6100,29
39300490977546,10:55:00.490,22.6100,100
39300493028241,10:55:00.493,22.6100,100
39300493028241,10:55:00.493,22.6100,34
39300493677895,10:55:00.493,22.6100,100
39300493677895,10:55:00.493,22.6100,100
39300493677895,10:55:00.493,22.6100,34
39300493677895,10:55:00.493,22.6100,100
39300493677895,10:55:00.493,22.6100,100
39300494713022,10:55:00.494,22.6100,100
39300496731330,10:55:00.496,22.6000,71
39303463811690,10:55:03.463,22.6100,200
39303479215121,10:55:03.479,22.6200,200
39303479215121,10:55:03.479,22.6200,100
39303487331620,10:55:03.487,22.6200,100
39311454850123,10:55:11.454,22.6300,100
39311454850123,10:55:11.454,22.6300,200
39320092571870,10:55:20.092,22.6200,100
39320092571870,10:55:20.092,22.6200,600
39320591600346,10:55:20.591,22.6100,100
39320613082133,10:55:20.613,22.6100,100
39320613082133,10:55:20.613,22.6100,100
39320613082133,10:55:20.613,22.6100,100
39323792117061,10:55:23.792,22.6000,100
39328132253024,10:55:28.132,22.5900,800
39341146077545,10:55:41.146,22.5900,200
39341146226812,10:55:41.146,22.5900,900
39341146226812,10:55:41.146,22.5900,100
39341146226812,10:55:41.146,22.5900,100
39345011972416,10:55:45.011,22.5900,100
39368506452314,10:56:08.506,22.5900,100
39375769304158,10:56:15.769,22.5800,100
39378216514821,10:56:18.216,22.5700,100
39382289879576,10:56:22.289,22.5700,600
39382289915323,10:56:22.289,22.5700,1800
39382290237305,10:56:22.290,22.5700,900
39382290237305,10:56:22.290,22.5700,100
39382290237305,10:56:22.290,22.5700,300
39388428416711,10:56:28.428,22.5600,200
39388428416711,10:56:28.428,22.5600,100
39396985207393,10:56:36.985,22.5500,100
39396985207393,10:56:36.985,22.5500,200
39396985460988,10:56:36.985,22.5500,935
39396985462666,10:56:36.985,22.5500,700
39396985466755,10:56:36.985,22.5500,165
39396985466755,10:56:36.985,22.5500,93
39396985472434,10:56:36.985,22.5500,7
39396985472434,10:56:36.985,22.5500,300
39397060804169,10:56:37.060,22.5500,36
39397060804169,10:56:37.060,22.5500,100
39397060804169,10:56:37.060,22.5500,100
39397060804169,10:56:37.060,22.5500,100
39397069589005,10:56:37.069,22.5600,100
39397069589005,10:56:37.069,22.5600,100
39397069589005,10:56:37.069,22.5600,100
39397069589005,10:56:37.069,22.5600,100
39397069589005,10:56:37.069,22.5600,100
39401951099159,10:56:41.951,22.5650,100
39402190788575,10:56:42.190,22.5700,100
39402190794479,10:56:42.190,22.5700,100
39402190794479,10:56:42.190,22.5700,200
39402190794479,10:56:42.190,22.5700,100
39402193932376,10:56:42.193,22.5700,100
39402193932376,10:56:42.193,22.5700,100
39406618701695,10:56:46.618,22.5800,200
39406618701695,10:56:46.618,22.5800,200
39406809504269,10:56:46.809,22.5800,100
39409228166268,10:56:49.228,22.5800,96
39409228166268,10:56:49.228,22.5800,4
39410374900448,10:56:50.374,22.5800,96
39410374900448,10:56:50.374,22.5800,4
39411560654303,10:56:51.560,22.5800,100
39412660773874,10:56:52.660,22.5800,100
39417846853456,10:56:57.846,22.5900,200
39417846853456,10:56:57.846,22.5900,200
39417846853456,10:56:57.846,22.5900,100
39417846853456,10:56:57.846,22.5900,200
39420478718762,10:57:00.478,22.5900,100
39423469732056,10:57:03.469,22.5900,100
39425791243705,10:57:05.791,22.6000,100
39425791243705,10:57:05.791,22.6000,200
39425791243705,10:57:05.791,22.6000,200
39425791243705,10:57:05.791,22.6000,100
39425791243705,10:57:05.791,22.6000,200
39425791243705,10:57:05.791,22.6000,100
39425791243705,10:57:05.791,22.6000,200
39425841749027,10:57:05.841,22.6100,100
39425841836789,10:57:05.841,22.6100,100
39425841836789,10:57:05.841,22.6100,100
39425841976144,10:57:05.841,22.6100,100
39425841976144,10:57:05.841,22.6100,100
39431865689598,10:57:11.865,22.6100,100
39432349341593,10:57:12.349,22.6200,200
39433582277577,10:57:13.582,22.6200,100
39439733963140,10:57:19.733,22.6300,200
39442141811805,10:57:22.141,22.6400,100
39442141811805,10:57:22.141,22.6400,17
39442141879657,10:57:22.141,22.6400,83
39442275212050,10:57:22.275,22.6400,36
39442275212050,10:57:22.275,22.6400,164
39443445635679,10:57:23.445,22.6400,100
39443445635679,10:57:23.445,22.6400,100
39443446524613,10:57:23.446,22.6400,100
39446782001039,10:57:26.782,22.6450,100
39449329557814,10:57:29.329,22.6400,100
39451133576523,10:57:31.133,22.6400,600
39451133576523,10:57:31.133,22.6400,133
39452805315338,10:57:32.805,22.6250,100
39452805315338,10:57:32.805,22.6300,100
39452805315338,10:57:32.805,22.6300,100
39452805315338,10:57:32.805,22.6300,100
39452805315338,10:57:32.805,22.6300,100
39454095408632,10:57:34.095,22.6200,100
39457478908137,10:57:37.478,22.6200,100
39457478908137,10:57:37.478,22.6200,100
39465308494914,10:57:45.308,22.6150,100
39468641728834,10:57:48.641,22.6100,100
39468641728834,10:57:48.641,22.6100,100
39478753873420,10:57:58.753,22.6000,100
39493951404374,10:58:13.951,22.5700,100
39493951404374,10:58:13.951,22.5700,100
39504710420711,10:58:24.710,22.5700,100
39510253649198,10:58:30.253,22.5500,100
39510253649198,10:58:30.253,22.5500,100
39510253649198,10:58:30.253,22.5500,200
39522963243097,10:58:42.963,22.5300,1034
39522963268235,10:58:42.963,22.5300,1097
39522963297456,10:58:42.963,22.5300,6869
39522963297456,10:58:42.963,22.5300,100
39522963297456,10:58:42.963,22.5300,100
39522963297456,10:58:42.963,22.5300,100
39523314357621,10:58:43.314,22.5400,100
39523314400881,10:58:43.314,22.5400,300
39523314400881,10:58:43.314,22.5400,100
39527150502334,10:58:47.150,22.5300,43
39527150567477,10:58:47.150,22.5300,57
39527150567477,10:58:47.150,22.5300,100
39537786882069,10:58:57.786,22.5200,81
39537787113962,10:58:57.787,22.5200,19
39537787113962,10:58:57.787,22.5200,100
39544483262072,10:59:04.483,22.5200,100
39548773402850,10:59:08.773,22.5200,100
39548773402850,10:59:08.773,22.5200,37
39548773402850,10:59:08.773,22.5200,63
39552178985652,10:59:12.178,22.5200,100
39552180401181,10:59:12.180,22.5100,100
39552180401181,10:59:12.180,22.5100,100
39553008961553,10:59:13.008,22.5100,100
39557150447199,10:59:17.150,22.5000,100
39557150447199,10:59:17.150,22.5000,100
39557150447199,10:59:17.150,22.5000,900
39557150475370,10:59:17.150,22.5000,10
39557155093476,10:59:17.155,22.5000,6940
39557155457442,10:59:17.155,22.5000,3150
39557155457442,10:59:17.155,22.5000,100
39557155457442,10:59:17.155,22.5000,100
39557155893961,10:59:17.155,22.5000,200
39557156135981,10:59:17.156,22.5000,100
39557156424683,10:59:17.156,22.5000,100
39557204581880,10:59:17.204,22.5100,100
39557204581880,10:59:17.204,22.5100,100
39561198961739,10:59:21.198,22.5100,100
39561199050385,10:59:21.199,22.5100,100
39561199050385,10:59:21.199,22.5100,100
39563247497666,10:59:23.247,22.5000,100
39563247497666,10:59:23.247,22.5000,200
39563247596372,10:59:23.247,22.5000,200
39563247827958,10:59:23.247,22.5000,100
39563247827958,10:59:23.247,22.5000,100
39563247827958,10:59:23.247,22.5000,100
39563248097466,10:59:23.248,22.5000,100
39563248327936,10:59:23.248,22.5000,73
39563248333193,10:59:23.248,22.5000,27
39563248333193,10:59:23.248,22.5000,73
39563249310056,10:59:23.249,22.5000,37
39563249310056,10:59:23.249,22.5000,100
39564250951827,10:59:24.250,22.5000,36
39564250951827,10:59:24.250,22.5000,100
39564250951827,10:59:24.250,22.5000,100
39564250951827,10:59:24.250,22.5000,64
39566284931179,10:59:26.284,22.5000,36
39566284931179,10:59:26.284,22.5000,64
39568494325703,10:59:28.494,22.5000,36
39568494325703,10:59:28.494,22.5000,64
39570361569727,10:59:30.361,22.5000,100
39570361569727,10:59:30.361,22.5000,100
39575853281303,10:59:35.853,22.5050,100
39575858672895,10:59:35.858,22.5100,100
39575858672895,10:59:35.858,22.5100,100
39575858672895,10:59:35.858,22.5100,100
39575858672895,10:59:35.858,22.5100,400
39575858971108,10:59:35.858,22.5100,100
39575858971108,10:59:35.858,22.5100,100
39575858974041,10:59:35.858,22.5100,100
39575868488201,10:59:35.868,22.5200,100
39575868488201,10:59:35.868,22.5200,100
39575868488201,10:59:35.868,22.5200,100
39575868488201,10:59:35.868,22.5200,100
39585159798520,10:59:45.159,22.5200,100
39585159798520,10:59:45.159,22.5200,100
39585159798520,10:59:45.159,22.5200,100
39585159798520,10:59:45.159,22.5200,100
39595598057298,10:59:55.598,22.5000,100
39595598227698,10:59:55.598,22.5000,100
39595722781706,10:59:55.722,22.5000,100
39596488956943,10:59:56.488,22.5000,100
39596489129973,10:59:56.489,22.5000,100
39596489201011,10:59:56.489,22.5000,100
39596489201011,10:59:56.489,22.5000,100
39597712718345,10:59:57.712,22.5000,40
39597712718345,10:59:57.712,22.5000,100
39597712718345,10:59:57.712,22.5000,60
39597712780594,10:59:57.712,22.5000,40
39613485822081,11:00:13.485,22.5000,100
39613485822081,11:00:13.485,22.5000,100
39613485822081,11:00:13.485,22.5000,200
39613485925074,11:00:13.485,22.5000,100
39613493776653,11:00:13.493,22.5000,100
39613493776653,11:00:13.493,22.5000,100
39613493776653,11:00:13.493,22.5000,26
39613493820738,11:00:13.493,22.5000,74
39613493820738,11:00:13.493,22.5000,100
39613493820738,11:00:13.493,22.5000,300
39613493820738,11:00:13.493,22.5000,100
39621154635017,11:00:21.154,22.5000,100
39662827057849,11:01:02.827,22.5000,35
39662827070271,11:01:02.827,22.5000,65
39662827070271,11:01:02.827,22.5000,35
39662827146940,11:01:02.827,22.5000,65
39663315654417,11:01:03.315,22.5100,500
39663315654417,11:01:03.315,22.5100,100
39663315654417,11:01:03.315,22.5100,200
39663315654417,11:01:03.315,22.5100,100
39663315654417,11:01:03.315,22.5100,100
39663315811498,11:01:03.315,22.5100,100
39663316073865,11:01:03.316,22.5100,100
39663464500281,11:01:03.464,22.5200,100
39667170019127,11:01:07.170,22.5400,100
39667170019127,11:01:07.170,22.5400,100
39667170019127,11:01:07.170,22.5400,100
39722192302354,11:02:02.192,22.5600,100
39722192302354,11:02:02.192,22.5600,100
39748093749059,11:02:28.093,22.5600,100
39748093749059,11:02:28.093,22.5600,47
39748093749059,11:02:28.093,22.5600,100
39748093749059,11:02:28.093,22.5600,100
39748093811881,11:02:28.093,22.5600,100
39748093986555,11:02:28.093,22.5600,100
39748093988417,11:02:28.093,22.5600,100
39748093988417,11:02:28.093,22.5600,100
39752859371780,11:02:32.859,22.5500,100
39752859371780,11:02:32.859,22.5500,100
39752859398839,11:02:32.859,22.5500,44
39762446327768,11:02:42.446,22.5500,100
39807131861561,11:03:27.131,22.5600,41
39807131861561,11:03:27.131,22.5600,59
39807131864686,11:03:27.131,22.5600,41
39830974266645,11:03:50.974,22.5600,100
39830974348776,11:03:50.974,22.5600,100
39830974348776,11:03:50.974,22.5600,38
39886337257517,11:04:46.337,22.5600,100
39886337257517,11:04:46.337,22.5600,100
39886337257517,11:04:46.337,22.5600,100
39888977913922,11:04:48.977,22.5700,100
39888977913922,11:04:48.977,22.5700,100
39888977913922,11:04:48.977,22.5700,35
39888978496469,11:04:48.978,22.5700,100
39987259799781,11:06:27.259,22.5600,100
40094447376388,11:08:14.447,22.5600,100
40094447376388,11:08:14.447,22.5600,100
40094447426093,11:08:14.447,22.5600,100
40094447426093,11:08:14.447,22.5600,33
40126529404909,11:08:46.529,22.5600,100
40126529404909,11:08:46.529,22.5600,200
40133824193168,11:08:53.824,22.5600,100
40142251236801,11:09:02.251,22.5500,31
40149833305778,11:09:09.833,22.5400,29
40178997810013,11:09:38.997,22.5300,27
40178997810013,11:09:38.997,22.5300,60
40178997810013,11:09:38.997,22.5300,100
40224474299768,11:10:24.474,22.5400,100
40224474299768,11:10:24.474,22.5400,100
40224474299768,11:10:24.474,22.5400,100
40224474299768,11:10:24.474,22.5400,100
40224749650850,11:10:24.749,22.5550,83
40247064628519,11:10:47.064,22.5500,100
40247064628519,11:10:47.064,22.5500,200
40247064628519,11:10:47.064,22.5500,100
40249767153355,11:10:49.767,22.5400,100
40249767153355,11:10:49.767,22.5400,100
40361089723586,11:12:41.089,22.5200,100
40361089723586,11:12:41.089,22.5200,25
40383274298365,11:13:03.274,22.5100,23
40385249568483,11:13:05.249,22.5000,100
40385249568483,11:13:05.249,22.5000,100
40399276892104,11:13:19.276,22.5000,100
40399276978207,11:13:19.276,22.5000,22
40431274702444,11:13:51.274,22.4950,56
40452331864893,11:14:12.331,22.4900,20
40452331864893,11:14:12.331,22.4900,80
40452331945807,11:14:12.331,22.4900,20
40452331945807,11:14:12.331,22.4900,100
40453335117613,11:14:13.335,22.4900,100
40453335117613,11:14:13.335,22.4900,100
40453335117613,11:14:13.335,22.4900,200
40453335117613,11:14:13.335,22.4900,100
40453335117613,11:14:13.335,22.4900,100
40453335117613,11:14:13.335,22.4900,100
40453335331082,11:14:13.335,22.4900,100
40453335331082,11:14:13.335,22.4900,100
40453335502913,11:14:13.335,22.4900,100
40453335590603,11:14:13.335,22.4900,100
40453335657424,11:14:13.335,22.4900,29
40453335691559,11:14:13.335,22.4900,71
40454997255044,11:14:14.997,22.4950,100
40456430121848,11:14:16.430,22.4900,19
40456430121848,11:14:16.430,22.4900,181
40457101005322,11:14:17.101,22.4900,100
40464787039064,11:14:24.787,22.4950,18
40464787052194,11:14:24.787,22.4950,18
40464891080168,11:14:24.891,22.4900,18
40506463368324,11:15:06.463,22.4800,17
40506463368324,11:15:06.463,22.4800,113
40506463368324,11:15:06.463,22.4800,100
40507055962392,11:15:07.055,22.4700,100
40507056002673,11:15:07.056,22.4700,100
40507056002673,11:15:07.056,22.4700,100
40507056002673,11:15:07.056,22.4700,15
40507352684530,11:15:07.352,22.4700,14
40507690060769,11:15:07.690,22.4700,86
40512636062764,11:15:12.636,22.4750,100
40529950343598,11:15:29.950,22.4800,100
40529950343598,11:15:29.950,22.4800,100
40529950343598,11:15:29.950,22.4800,45
40529950343598,11:15:29.950,22.4800,300
40529950343598,11:15:29.950,22.4800,100
40529950343598,11:15:29.950,22.4800,55
40529950533259,11:15:29.950,22.4800,45
40529950533259,11:15:29.950,22.4800,100
40529950533259,11:15:29.950,22.4800,100
40552772482449,11:15:52.772,22.4850,100
40552774633538,11:15:52.774,22.4850,100
40552775020702,11:15:52.775,22.4850,100
40590288223639,11:16:30.288,22.4900,100
40590288223639,11:16:30.288,22.4900,100
40590288223639,11:16:30.288,22.4900,300
40590288272575,11:16:30.288,22.4900,100
40590288272575,11:16:30.288,22.4900,500
40590288285644,11:16:30.288,22.4900,31
40590288294087,11:16:30.288,22.4900,169
40590836768414,11:16:30.836,22.5100,49
40590836768414,11:16:30.836,22.5100,51
40598334361442,11:16:38.334,22.5150,100
40613072815831,11:16:53.072,22.5100,100
40613072815831,11:16:53.072,22.5100,10
40613072815831,11:16:53.072,22.5100,100
40613072815831,11:16:53.072,22.5100,200
40613072815831,11:16:53.072,22.5100,100
40613072815831,11:16:53.072,22.5100,100
40623705132846,11:17:03.705,22.5100,100
40623705132846,11:17:03.705,22.5100,100
40625898670835,11:17:05.898,22.5100,100
40777608588727,11:19:37.608,22.5000,100
40777608588727,11:19:37.608,22.5000,96
40777608614342,11:19:37.608,22.5000,4
40777608614342,11:19:37.608,22.5000,14
40777608641504,11:19:37.608,22.5000,86
40777608641504,11:19:37.608,22.5000,100
40777608641504,11:19:37.608,22.5000,100
40777608641504,11:19:37.608,22.5000,100
40777608641504,11:19:37.608,22.5000,18
40777608824415,11:19:37.608,22.5000,100
40777608824415,11:19:37.608,22.5000,100
40777608824415,11:19:37.608,22.5000,67
40777608834417,11:19:37.608,22.5000,137
40777608837096,11:19:37.608,22.5000,78
40778145546258,11:19:38.145,22.4950,113
40778145617208,11:19:38.145,22.4950,100
40778145855683,11:19:38.145,22.4950,113
40778145992506,11:19:38.145,22.4950,113
40778145994427,11:19:38.145,22.4950,100
40778145994979,11:19:38.145,22.4950,13
40778145997663,11:19:38.145,22.4950,48
40778145997663,11:19:38.145,22.4900,65
40778146011002,11:19:38.146,22.4900,13
40778146037446,11:19:38.146,22.4900,22
40778146037446,11:19:38.146,22.4900,13
40784445806476,11:19:44.445,22.4850,87
40801276830575,11:20:01.276,22.4900,100
40801276877872,11:20:01.276,22.4900,100
40801276877872,11:20:01.276,22.4900,100
40802583248569,11:20:02.583,22.5000,100
40802583248569,11:20:02.583,22.5000,100
40802583248569,11:20:02.583,22.5000,100
40869417244762,11:21:09.417,22.5000,100
40869417244762,11:21:09.417,22.5000,100
40869417244762,11:21:09.417,22.5000,100
40869417244762,11:21:09.417,22.5000,100
40869417244762,11:21:09.417,22.5000,100
40869417301905,11:21:09.417,22.5000,175
40869417317362,11:21:09.417,22.5000,30
40869417326813,11:21:09.417,22.5000,70
40869417326813,11:21:09.417,22.5000,125
40869417480757,11:21:09.417,22.5000,100
40881640453583,11:21:21.640,22.4950,103
40915193092666,11:21:55.193,22.4950,213
40915193185331,11:21:55.193,22.4950,55
40915193244829,11:21:55.193,22.4950,100
40947533171025,11:22:27.533,22.4950,200
40947534464075,11:22:27.534,22.4900,100
40947534464075,11:22:27.534,22.4900,100
40947534464075,11:22:27.534,22.4900,100
40947534464075,11:22:27.534,22.4900,100
40947585256377,11:22:27.585,22.4800,100
40947585256377,11:22:27.585,22.4800,100
40949555137714,11:22:29.555,22.4750,100
40958767628566,11:22:38.767,22.4750,100
40958767628566,11:22:38.767,22.4700,13
40958767654976,11:22:38.767,22.4700,28
40958768104509,11:22:38.768,22.4700,59
40958768104509,11:22:38.768,22.4700,13
40959050871119,11:22:39.050,22.4600,100
40959050871119,11:22:39.050,22.4600,12
40959050871119,11:22:39.050,22.4600,100
40997962330697,11:23:17.962,22.4550,200
40997962775412,11:23:17.962,22.4550,200
40997962775412,11:23:17.962,22.4500,11
40997962775412,11:23:17.962,22.4500,100
40997963223882,11:23:17.963,22.4500,100
40997963248329,11:23:17.963,22.4500,51
40997963255593,11:23:17.963,22.4500,49
41007460036968,11:23:27.460,22.4450,500
41014629808562,11:23:34.629,22.4400,10
41014629808562,11:23:34.629,22.4400,100
41014629808562,11:23:34.629,22.4400,100
41024130719489,11:23:44.130,22.4350,10
41024131092208,11:23:44.131,22.4300,10
41024143281871,11:23:44.143,22.4300,100
41024143281871,11:23:44.143,22.4300,200
41026473711199,11:23:46.473,22.4350,300
41026473975288,11:23:46.473,22.4350,100
41026474430444,11:23:46.474,22.4350,100
41026474615715,11:23:46.474,22.4350,100
41026474685020,11:23:46.474,22.4350,100
41034948418848,11:23:54.948,22.4400,100
41034948418848,11:23:54.948,22.4400,600
41034948418848,11:23:54.948,22.4400,100
41034948588984,11:23:54.948,22.4400,100
41034977828203,11:23:54.977,22.4450,100
41034979802295,11:23:54.979,22.4450,100
41051168873438,11:24:11.168,22.4450,400
41057289994887,11:24:17.289,22.4450,800
41070441656353,11:24:30.441,22.4450,200
41070441656353,11:24:30.441,22.4400,10
41070441656353,11:24:30.441,22.4400,100
41070441656353,11:24:30.441,22.4400,100
41070441656353,11:24:30.441,22.4400,90
41070442085877,11:24:30.442,22.4400,10
41070442085877,11:24:30.442,22.4400,100
41070442085877,11:24:30.442,22.4400,100
41070787504291,11:24:30.787,22.4300,100
41070787504291,11:24:30.787,22.4300,10
41108010874421,11:25:08.010,22.4200,10
41108010874421,11:25:08.010,22.4200,100
41108010874421,11:25:08.010,22.4200,90
41108010922700,11:25:08.010,22.4200,10
41108010922700,11:25:08.010,22.4200,1
41133546405621,11:25:33.546,22.4100,9
41133546405621,11:25:33.546,22.4100,25
41154503144642,11:25:54.503,22.4100,75
41154503144642,11:25:54.503,22.4100,9
41154503144642,11:25:54.503,22.4100,100
41154503144642,11:25:54.503,22.4100,100
41154977602683,11:25:54.977,22.4050,100
41168721786704,11:26:08.721,22.4000,100
41168721882670,11:26:08.721,22.4000,100
41168721882670,11:26:08.721,22.4000,9
41173430419197,11:26:13.430,22.3900,100
41173431851777,11:26:13.431,22.3900,9
41179381382108,11:26:19.381,22.3900,100
41195276468356,11:26:35.276,22.3900,100
41197965958170,11:26:37.965,22.3900,9
41197965958170,11:26:37.965,22.3900,100
41197965958170,11:26:37.965,22.3900,91
41197965985491,11:26:37.965,22.3900,9
41257999158084,11:27:37.999,22.3900,9
41257999158084,11:27:37.999,22.3900,100
41257999158084,11:27:37.999,22.3900,100
41257999222843,11:27:37.999,22.3900,100
41257999222843,11:27:37.999,22.3900,100
41268916956643,11:27:48.916,22.3800,100
41268916956643,11:27:48.916,22.3800,1
41268916963641,11:27:48.916,22.3800,99
41268916963641,11:27:48.916,22.3800,8
41269295437831,11:27:49.295,22.3750,100
41360116492528,11:29:20.116,22.3700,100
41360116492528,11:29:20.116,22.3700,8
41360116492528,11:29:20.116,22.3700,10
41360116492528,11:29:20.116,22.3700,100
41370576242252,11:29:30.576,22.3600,100
41370576242252,11:29:30.576,22.3600,7
41400543829099,11:30:00.543,22.3500,100
41400578094090,11:30:00.578,22.3500,100
41400578094090,11:30:00.578,22.3500,7
41400578094090,11:30:00.578,22.3500,121
41400578094090,11:30:00.578,22.3500,100
41403239914223,11:30:03.239,22.3500,600
41445980894301,11:30:45.980,22.3550,100
41445982740664,11:30:45.982,22.3550,100
41445982803004,11:30:45.982,22.3550,400
41449068847741,11:30:49.068,22.3550,100
41449070474542,11:30:49.070,22.3550,400
41449070581309,11:30:49.070,22.3550,100
41449072148656,11:30:49.072,22.3550,800
41465783934584,11:31:05.783,22.3600,200
41465783934584,11:31:05.783,22.3600,100
41465783934584,11:31:05.783,22.3600,100
41465783994832,11:31:05.783,22.3600,100
41465783994832,11:31:05.783,22.3600,300
41466603871877,11:31:06.603,22.3700,400
41466603871877,11:31:06.603,22.3700,100
41466603871877,11:31:06.603,22.3700,15
41468756459309,11:31:08.756,22.3800,100
41468756459309,11:31:08.756,22.3800,10
41468756602722,11:31:08.756,22.3800,90
41468756602722,11:31:08.756,22.3800,100
41468756602722,11:31:08.756,22.3800,100
41476782913592,11:31:16.782,22.3850,100
41480566054552,11:31:20.566,22.3850,805
41480566056233,11:31:20.566,22.3850,805
41480566068698,11:31:20.566,22.3850,464
41480566078152,11:31:20.566,22.3850,233
41480566082994,11:31:20.566,22.3850,257
41480566089659,11:31:20.566,22.3850,25
41480566383536,11:31:20.566,22.3850,405
41480566613079,11:31:20.566,22.3850,24
41480566953264,11:31:20.566,22.3800,100
41480566953264,11:31:20.566,22.3800,5
41480566953264,11:31:20.566,22.3800,100
41480566953264,11:31:20.566,22.3800,100
41480566953264,11:31:20.566,22.3800,100
41481298982149,11:31:21.298,22.3750,400
41481301239778,11:31:21.301,22.3750,700
41481303105484,11:31:21.303,22.3750,800
41482651644372,11:31:22.651,22.3750,100
41501887398822,11:31:41.887,22.3800,600
41511618335599,11:31:51.618,22.3900,100
41511618335599,11:31:51.618,22.3900,200
41518402058749,11:31:58.402,22.3950,100
41518402058749,11:31:58.402,22.3950,100
41519333837426,11:31:59.333,22.3950,305
41519333839209,11:31:59.333,22.3950,100
41519334148103,11:31:59.334,22.3950,305
41519334406679,11:31:59.334,22.3950,100
41519334412487,11:31:59.334,22.3950,100
41519334422689,11:31:59.334,22.3950,79
41519334429484,11:31:59.334,22.3950,100
41519335431604,11:31:59.335,22.3950,305
41519884912766,11:31:59.884,22.3950,206
41519884912766,11:31:59.884,22.3900,100
41519884912766,11:31:59.884,22.3900,5
41519884912766,11:31:59.884,22.3900,94
41519890073596,11:31:59.890,22.3900,6
41519890073596,11:31:59.890,22.3900,100
41519890073596,11:31:59.890,22.3900,100
