timestamp,time,price,volume
34200099463719,09:30:00.099,0.0000,0
34726706092365,09:38:46.706,32.1800,100
34979847687672,09:42:59.847,32.0600,100
34979847687672,09:42:59.847,32.0600,100
34979847689609,09:42:59.847,32.0600,102
34979848104518,09:42:59.848,32.0500,100
34979848730084,09:42:59.848,32.0400,100
34979852072981,09:42:59.852,32.0300,73
34979852098212,09:42:59.852,32.0300,27
34981870997533,09:43:01.870,32.0300,21
35276154243061,09:47:56.154,32.0700,100
35280584514524,09:48:00.584,32.0600,100
35295457945952,09:48:15.457,32.0100,100
35497141587637,09:51:37.141,31.9400,100
35497142136710,09:51:37.142,31.9400,100
35497142137989,09:51:37.142,31.9400,100
35497142522416,09:51:37.142,31.9300,47
36098945757966,10:01:38.945,31.9400,67
36280927379075,10:04:40.927,31.9300,100
36315001831844,10:05:15.001,31.9000,62
36333603523138,10:05:33.603,31.9000,38
36333603523138,10:05:33.603,31.9000,100
36333603523138,10:05:33.603,31.9000,29
36453494483179,10:07:33.494,31.9200,100
36488508557314,10:08:08.508,31.9300,100
36537884797874,10:08:57.884,31.9900,100
36602996808665,10:10:02.996,31.9800,100
37063045229853,10:17:43.045,32.1100,100
37063050664639,10:17:43.050,32.1100,100
37063050666634,10:17:43.050,32.1100,47
37156158717549,10:19:16.158,32.0700,100
37657487270809,10:27:37.487,32.2200,76
37657490504451,10:27:37.490,32.2100,100
37724789101670,10:28:44.789,32.2500,100
37724789212952,10:28:44.789,32.2500,108
37724789396161,10:28:44.789,32.2500,92
37754794523063,10:29:14.794,32.2900,50
37754801316497,10:29:14.801,32.2900,62
37754804298395,10:29:14.804,32.2900,38
37800109486404,10:30:00.109,32.3700,26
37800109487933,10:30:00.109,32.3700,74
37994792307083,10:33:14.792,32.4200,17
38008043005966,10:33:28.043,32.4000,100
38008043005966,10:33:28.043,32.4000,100
38008043934957,10:33:28.043,32.4000,22
38008043961619,10:33:28.043,32.4000,78
38008043961619,10:33:28.043,32.4000,100
38094157365236,10:34:54.157,32.4000,100
38094157693085,10:34:54.157,32.4000,65
38094157762945,10:34:54.157,32.4000,35
38094158022270,10:34:54.158,32.4000,8
38094158046712,10:34:54.158,32.4000,24
38094158216282,10:34:54.158,32.4000,5
38094158260213,10:34:54.158,32.4000,5
38094158506797,10:34:54.158,32.3800,100
38094161908827,10:34:54.161,32.3900,100
38094172219328,10:34:54.172,32.3800,100
38094188544497,10:34:54.188,32.3700,100
38167014904372,10:36:07.014,32.2600,100
38170979998143,10:36:10.979,32.2600,100
38191014283299,10:36:31.014,32.2600,100
38289923157651,10:38:09.923,32.3000,100
38458748423212,10:40:58.748,32.3800,31
38458748431979,10:40:58.748,32.3800,194
38458748463125,10:40:58.748,32.3800,66
38458748551874,10:40:58.748,32.3800,9
38498856176075,10:41:38.856,32.3500,100
38499140856899,10:41:39.140,32.3400,100
38599744789223,10:43:19.744,32.3100,100
38599745335972,10:43:19.745,32.3100,100
38599745344306,10:43:19.745,32.3100,68
38599746002179,10:43:19.746,32.3200,20
38599761347602,10:43:19.761,32.3200,24
38600722502418,10:43:20.722,32.3200,56
38654655697948,10:44:14.655,32.3300,100
39017598516785,10:50:17.598,32.4000,1
39021823499830,10:50:21.823,32.4000,99
39021823499830,10:50:21.823,32.4000,1
39021823583884,10:50:21.823,32.4000,49
39021825597210,10:50:21.825,32.3900,59
39021825624065,10:50:21.825,32.3900,3
39029637537945,10:50:29.637,32.3800,100
39029639365142,10:50:29.639,32.3600,100
39029676174349,10:50:29.676,32.3800,3
39617103898329,11:00:17.103,32.4100,60
39625256090109,11:00:25.256,32.4600,100
39975853752199,11:06:15.853,32.6100,100
39975853752199,11:06:15.853,32.6100,100
39977849527068,11:06:17.849,32.6300,100
40385781489719,11:13:05.781,32.6800,100
40385781489719,11:13:05.781,32.6800,100
40385781507142,11:13:05.781,32.6800,65
40385781692724,11:13:05.781,32.6800,15
40385782155444,11:13:05.782,32.6700,100
40385783208392,11:13:05.783,32.6700,32
40385785272477,11:13:05.785,32.6800,100
40385787307715,11:13:05.787,32.6800,65
40385787317246,11:13:05.787,32.6800,35
40385791826349,11:13:05.791,32.6900,100
40385791826349,11:13:05.791,32.6900,30
40385791826349,11:13:05.791,32.6900,70
40385792217040,11:13:05.792,32.6900,100
40385819259139,11:13:05.819,32.6800,30
40385819456232,11:13:05.819,32.6500,100
40388782884432,11:13:08.782,32.6800,100
40388783986364,11:13:08.783,32.6600,100
40388784103937,11:13:08.784,32.6600,200
40388784154595,11:13:08.784,32.6600,51
40410992303478,11:13:30.992,32.6600,43
40698983429691,11:18:18.983,32.7100,100
40699672737670,11:18:19.672,32.6900,100
40789808140182,11:19:49.808,32.6300,62
40789808152646,11:19:49.808,32.6300,38
40911456493831,11:21:51.456,32.6500,45
41063584851768,11:24:23.584,32.7400,100
41143249009704,11:25:43.249,32.7400,16
41156010584718,11:25:56.010,32.7400,200
41156010593832,11:25:56.010,32.7400,84
41201525713349,11:26:41.525,32.7100,100
41201525713349,11:26:41.525,32.7100,44
41201526255759,11:26:41.526,32.7100,56
41201528079553,11:26:41.528,32.7100,100
41283652369179,11:28:03.652,32.7100,4
41283652369179,11:28:03.652,32.7100,96
41289684705700,11:28:09.684,32.7200,100
41415640460761,11:30:15.640,32.7300,100
41716536331944,11:35:16.536,32.7400,100
41740606092559,11:35:40.606,32.7100,30
41740606097094,11:35:40.606,32.7100,30
41740606428135,11:35:40.606,32.7100,40
41793390880033,11:36:33.390,32.7000,50
41793390880033,11:36:33.390,32.6900,50
41793390954941,11:36:33.390,32.6900,40
41793391092681,11:36:33.391,32.6900,10
41793391131367,11:36:33.391,32.6800,22
41793391798329,11:36:33.391,32.6800,78
41793442358788,11:36:33.442,32.6900,9
41917533574935,11:38:37.533,32.7300,100
41917534129480,11:38:37.534,32.7300,100
41920292373167,11:38:40.292,32.7100,31
42041734898461,11:40:41.734,32.7300,100
42185575914241,11:43:05.575,32.7500,300
42583874878975,11:49:43.874,32.7900,100
42614262413982,11:50:14.262,32.7700,100
42617988107840,11:50:17.988,32.7700,100
42617988354221,11:50:17.988,32.7600,100
42617988369994,11:50:17.988,32.7600,16
42640822450739,11:50:40.822,32.7600,10
42640823506642,11:50:40.823,32.7600,74
42734788936543,11:52:14.788,32.7500,10
42734788937137,11:52:14.788,32.7500,20
42921876939555,11:55:21.876,32.7700,100
42924682704136,11:55:24.682,32.7700,100
42933243825204,11:55:33.243,32.7700,48
42942426270879,11:55:42.426,32.7800,100
43285202206844,12:01:25.202,32.8000,65
43762580623302,12:09:22.580,32.8300,100
43762581024790,12:09:22.581,32.8400,20
43860432572388,12:11:00.432,32.8700,10
43860432604232,12:11:00.432,32.8700,10
43889827666069,12:11:29.827,32.8800,100
44075439010713,12:14:35.439,32.8700,70
44075439010713,12:14:35.439,32.8700,30
44085111563166,12:14:45.111,32.8700,70
44085111563166,12:14:45.111,32.8600,30
44292968115634,12:18:12.968,32.9000,100
44292968768612,12:18:12.968,32.8800,100
44575618797263,12:22:55.618,32.9500,100
44575618848122,12:22:55.618,32.9500,100
44575618866603,12:22:55.618,32.9500,200
44575618899946,12:22:55.618,32.9500,100
44576099796643,12:22:56.099,32.9700,50
44594718002167,12:23:14.718,32.9300,100
44821790277643,12:27:01.790,32.9400,100
44866011273217,12:27:46.011,32.9500,100
44867291255744,12:27:47.291,32.9300,100
44867291292502,12:27:47.291,32.9300,98
44867291421097,12:27:47.291,32.9300,4
45114925769193,12:31:54.925,32.9300,100
45148685321756,12:32:28.685,32.9100,3
45148685332770,12:32:28.685,32.9100,97
45148685346045,12:32:28.685,32.9100,16
45150734867182,12:32:30.734,32.9100,84
45366449410190,12:36:06.449,32.9000,100
45366450504996,12:36:06.450,32.8900,100
45366456604490,12:36:06.456,32.8900,100
45366540572478,12:36:06.540,32.8900,51
45366540582131,12:36:06.540,32.8900,49
45555675426541,12:39:15.675,32.9100,300
45667074507846,12:41:07.074,32.9700,52
45667074512562,12:41:07.074,32.9700,48
45667074512562,12:41:07.074,32.9800,4
45667074522243,12:41:07.074,32.9800,96
45667074522243,12:41:07.074,32.9800,7
45667074540761,12:41:07.074,32.9800,51
45667075734263,12:41:07.075,32.9800,42
45711508171408,12:41:51.508,32.9100,100
45717917920468,12:41:57.917,32.9000,100
45717917920468,12:41:57.917,32.9000,100
46064733882087,12:47:44.733,32.9300,54
46064734574068,12:47:44.734,32.9300,46
46230454832795,12:50:30.454,32.9100,200
46230454930816,12:50:30.454,32.9100,100
46230462260507,12:50:30.462,32.9100,100
46535015206685,12:55:35.015,32.9100,100
46535040287191,12:55:35.040,32.9200,200
46535059939182,12:55:35.059,32.9200,100
46535060060004,12:55:35.060,32.9100,100
46537078036444,12:55:37.078,32.9000,100
46537078036444,12:55:37.078,32.9000,50
46608487960300,12:56:48.487,32.9000,100
46661507203508,12:57:41.507,32.9000,100
46661507570986,12:57:41.507,32.9000,100
46755573254915,12:59:15.573,32.9000,10
47102004787104,13:05:02.004,32.8800,100
47102005147061,13:05:02.005,32.8800,33
47102020355601,13:05:02.020,32.8800,61
47104407323569,13:05:04.407,32.9000,30
47207011437723,13:06:47.011,32.9000,70
47443531547709,13:10:43.531,32.9000,100
47443535484528,13:10:43.535,32.9000,100
47444365298385,13:10:44.365,32.9000,20
47444787782343,13:10:44.787,32.9000,18
48059084622516,13:20:59.084,32.8800,100
48066429766116,13:21:06.429,32.8500,100
48566354250780,13:29:26.354,32.8400,100
48568243046070,13:29:28.243,32.8400,100
48571243120250,13:29:31.243,32.8500,76
48730275995195,13:32:10.275,32.8200,100
48752864173908,13:32:32.864,32.8200,100
48752864173908,13:32:32.864,32.8200,100
48752864173908,13:32:32.864,32.8200,100
48752868681012,13:32:32.868,32.8300,100
48752868707511,13:32:32.868,32.8300,100
48752868707511,13:32:32.868,32.8300,15
48864745834861,13:34:24.745,32.8200,100
48937777713381,13:35:37.777,32.8100,100
48937779897558,13:35:37.779,32.8100,18
49059901144544,13:37:39.901,32.8100,20
49060817476396,13:37:40.817,32.8100,62
49353894335754,13:42:33.894,32.7900,44
49353894361298,13:42:33.894,32.7900,56
49353894361298,13:42:33.894,32.7900,78
49353894453311,13:42:33.894,32.7900,22
49353896200508,13:42:33.896,32.7600,2
49354643184090,13:42:34.643,32.7600,100
49522639559292,13:45:22.639,32.7400,7
49522639733899,13:45:22.639,32.7400,7
49522639805271,13:45:22.639,32.7400,7
49551496040262,13:45:51.496,32.7800,36
49551496048712,13:45:51.496,32.7800,64
49551507367385,13:45:51.507,32.7900,5
49798169142785,13:49:58.169,32.8200,100
50321852669323,13:58:41.852,32.8100,25
50321852694922,13:58:41.852,32.8100,30
50328198780818,13:58:48.198,32.8100,45
50328198780818,13:58:48.198,32.8100,55
50328198859403,13:58:48.198,32.8100,45
50330959820566,13:58:50.959,32.8100,18
50330959889318,13:58:50.959,32.8100,11
50337455503594,13:58:57.455,32.8000,100
50337455822830,13:58:57.455,32.7900,100
50410070239255,14:00:10.070,32.8100,100
50410070910863,14:00:10.070,32.8200,60
50410070910863,14:00:10.070,32.8200,40
50410070949238,14:00:10.070,32.8200,60
50410270243349,14:00:10.270,32.8100,100
50413012722279,14:00:13.012,32.8100,100
50413017267374,14:00:13.017,32.8300,2
50413017267374,14:00:13.017,32.8300,98
50417617105163,14:00:17.617,32.8000,100
50496024421504,14:01:36.024,32.8000,29
50513007224758,14:01:53.007,32.7800,100
50514571012426,14:01:54.571,32.7700,100
50660351193005,14:04:20.351,32.8300,100
50660351435158,14:04:20.351,32.8300,100
50686520384947,14:04:46.520,32.8500,10
50686521327038,14:04:46.521,32.8500,100
50702123323441,14:05:02.123,32.8600,100
50925320315839,14:08:45.320,32.8300,100
50963076313414,14:09:23.076,32.8100,100
50963076314683,14:09:23.076,32.8100,51
50963076316661,14:09:23.076,32.8100,41
51300208578456,14:15:00.208,32.8800,100
51300265765343,14:15:00.265,32.8800,100
51300265765343,14:15:00.265,32.8800,100
51300782647391,14:15:00.782,32.8700,100
51443320832301,14:17:23.320,32.9300,100
51443323271310,14:17:23.323,32.9300,100
51518160979656,14:18:38.160,32.9300,100
51670984505310,14:21:10.984,32.9700,100
51954106266908,14:25:54.106,32.9700,100
52009089023809,14:26:49.089,32.9600,100
52021512628139,14:27:01.512,32.9400,100
52028634683119,14:27:08.634,32.9400,100
52028641765778,14:27:08.641,32.9400,100
52054271835168,14:27:34.271,32.9300,100
52281360643615,14:31:21.360,32.9200,100
52281362130629,14:31:21.362,32.9000,100
52290769959438,14:31:30.769,32.9000,40
52290771110549,14:31:30.771,32.9000,29
52572339481603,14:36:12.339,32.8600,100
52572339556609,14:36:12.339,32.8500,100
52572340067927,14:36:12.340,32.8500,100
52572340590913,14:36:12.340,32.8500,19
52572340643173,14:36:12.340,32.8500,36
52572341725190,14:36:12.341,32.8500,45
52691609546210,14:38:11.609,32.8600,100
52691609559999,14:38:11.609,32.8600,8
52691609565045,14:38:11.609,32.8600,36
52691609574936,14:38:11.609,32.8600,47
52691609582178,14:38:11.609,32.8600,9
52691609582178,14:38:11.609,32.8700,28
52996098666781,14:43:16.098,32.8700,100
52996098758160,14:43:16.098,32.8700,36
52996099042223,14:43:16.099,32.8700,64
52996099042223,14:43:16.099,32.8700,83
52996099137822,14:43:16.099,32.8700,58
53075311221742,14:44:35.311,32.9100,10
53374948189732,14:49:34.948,32.9200,3
53470337862447,14:51:10.337,32.9100,100
53471015765966,14:51:11.015,32.9100,10
53543307005587,14:52:23.307,32.9600,100
53543310672838,14:52:23.310,32.9600,100
53543315865847,14:52:23.315,32.9600,100
53545579482444,14:52:25.579,32.9400,100
53727420645842,14:55:27.420,32.9400,95
53730672586918,14:55:30.672,32.9300,100
53730672586918,14:55:30.672,32.9300,100
54075287413929,15:01:15.287,32.9300,100
54193468196777,15:03:13.468,32.9100,76
54193469147836,15:03:13.469,32.9100,24
54193469147836,15:03:13.469,32.9100,76
54193469172237,15:03:13.469,32.9100,7
54193469208496,15:03:13.469,32.9100,17
54239540504249,15:03:59.540,32.9000,100
54264047353307,15:04:24.047,32.8900,33
54264047362946,15:04:24.047,32.8900,34
54264047428512,15:04:24.047,32.8900,33
54264048413883,15:04:24.048,32.8800,30
54387336005376,15:06:27.336,32.8700,6
54387336085865,15:06:27.336,32.8700,94
54387336085865,15:06:27.336,32.8700,100
54666433461304,15:11:06.433,32.8100,64
54685044502379,15:11:25.044,32.8100,36
54727193418227,15:12:07.193,32.8100,100
54776907497593,15:12:56.907,32.7800,4
54883053592849,15:14:43.053,32.8300,18
54883584974096,15:14:43.584,32.8300,100
54913974438973,15:15:13.974,32.8100,100
54913974647807,15:15:13.974,32.8100,33
54913974648292,15:15:13.974,32.8100,30
54913974649906,15:15:13.974,32.8100,33
54913974716410,15:15:13.974,32.8100,4
54913974716410,15:15:13.974,32.8100,29
54913974993684,15:15:13.974,32.8100,8
54913975056918,15:15:13.975,32.8100,9
54913975056918,15:15:13.975,32.7900,8
54981552089447,15:16:21.552,32.8400,100
55447998691169,15:24:07.998,32.8300,100
55447998793215,15:24:07.998,32.8300,100
55495760783804,15:24:55.760,32.8500,100
55495761057624,15:24:55.761,32.8500,100
55530577249985,15:25:30.577,32.8600,100
55533823861013,15:25:33.823,32.8600,62
55562349132567,15:26:02.349,32.8700,100
55562349350846,15:26:02.349,32.8700,200
55602867287504,15:26:42.867,32.8500,100
55602869319534,15:26:42.869,32.8300,100
55602869575068,15:26:42.869,32.8300,100
55603020410399,15:26:43.020,32.8400,41
55702568461793,15:28:22.568,32.8700,100
55727991344907,15:28:47.991,32.8600,2
55736392087298,15:28:56.392,32.8600,62
55917596928186,15:31:57.596,32.8900,3
55917596939320,15:31:57.596,32.8900,30
55920574420977,15:32:00.574,32.8900,100
55938737458392,15:32:18.737,32.8700,38
55954236862020,15:32:34.236,32.8800,100
55954236862020,15:32:34.236,32.8800,34
55990307384855,15:33:10.307,32.8800,100
55990307384855,15:33:10.307,32.8800,300
56177681716991,15:36:17.681,32.8700,100
56348967051473,15:39:08.967,32.8700,100
56432354411419,15:40:32.354,32.8600,100
56435975080157,15:40:35.975,32.8500,186
56435975106159,15:40:35.975,32.8500,14
56435975106159,15:40:35.975,32.8500,98
56465115432885,15:41:05.115,32.8500,62
56465448766535,15:41:05.448,32.8500,29
56465495561696,15:41:05.495,32.8500,9
56547792071043,15:42:27.792,32.8600,100
56547821959469,15:42:27.821,32.8600,100
56652231565898,15:44:12.231,32.8800,100
56655127042644,15:44:15.127,32.8800,19
56745579220350,15:45:45.579,32.8900,100
56745579220350,15:45:45.579,32.8900,75
56852621483171,15:47:32.621,32.8900,75
56852622961586,15:47:32.622,32.8800,100
56852758536632,15:47:32.758,32.8800,200
56852758536632,15:47:32.758,32.8800,14
56859017980472,15:47:39.017,32.8800,100
56863253707974,15:47:43.253,32.8800,100
56889818497303,15:48:09.818,32.8700,1
56950756790080,15:49:10.756,32.8800,10
56954700296275,15:49:14.700,32.8800,200
56997292248454,15:49:57.292,32.9000,100
57004671789099,15:50:04.671,32.9000,100
57004672488620,15:50:04.672,32.9000,100
57006554900727,15:50:06.554,32.9000,100
57051000383754,15:50:51.000,32.9100,5
57051000383754,15:50:51.000,32.9100,5
57051007456188,15:50:51.007,32.9100,95
57051013667752,15:50:51.013,32.9100,100
57051013835921,15:50:51.013,32.9100,100
57051013835921,15:50:51.013,32.9100,5
57051035671684,15:50:51.035,32.9100,100
57051035950903,15:50:51.035,32.9100,8
57052187506282,15:50:52.187,32.9100,200
57059052028718,15:50:59.052,32.9100,100
57059053848544,15:50:59.053,32.9100,16
57059687850124,15:50:59.687,32.9100,100
57065030189401,15:51:05.030,32.9000,1
57077349526835,15:51:17.349,32.9200,100
57077350128672,15:51:17.350,32.9200,100
57105567717924,15:51:45.567,32.9200,71
57105567721520,15:51:45.567,32.9200,29
57105567721520,15:51:45.567,32.9200,40
57105580962514,15:51:45.580,32.9100,100
57134117037127,15:52:14.117,32.9000,23
57136850135152,15:52:16.850,32.9000,77
57224175651984,15:53:44.175,32.8900,25
57224175651984,15:53:44.175,32.8800,100
57224178588643,15:53:44.178,32.8800,100
57224178588643,15:53:44.178,32.8800,100
57234938699238,15:53:54.938,32.8700,100
57262964435325,15:54:22.964,32.8700,3
57270841628606,15:54:30.841,32.8800,18
57270841638580,15:54:30.841,32.8800,29
57270841639024,15:54:30.841,32.8800,29
57270841947561,15:54:30.841,32.8800,72
57270841973797,15:54:30.841,32.8800,28
57288618641534,15:54:48.618,32.8700,37
57288618656384,15:54:48.618,32.8700,11
57357569077023,15:55:57.569,32.9300,100
57357574305141,15:55:57.574,32.9400,100
57357576007211,15:55:57.576,32.9300,200
57357576007211,15:55:57.576,32.9300,100
57378451762311,15:56:18.451,32.9300,42
57378453930529,15:56:18.453,32.9300,58
57378456660425,15:56:18.456,32.9300,100
57378457193713,15:56:18.457,32.9300,100
57428717351253,15:57:08.717,32.9300,32
57437351207203,15:57:17.351,32.9400,19
57437352228674,15:57:17.352,32.9400,2
57450522931582,15:57:30.522,32.9300,18
57451794612314,15:57:31.794,32.9300,100
57487358480899,15:58:07.358,32.9600,100
57492574205215,15:58:12.574,32.9600,100
57535020128985,15:58:55.020,32.9700,99
57555098435009,15:59:15.098,32.9500,100
57594254721244,15:59:54.254,32.9400,100
57600468803970,16:00:00.468,0.0000,0
