timestamp,time,price,volume
33605016043041,09:20:05.016,27.7000,1
34190006660915,09:29:50.006,27.5400,300
34200345138229,09:30:00.345,0.0000,0
34215974843318,09:30:15.974,27.6400,200
34228007274239,09:30:28.007,27.6200,43
34228007274239,09:30:28.007,27.6200,100
34228007888280,09:30:28.007,27.6200,100
34228008059451,09:30:28.008,27.6100,100
34228009179789,09:30:28.009,27.6000,100
34228009207711,09:30:28.009,27.6000,92
34228009354224,09:30:28.009,27.6000,100
34228009354224,09:30:28.009,27.6000,100
34238029618177,09:30:38.029,27.6000,100
34238040296033,09:30:38.040,27.6000,100
34239355742568,09:30:39.355,27.5900,100
34239355742568,09:30:39.355,27.5900,43
34239356316714,09:30:39.356,27.5900,100
34241507590728,09:30:41.507,27.5800,1500
34241507778780,09:30:41.507,27.5800,100
34241507778780,09:30:41.507,27.5800,100
34241507778780,09:30:41.507,27.5800,100
34249752075130,09:30:49.752,27.5800,241
34249752098923,09:30:49.752,27.5800,1259
34249752100847,09:30:49.752,27.5800,1259
34249755003154,09:30:49.755,27.5800,100
34249757172996,09:30:49.757,27.5700,100
34249757172996,09:30:49.757,27.5700,43
34249757172996,09:30:49.757,27.5700,57
34259182634919,09:30:59.182,27.5700,156
34259182634919,09:30:59.182,27.5700,125
34259182634919,09:30:59.182,27.5700,19
34259182732168,09:30:59.182,27.5700,24
34259182732168,09:30:59.182,27.5700,26
34260376176647,09:31:00.376,27.5700,100
34261074424389,09:31:01.074,27.5800,50
34272659025887,09:31:12.659,27.5750,800
34277098202892,09:31:17.098,27.5800,1000
34302871063855,09:31:42.871,27.5700,100
34302871063855,09:31:42.871,27.5700,100
34302871063855,09:31:42.871,27.5700,176
34302871063855,09:31:42.871,27.5700,112
34302871063855,09:31:42.871,27.5700,36
34303437330217,09:31:43.437,27.5600,100
34313236560225,09:31:53.236,27.5600,182
34313236560225,09:31:53.236,27.5600,100
34313236560225,09:31:53.236,27.5600,182
34313236560225,09:31:53.236,27.5600,182
34313236560225,09:31:53.236,27.5600,100
34318360880508,09:31:58.360,27.5500,35
34318360880508,09:31:58.360,27.5500,100
34318360880508,09:31:58.360,27.5500,138
34318360880508,09:31:58.360,27.5500,58
34326765590268,09:32:06.765,27.5500,100
34326765590268,09:32:06.765,27.5500,230
34326765591901,09:32:06.765,27.5500,384
34326765658141,09:32:06.765,27.5450,1286
34327433972643,09:32:07.433,27.5400,182
34327433972643,09:32:07.433,27.5400,100
34327433972643,09:32:07.433,27.5400,182
34327433972643,09:32:07.433,27.5400,175
34344466845818,09:32:24.466,27.5400,7
34344466845818,09:32:24.466,27.5400,154
34347150990994,09:32:27.150,27.5300,100
34347150990994,09:32:27.150,27.5300,100
34349591243970,09:32:29.591,27.5200,28
34349591243970,09:32:29.591,27.5200,182
34349592358304,09:32:29.592,27.5100,200
34349594144223,09:32:29.594,27.5000,100
34349594144223,09:32:29.594,27.5000,200
34349600680324,09:32:29.600,27.4900,100
34349600680324,09:32:29.600,27.4900,100
34349600680324,09:32:29.600,27.4900,100
34349601680045,09:32:29.601,27.5000,100
34349601680045,09:32:29.601,27.5000,200
34349601680045,09:32:29.601,27.5000,100
34349601680045,09:32:29.601,27.5000,1500
34349601807384,09:32:29.601,27.5000,1500
34349601807384,09:32:29.601,27.5000,100
34349601990258,09:32:29.601,27.5000,200
34349602736570,09:32:29.602,27.5000,100
34349602736570,09:32:29.602,27.5000,100
34349602736570,09:32:29.602,27.5000,400
34349602736570,09:32:29.602,27.5000,100
34349602736570,09:32:29.602,27.5000,100
34349602736570,09:32:29.602,27.5000,100
34349608547220,09:32:29.608,27.5000,200
34349608547220,09:32:29.608,27.5000,100
34349625597745,09:32:29.625,27.4900,100
34349625597745,09:32:29.625,27.4900,100
34349625597745,09:32:29.625,27.4900,400
34349625597745,09:32:29.625,27.4900,100
34349625597745,09:32:29.625,27.4900,100
34350532171031,09:32:30.532,27.4900,100
34350532171031,09:32:30.532,27.4900,100
34350532171031,09:32:30.532,27.4900,100
34350532722233,09:32:30.532,27.5000,100
34350561827760,09:32:30.561,27.4900,200
34350561827760,09:32:30.561,27.4900,100
34350561827760,09:32:30.561,27.4900,100
34350561827760,09:32:30.561,27.4900,100
34350561827760,09:32:30.561,27.4900,100
34350676699019,09:32:30.676,27.4900,100
34352601919437,09:32:32.601,27.5000,1274
34371668398897,09:32:51.668,27.5200,87
34371668700023,09:32:51.668,27.5200,13
34371668700023,09:32:51.668,27.5200,100
34374375834769,09:32:54.375,27.5100,100
34374375834769,09:32:54.375,27.5100,182
34374375834769,09:32:54.375,27.5100,182
34374376835854,09:32:54.376,27.5000,100
34374376835854,09:32:54.376,27.5000,100
34374376835854,09:32:54.376,27.5000,100
34374376835854,09:32:54.376,27.5000,182
34375644887538,09:32:55.644,27.5000,100
34375644887538,09:32:55.644,27.5000,100
34393884646582,09:33:13.884,27.4700,100
34430801059595,09:33:50.801,27.4500,200
34430801124060,09:33:50.801,27.4600,200
34430804919995,09:33:50.804,27.4600,100
34441139102041,09:34:01.139,27.4500,183
34441139102041,09:34:01.139,27.4500,183
34442482607289,09:34:02.482,27.4300,100
34457990069794,09:34:17.990,27.4300,200
34465970429203,09:34:25.970,27.4400,100
34466045071301,09:34:26.045,27.4400,1
34466052765056,09:34:26.052,27.4400,2
34472245955179,09:34:32.245,27.4400,153
34472245955179,09:34:32.245,27.4400,183
34472247530542,09:34:32.247,27.4300,183
34474826325996,09:34:34.826,27.4100,100
34474826325996,09:34:34.826,27.4100,200
34474826325996,09:34:34.826,27.4100,100
34474848755326,09:34:34.848,27.3900,39
34475645969623,09:34:35.645,27.4000,100
34475645969623,09:34:35.645,27.4000,100
34475654865402,09:34:35.654,27.4000,1
34480301531366,09:34:40.301,27.4000,100
34482595803380,09:34:42.595,27.4000,100
34482598995403,09:34:42.598,27.4000,6
34482598995403,09:34:42.598,27.4000,94
34482633412276,09:34:42.633,27.4000,6
34482633412276,09:34:42.633,27.4000,94
34482633465250,09:34:42.633,27.4000,6
34482633465250,09:34:42.633,27.4000,2
34482643904304,09:34:42.643,27.4000,100
34482656534302,09:34:42.656,27.4000,100
34482699808532,09:34:42.699,27.4000,2
34482699808532,09:34:42.699,27.4000,98
34486477470170,09:34:46.477,27.4000,2
34486477470170,09:34:46.477,27.4000,98
34488187286880,09:34:48.187,27.4000,2
34488187286880,09:34:48.187,27.4000,3
34488187286880,09:34:48.187,27.4000,100
34488187286880,09:34:48.187,27.4000,95
34488194482253,09:34:48.194,27.4000,81
34488194482253,09:34:48.194,27.4000,19
34488194505899,09:34:48.194,27.4000,81
34488194505899,09:34:48.194,27.4000,19
34488194540948,09:34:48.194,27.4000,81
34488194679482,09:34:48.194,27.4000,100
34488194679482,09:34:48.194,27.4000,100
34488194679482,09:34:48.194,27.4000,100
34488203206396,09:34:48.203,27.4000,100
34489740873483,09:34:49.740,27.4000,100
34489740873483,09:34:49.740,27.4000,4
34489740873483,09:34:49.740,27.4000,196
34489742330364,09:34:49.742,27.4000,100
34489750602858,09:34:49.750,27.4000,10
34495117967132,09:34:55.117,27.4000,100
34495117967132,09:34:55.117,27.4000,100
34495117967132,09:34:55.117,27.4000,8
34495117967132,09:34:55.117,27.4000,92
34495127224899,09:34:55.127,27.4000,2
34501706761879,09:35:01.706,27.4000,100
34501706791496,09:35:01.706,27.4000,2
34501706819079,09:35:01.706,27.4000,2
34501709485540,09:35:01.709,27.4000,100
34501722162581,09:35:01.722,27.4000,200
34501726420743,09:35:01.726,27.4000,100
34501728518275,09:35:01.728,27.4000,2
34501728518275,09:35:01.728,27.4000,98
34501730359124,09:35:01.730,27.4000,100
34501730359124,09:35:01.730,27.4000,100
34501731006966,09:35:01.731,27.4000,100
34501731104117,09:35:01.731,27.4000,100
34501738488514,09:35:01.738,27.4000,100
34508924535979,09:35:08.924,27.4000,100
34529961604087,09:35:29.961,27.3800,1
34529961604087,09:35:29.961,27.3800,99
34536246436318,09:35:36.246,27.3900,100
34554188110986,09:35:54.188,27.3900,185
34554188110986,09:35:54.188,27.3900,100
34554193526726,09:35:54.193,27.3800,200
34554195836530,09:35:54.195,27.3700,100
34557710795014,09:35:57.710,27.3700,100
34557710795014,09:35:57.710,27.3700,100
34557713761518,09:35:57.713,27.3800,100
34557713761518,09:35:57.713,27.3800,100
34567749934178,09:36:07.749,27.3800,100
34567749934178,09:36:07.749,27.3800,100
34567750557669,09:36:07.750,27.3800,84
34568727660562,09:36:08.727,27.3900,220
34568727660562,09:36:08.727,27.3900,100
34578589139262,09:36:18.589,27.3900,100
34590352664401,09:36:30.352,27.4000,100
34590352854527,09:36:30.352,27.4000,100
34590352854527,09:36:30.352,27.4000,100
34590352937444,09:36:30.352,27.4000,100
34590352999211,09:36:30.352,27.4000,84
34590354675560,09:36:30.354,27.4000,100
34590354675560,09:36:30.354,27.4000,100
34590354675560,09:36:30.354,27.4000,209
34598244433042,09:36:38.244,27.4000,100
34598244433042,09:36:38.244,27.4000,200
34598246999165,09:36:38.246,27.4000,84
34598248117161,09:36:38.248,27.4000,81
34598248117161,09:36:38.248,27.4000,100
34598248117161,09:36:38.248,27.4000,124
34598248117161,09:36:38.248,27.4000,183
34601744574019,09:36:41.744,27.4000,100
34601744574019,09:36:41.744,27.4000,100
34601744574019,09:36:41.744,27.4000,425
34601747912075,09:36:41.747,27.4000,100
34601747912075,09:36:41.747,27.4000,100
34601747912075,09:36:41.747,27.4000,100
34608146745131,09:36:48.146,27.4000,100
34608146745131,09:36:48.146,27.4000,100
34615745672409,09:36:55.745,27.4000,1
34615745672409,09:36:55.745,27.4000,99
34616532627054,09:36:56.532,27.4000,100
34616532627054,09:36:56.532,27.4000,100
34616532627054,09:36:56.532,27.4000,1500
34616533403624,09:36:56.533,27.4000,100
34616533403624,09:36:56.533,27.4000,100
34616533403624,09:36:56.533,27.4000,100
34616533403624,09:36:56.533,27.4000,1100
34616535429584,09:36:56.535,27.4000,100
34616535429584,09:36:56.535,27.4000,100
34616535429584,09:36:56.535,27.4000,100
34623161884756,09:37:03.161,27.4000,39
34623341013888,09:37:03.341,27.4000,100
34623341013888,09:37:03.341,27.4000,100
34623341183513,09:37:03.341,27.4000,100
34623341183513,09:37:03.341,27.4000,100
34639230544525,09:37:19.230,27.4000,100
34639230730703,09:37:19.230,27.4000,100
34639230730703,09:37:19.230,27.4000,100
34639230730703,09:37:19.230,27.4000,100
34639231699931,09:37:19.231,27.4000,100
34639231699931,09:37:19.231,27.4000,100
34639231699931,09:37:19.231,27.4000,100
34639231699931,09:37:19.231,27.4000,100
34639231699931,09:37:19.231,27.4000,100
34639231699931,09:37:19.231,27.4000,200
34639231699931,09:37:19.231,27.4100,200
34639231699931,09:37:19.231,27.4100,100
34639231699931,09:37:19.231,27.4100,4700
34639233048548,09:37:19.233,27.4000,400
34639233048548,09:37:19.233,27.4000,100
34639233918902,09:37:19.233,27.4000,100
34639233918902,09:37:19.233,27.4100,100
34639233918902,09:37:19.233,27.4100,100
34639233958747,09:37:19.233,27.4000,100
34639233993856,09:37:19.233,27.4000,200
34639234192336,09:37:19.234,27.4100,100
34639234576245,09:37:19.234,27.4000,100
34639235088230,09:37:19.235,27.4000,100
34639235088230,09:37:19.235,27.4000,100
34639235831613,09:37:19.235,27.4000,100
34639235831613,09:37:19.235,27.4000,100
34639235831613,09:37:19.235,27.4000,132
34639235831613,09:37:19.235,27.4000,100
34639235831613,09:37:19.235,27.4100,100
34639235831613,09:37:19.235,27.4100,111
34639235947023,09:37:19.235,27.4000,400
34639235947023,09:37:19.235,27.4000,28
34654047549785,09:37:34.047,27.4100,100
34660389785354,09:37:40.389,27.4100,100
34660404100667,09:37:40.404,27.4100,1
34663418422335,09:37:43.418,27.4100,99
34663418499822,09:37:43.418,27.4100,100
34663419177931,09:37:43.419,27.4100,8
34663419177931,09:37:43.419,27.4200,91
34674744744645,09:37:54.744,27.4200,200
34674744814043,09:37:54.744,27.4200,100
34676278417882,09:37:56.278,27.4200,1
34677163793675,09:37:57.163,27.4200,99
34677163793675,09:37:57.163,27.4200,101
34679043956634,09:37:59.043,27.4200,99
34687931213342,09:38:07.931,27.4300,100
34687931213342,09:38:07.931,27.4300,183
34687931213342,09:38:07.931,27.4300,183
34687932476822,09:38:07.932,27.4300,100
34687932476822,09:38:07.932,27.4300,100
34687932476822,09:38:07.932,27.4300,100
34687932929515,09:38:07.932,27.4200,100
34687932929515,09:38:07.932,27.4200,183
34693142824405,09:38:13.142,27.4200,100
34693142996318,09:38:13.142,27.4200,100
34693142996318,09:38:13.142,27.4200,100
34696493440219,09:38:16.493,27.4200,1
34701374421410,09:38:21.374,27.4200,1
34702340422087,09:38:22.340,27.4200,98
34702340422087,09:38:22.340,27.4200,2
34702340479394,09:38:22.340,27.4200,98
34709173148314,09:38:29.173,27.4200,39
34709176378294,09:38:29.176,27.4200,183
34709176378294,09:38:29.176,27.4200,17
34714961364199,09:38:34.961,27.4200,100
34714961541632,09:38:34.961,27.4200,100
34714961612546,09:38:34.961,27.4200,100
34714961612546,09:38:34.961,27.4200,100
34716320678735,09:38:36.320,27.4200,100
34716320678735,09:38:36.320,27.4200,100
34716324438398,09:38:36.324,27.4200,100
34724879299480,09:38:44.879,27.4200,100
34738128639059,09:38:58.128,27.4200,100
34738130917798,09:38:58.130,27.4200,100
34744351699382,09:39:04.351,27.4200,100
34744351882857,09:39:04.351,27.4200,100
34744352731430,09:39:04.352,27.4200,185
34744353064400,09:39:04.353,27.4200,49
34744353146608,09:39:04.353,27.4200,100
34744353204984,09:39:04.353,27.4200,34
34744353623142,09:39:04.353,27.4200,100
34754103536850,09:39:14.103,27.4200,100
34754103652992,09:39:14.103,27.4200,100
34754103652992,09:39:14.103,27.4200,100
34754103652992,09:39:14.103,27.4200,200
34754106815653,09:39:14.106,27.4200,100
34754106815653,09:39:14.106,27.4200,204
34754106815653,09:39:14.106,27.4200,183
34754401608974,09:39:14.401,27.4200,100
34754401608974,09:39:14.401,27.4200,100
34776724478387,09:39:36.724,27.4200,100
34776724478387,09:39:36.724,27.4200,100
34776724732436,09:39:36.724,27.4200,45
34776725398838,09:39:36.725,27.4200,42
34776727394089,09:39:36.727,27.4200,100
34776727394089,09:39:36.727,27.4200,185
34776727394089,09:39:36.727,27.4200,185
34783766726133,09:39:43.766,27.4100,200
34783766726133,09:39:43.766,27.4100,100
34787727771514,09:39:47.727,27.4100,100
34787831130299,09:39:47.831,27.4100,100
34793098538991,09:39:53.098,27.4100,100
34800908658440,09:40:00.908,27.4100,100
34808484996536,09:40:08.484,27.4200,100
34808485182717,09:40:08.485,27.4200,100
34808485182717,09:40:08.485,27.4200,100
34808485182717,09:40:08.485,27.4200,100
34809821255972,09:40:09.821,27.4100,185
34811155147511,09:40:11.155,27.4100,100
34818200305890,09:40:18.200,27.4100,100
34818200305890,09:40:18.200,27.4100,100
34818201350320,09:40:18.201,27.4000,72
34818201350320,09:40:18.201,27.4000,200
34818201350320,09:40:18.201,27.4000,300
34818201350320,09:40:18.201,27.4000,100
34818208697181,09:40:18.208,27.4000,100
34818208697181,09:40:18.208,27.4000,100
34818208697181,09:40:18.208,27.4000,400
34818208697181,09:40:18.208,27.4000,100
34818208697181,09:40:18.208,27.4000,100
34818208806894,09:40:18.208,27.4000,100
34818208832132,09:40:18.208,27.4000,100
34818208897389,09:40:18.208,27.4000,100
34818210499787,09:40:18.210,27.4000,100
34818210499787,09:40:18.210,27.4000,100
34818210499787,09:40:18.210,27.4000,100
34818210499787,09:40:18.210,27.4000,4
34818210499787,09:40:18.210,27.4000,200
34818210499787,09:40:18.210,27.4000,100
34818211825472,09:40:18.211,27.4000,100
34818211825472,09:40:18.211,27.4000,100
34818211825472,09:40:18.211,27.4000,100
34818211825472,09:40:18.211,27.4000,100
34818211825472,09:40:18.211,27.4000,200
34818212310358,09:40:18.212,27.4000,100
34818212310358,09:40:18.212,27.4000,100
34818213694314,09:40:18.213,27.4000,100
34818213761805,09:40:18.213,27.4000,100
34818213761805,09:40:18.213,27.4000,56
34818213915588,09:40:18.213,27.4000,400
34818213915588,09:40:18.213,27.4000,100
34818213915588,09:40:18.213,27.4000,100
34818213915588,09:40:18.213,27.4000,100
34818213915588,09:40:18.213,27.4000,100
34818213915588,09:40:18.213,27.4000,100
34818214622026,09:40:18.214,27.4000,100
34818214622026,09:40:18.214,27.4000,100
34818214622026,09:40:18.214,27.4000,100
34818214622026,09:40:18.214,27.4100,100
34818214622026,09:40:18.214,27.4100,100
34818214622026,09:40:18.214,27.4100,200
34818214622026,09:40:18.214,27.4100,100
34818214622026,09:40:18.214,27.4100,100
34818215405369,09:40:18.215,27.4000,57
34818215405369,09:40:18.215,27.4000,100
34818215405369,09:40:18.215,27.4000,100
34818215405369,09:40:18.215,27.4000,100
34818215522039,09:40:18.215,27.4000,100
34818216236336,09:40:18.216,27.4000,100
34818216236336,09:40:18.216,27.4000,100
34818216236336,09:40:18.216,27.4000,100
34818216236336,09:40:18.216,27.4000,100
34818216265965,09:40:18.216,27.4000,100
34818216265965,09:40:18.216,27.4100,100
34818216265965,09:40:18.216,27.4100,100
34818216265965,09:40:18.216,27.4100,200
34818216883929,09:40:18.216,27.4000,100
34818217819076,09:40:18.217,27.4100,100
34818217819076,09:40:18.217,27.4100,200
34818218024004,09:40:18.218,27.4100,100
34818218024004,09:40:18.218,27.4100,100
34818218024004,09:40:18.218,27.4100,100
34818218024004,09:40:18.218,27.4000,100
34818218024004,09:40:18.218,27.4000,100
34818218024004,09:40:18.218,27.4000,100
34818218024004,09:40:18.218,27.4000,100
34818219497133,09:40:18.219,27.4000,100
34824019519266,09:40:24.019,27.4000,100
34824019519266,09:40:24.019,27.4000,100
34824019711412,09:40:24.019,27.4000,100
34824019711412,09:40:24.019,27.4000,100
34824019711412,09:40:24.019,27.4000,100
34824019711412,09:40:24.019,27.4000,100
34824020769165,09:40:24.020,27.4000,83
34824022386767,09:40:24.022,27.4000,100
34824022386767,09:40:24.022,27.4000,183
34828800491773,09:40:28.800,27.4000,70
34862373865730,09:41:02.373,27.4000,200
34862373905700,09:41:02.373,27.4000,83
34871259930721,09:41:11.259,27.4100,75
34872978261970,09:41:12.978,27.4100,99
34879958969642,09:41:19.958,27.4100,100
34880561634171,09:41:20.561,27.4100,100
34889205108374,09:41:29.205,27.4000,100
34889205108374,09:41:29.205,27.4000,185
34899233246251,09:41:39.233,27.4000,100
34899233246251,09:41:39.233,27.4000,100
34899237057910,09:41:39.237,27.4000,108
34899237057910,09:41:39.237,27.4000,100
34899237057910,09:41:39.237,27.4000,185
34905751636604,09:41:45.751,27.3900,100
34905751748576,09:41:45.751,27.3900,100
34905751803826,09:41:45.751,27.3900,100
34912335693261,09:41:52.335,27.3900,100
34915051757269,09:41:55.051,27.3900,100
34915051757269,09:41:55.051,27.3900,183
34918547598369,09:41:58.547,27.3900,100
34933078082000,09:42:13.078,27.3800,46
34946134028669,09:42:26.134,27.3800,68
34946134156979,09:42:26.134,27.3800,74
34946134230978,09:42:26.134,27.3800,12
34948350029583,09:42:28.350,27.3600,100
34948350029583,09:42:28.350,27.3600,100
34948350029583,09:42:28.350,27.3600,200
34948352365872,09:42:28.352,27.3500,300
34948352365872,09:42:28.352,27.3500,100
34948352365872,09:42:28.352,27.3500,200
34950080687179,09:42:30.080,27.3500,100
34950080687179,09:42:30.080,27.3500,100
34950080795055,09:42:30.080,27.3500,100
34950080823568,09:42:30.080,27.3500,100
34950081150137,09:42:30.081,27.3500,100
34950081150137,09:42:30.081,27.3500,100
34950081330668,09:42:30.081,27.3500,100
34950081330668,09:42:30.081,27.3500,83
34951341626390,09:42:31.341,27.3500,100
34951341626390,09:42:31.341,27.3500,100
34959501045639,09:42:39.501,27.3600,100
34959501045639,09:42:39.501,27.3600,30
34959501045639,09:42:39.501,27.3600,100
34959521997869,09:42:39.521,27.3600,100
34959521997869,09:42:39.521,27.3600,100
34962444666535,09:42:42.444,27.3500,100
34990167410419,09:43:10.167,27.3600,200
34990167410419,09:43:10.167,27.3600,100
34990167813652,09:43:10.167,27.3600,200
34990167813652,09:43:10.167,27.3600,100
34990167813652,09:43:10.167,27.3600,100
34990172451934,09:43:10.172,27.3600,100
34990172451934,09:43:10.172,27.3600,78
35021870752351,09:43:41.870,27.3500,63
35021871082959,09:43:41.871,27.3500,19
35021871110177,09:43:41.871,27.3500,166
35021871110177,09:43:41.871,27.3500,170
35021872690895,09:43:41.872,27.3400,100
35033374908635,09:43:53.374,27.3400,100
35033382869616,09:43:53.382,27.3500,100
35061690090820,09:44:21.690,27.3300,100
35061690090820,09:44:21.690,27.3300,185
35061690090820,09:44:21.690,27.3300,100
35074510922585,09:44:34.510,27.3200,500
35091226178142,09:44:51.226,27.3200,186
35091226196467,09:44:51.226,27.3200,14
35095971891834,09:44:55.971,27.3200,100
35095972500298,09:44:55.972,27.3200,89
35103075638282,09:45:03.075,27.3200,15
35119943511769,09:45:19.943,27.3200,85
35119943511769,09:45:19.943,27.3200,115
35119943540627,09:45:19.943,27.3200,85
35132712698536,09:45:32.712,27.3300,100
35132712698536,09:45:32.712,27.3300,100
35146149769508,09:45:46.149,27.3400,100
35146150748391,09:45:46.150,27.3400,100
35146150763475,09:45:46.150,27.3400,100
35161984745918,09:46:01.984,27.3400,100
35192034183078,09:46:32.034,27.3300,100
35192034183078,09:46:32.034,27.3300,185
35192034183078,09:46:32.034,27.3300,116
35192034183078,09:46:32.034,27.3300,58
35192034655730,09:46:32.034,27.3300,100
35192034655730,09:46:32.034,27.3300,100
35192035079663,09:46:32.035,27.3200,100
35192035079663,09:46:32.035,27.3200,100
35192035079663,09:46:32.035,27.3200,200
35192035079663,09:46:32.035,27.3200,200
35192035079663,09:46:32.035,27.3200,100
35192771433896,09:46:32.771,27.3200,100
35192771433896,09:46:32.771,27.3200,100
35192771433896,09:46:32.771,27.3200,1200
35192772091591,09:46:32.772,27.3200,24
35192772115132,09:46:32.772,27.3200,76
35192773874383,09:46:32.773,27.3200,187
35192773874383,09:46:32.773,27.3200,100
35192773874383,09:46:32.773,27.3200,9
35192773874383,09:46:32.773,27.3200,185
35192775882235,09:46:32.775,27.3200,100
35192775882235,09:46:32.775,27.3200,100
35192776672205,09:46:32.776,27.3200,100
35192776672205,09:46:32.776,27.3200,100
35193565973769,09:46:33.565,27.3200,100
35193566155830,09:46:33.566,27.3200,100
35193566155830,09:46:33.566,27.3200,400
35193566155830,09:46:33.566,27.3200,100
35193566155830,09:46:33.566,27.3200,100
35193566155830,09:46:33.566,27.3200,187
35199516223364,09:46:39.516,27.3200,100
35199516410929,09:46:39.516,27.3200,100
35199518889203,09:46:39.518,27.3200,100
35199518889203,09:46:39.518,27.3200,100
35199518889203,09:46:39.518,27.3200,100
35199518889203,09:46:39.518,27.3200,185
35201263709438,09:46:41.263,27.3200,100
35202613518082,09:46:42.613,27.3200,100
35202614338210,09:46:42.614,27.3200,100
35202615943859,09:46:42.615,27.3200,100
35210276591382,09:46:50.276,27.3200,100
35244546642105,09:47:24.546,27.3100,2000
35244547503103,09:47:24.547,27.3100,100
35244547993056,09:47:24.547,27.3100,300
35244548600173,09:47:24.548,27.3100,300
35244548600173,09:47:24.548,27.3100,100
35244548600173,09:47:24.548,27.3000,500
35244548600173,09:47:24.548,27.3000,100
35244548600173,09:47:24.548,27.3000,700
35244548600173,09:47:24.548,27.3000,100
35244594200988,09:47:24.594,27.3000,100
35258048218016,09:47:38.048,27.3100,200
35258535734422,09:47:38.535,27.3100,162
35267511015149,09:47:47.511,27.3100,184
35267511015149,09:47:47.511,27.3100,916
35267511039253,09:47:47.511,27.3100,922
35267511908825,09:47:47.511,27.3100,100
35267511908825,09:47:47.511,27.3100,100
35267511908825,09:47:47.511,27.3100,200
35267514140511,09:47:47.514,27.3000,200
35267514140511,09:47:47.514,27.3000,200
35267514140511,09:47:47.514,27.3000,100
35267514140511,09:47:47.514,27.3000,100
35267514733973,09:47:47.514,27.3000,100
35267514733973,09:47:47.514,27.3000,100
35267514733973,09:47:47.514,27.3000,100
35267514968723,09:47:47.514,27.3000,300
35267515695466,09:47:47.515,27.3000,300
35267515695466,09:47:47.515,27.3000,100
35267516565052,09:47:47.516,27.3000,300
35268461969093,09:47:48.461,27.3000,100
35268461969093,09:47:48.461,27.3000,100
35268461975409,09:47:48.461,27.3000,200
35268461995224,09:47:48.461,27.3000,200
35268462004378,09:47:48.462,27.3000,6857
35286882896189,09:48:06.882,27.3100,200
35286882896189,09:48:06.882,27.3100,185
35286882896189,09:48:06.882,27.3100,185
35286883764822,09:48:06.883,27.3100,400
35286883764822,09:48:06.883,27.3100,800
35286883764822,09:48:06.883,27.3100,100
35286883764822,09:48:06.883,27.3100,100
35286883764822,09:48:06.883,27.3100,400
35311084412047,09:48:31.084,27.3200,200
35323760837295,09:48:43.760,27.3200,800
35323760837295,09:48:43.760,27.3200,300
35323763053555,09:48:43.763,27.3100,100
35323763053555,09:48:43.763,27.3100,200
35323763053555,09:48:43.763,27.3100,100
35323763053555,09:48:43.763,27.3100,511
35323763070573,09:48:43.763,27.3100,2389
35323764373516,09:48:43.764,27.3100,100
35323764373516,09:48:43.764,27.3100,100
35323783874041,09:48:43.783,27.3100,300
35323783874041,09:48:43.783,27.3100,100
35323783874041,09:48:43.783,27.3100,100
35323783941764,09:48:43.783,27.3100,184
35323784097187,09:48:43.784,27.3100,100
35326128209058,09:48:46.128,27.3200,100
35326128278841,09:48:46.128,27.3200,200
35329802316476,09:48:49.802,27.3200,800
35329802316476,09:48:49.802,27.3200,300
35329803562369,09:48:49.803,27.3200,100
35330641603148,09:48:50.641,27.3200,400
35331530332950,09:48:51.530,27.3200,300
35333263802763,09:48:53.263,27.3200,100
35344596494385,09:49:04.596,27.3200,192
35348704828655,09:49:08.704,27.3100,100
35348704828655,09:49:08.704,27.3100,100
35348704828655,09:49:08.704,27.3100,100
35348704828655,09:49:08.704,27.3100,100
35348707487475,09:49:08.707,27.3100,100
35348707487475,09:49:08.707,27.3100,100
35348714192435,09:49:08.714,27.3100,100
35348714192435,09:49:08.714,27.3100,100
35348714192435,09:49:08.714,27.3100,100
35396101996967,09:49:56.101,27.3100,100
35396101996967,09:49:56.101,27.3100,100
35396101996967,09:49:56.101,27.3100,200
35396101996967,09:49:56.101,27.3100,200
35396101996967,09:49:56.101,27.3100,200
35396101996967,09:49:56.101,27.3100,600
35396102110536,09:49:56.102,27.3100,100
35396102595864,09:49:56.102,27.3100,100
35396102595864,09:49:56.102,27.3100,100
35396102595864,09:49:56.102,27.3100,10846
35411707284341,09:50:11.707,27.3200,100
35411707284341,09:50:11.707,27.3200,100
35411707284341,09:50:11.707,27.3200,2000
35411707284341,09:50:11.707,27.3200,200
35411774349985,09:50:11.774,27.3300,100
35411774349985,09:50:11.774,27.3300,100
35411774349985,09:50:11.774,27.3300,200
35411774349985,09:50:11.774,27.3300,100
35411824207281,09:50:11.824,27.3300,100
35419968055064,09:50:19.968,27.3400,100
35419968055064,09:50:19.968,27.3400,100
35424945646236,09:50:24.945,27.3500,100
35424945646236,09:50:24.945,27.3500,100
35424945646236,09:50:24.945,27.3500,200
35424945646236,09:50:24.945,27.3500,100
35424945646236,09:50:24.945,27.3500,100
35424945646236,09:50:24.945,27.3500,191
35424946463335,09:50:24.946,27.3500,363
35428520659615,09:50:28.520,27.3600,100
35428520684415,09:50:28.520,27.3600,100
35436452142931,09:50:36.452,27.3600,10
35436456448358,09:50:36.456,27.3600,100
35445629375427,09:50:45.629,27.3700,9
35465162613449,09:51:05.162,27.3700,12
35465163355932,09:51:05.163,27.3700,88
35492385798541,09:51:32.385,27.3800,183
35492385798541,09:51:32.385,27.3800,100
35497584368916,09:51:37.584,27.3900,100
35497584368916,09:51:37.584,27.3900,183
35497585031139,09:51:37.585,27.3900,100
35499700149392,09:51:39.700,27.3900,100
35499700149392,09:51:39.700,27.3900,185
35499700339675,09:51:39.700,27.3900,100
35500420659323,09:51:40.420,27.3800,400
35500420659323,09:51:40.420,27.3800,100
35500420659323,09:51:40.420,27.3800,100
35507038984177,09:51:47.038,27.3700,100
35507038984177,09:51:47.038,27.3700,186
35553333541221,09:52:33.333,27.3600,196
35553333541221,09:52:33.333,27.3600,186
35553333541221,09:52:33.333,27.3600,185
35553334474946,09:52:33.334,27.3500,200
35553334474946,09:52:33.334,27.3500,100
35553334474946,09:52:33.334,27.3500,100
35553348934172,09:52:33.348,27.3500,100
35554207939358,09:52:34.207,27.3500,100
35554207939358,09:52:34.207,27.3500,100
35584543148225,09:53:04.543,27.3400,3
35584543148225,09:53:04.543,27.3400,100
35584543148225,09:53:04.543,27.3400,100
35591025201144,09:53:11.025,27.3400,100
35592260475409,09:53:12.260,27.3400,100
35594081004152,09:53:14.081,27.3400,100
35601078724800,09:53:21.078,27.3400,100
35601078724800,09:53:21.078,27.3500,100
35601078724800,09:53:21.078,27.3500,100
35601078724800,09:53:21.078,27.3500,200
35601078724800,09:53:21.078,27.3500,100
35601078724800,09:53:21.078,27.3500,200
35607973201309,09:53:27.973,27.3600,100
35607973301351,09:53:27.973,27.3600,100
35620014752121,09:53:40.014,27.3500,100
35620014752121,09:53:40.014,27.3500,100
35631637755559,09:53:51.637,27.3400,50
35631637809904,09:53:51.637,27.3400,150
35631739820787,09:53:51.739,27.3500,100
35631739820787,09:53:51.739,27.3500,1500
35631739820787,09:53:51.739,27.3500,100
35631739853057,09:53:51.739,27.3500,67
35631743662259,09:53:51.743,27.3500,400
35631743662259,09:53:51.743,27.3500,200
35631743662259,09:53:51.743,27.3500,100
35631743662259,09:53:51.743,27.3500,100
35648482759605,09:54:08.482,27.3500,100
35648482759605,09:54:08.482,27.3500,70
35648482759605,09:54:08.482,27.3500,100
35648482759605,09:54:08.482,27.3500,67
35648483143080,09:54:08.483,27.3500,100
35656479190574,09:54:16.479,27.3600,100
35656479190574,09:54:16.479,27.3600,100
35656479190574,09:54:16.479,27.3600,100
35664187901039,09:54:24.187,27.3700,100
35686943994890,09:54:46.943,27.3900,100
35686944022833,09:54:46.944,27.3900,100
35686944022833,09:54:46.944,27.3900,79
35704540249342,09:55:04.540,27.4000,100
35704540249342,09:55:04.540,27.4000,100
35712763834180,09:55:12.763,27.4200,100
35712763834180,09:55:12.763,27.4200,200
35712763834180,09:55:12.763,27.4200,100
35712763834180,09:55:12.763,27.4200,100
35758629388599,09:55:58.629,27.4200,100
35768385173244,09:56:08.385,27.4300,200
35768385173244,09:56:08.385,27.4300,100
35768385173244,09:56:08.385,27.4300,185
35772949340548,09:56:12.949,27.4400,100
35787511392037,09:56:27.511,27.4300,100
35787511392037,09:56:27.511,27.4300,100
35819800108105,09:56:59.800,27.4500,10
35819800855016,09:56:59.800,27.4600,100
35819800855016,09:56:59.800,27.4600,100
35819802746529,09:56:59.802,27.4600,100
35819802746529,09:56:59.802,27.4600,100
35819802746529,09:56:59.802,27.4600,100
35819802746529,09:56:59.802,27.4600,200
35819802746529,09:56:59.802,27.4600,100
35819802746529,09:56:59.802,27.4600,100
35823543246806,09:57:03.543,27.4600,100
35823543246806,09:57:03.543,27.4600,100
35823543246806,09:57:03.543,27.4600,100
35823543246806,09:57:03.543,27.4600,100
35823543246806,09:57:03.543,27.4600,100
35823543246806,09:57:03.543,27.4600,100
35823543246806,09:57:03.543,27.4600,200
35823543246806,09:57:03.543,27.4600,183
35823543246806,09:57:03.543,27.4600,117
35823543379365,09:57:03.543,27.4600,100
35823543379365,09:57:03.543,27.4600,100
35823543379365,09:57:03.543,27.4600,100
35823543770082,09:57:03.543,27.4600,100
35840410916405,09:57:20.410,27.4700,24
35866764362170,09:57:46.764,27.4800,100
35866764362170,09:57:46.764,27.4800,29
35866764362170,09:57:46.764,27.4800,171
35866764827783,09:57:46.764,27.4800,11
35876713203434,09:57:56.713,27.4900,29
35876713203434,09:57:56.713,27.4900,38
35921737607875,09:58:41.737,27.4900,62
35921737607875,09:58:41.737,27.4900,13
35921740542865,09:58:41.740,27.4900,176
35921740542865,09:58:41.740,27.4900,29
35946963397919,09:59:06.963,27.4900,100
35946963397919,09:59:06.963,27.4900,190
35946963397919,09:59:06.963,27.4900,100
35946963397919,09:59:06.963,27.4900,100
35946964076422,09:59:06.964,27.4900,100
35946964076422,09:59:06.964,27.4900,100
35946964076422,09:59:06.964,27.4900,100
35946966107515,09:59:06.966,27.4800,100
35946966107515,09:59:06.966,27.4800,100
35946966107515,09:59:06.966,27.4800,200
35946966107515,09:59:06.966,27.4800,100
35963926994268,09:59:23.926,27.4800,100
35963926994268,09:59:23.926,27.4800,100
35963926994268,09:59:23.926,27.4800,100
35963926994268,09:59:23.926,27.4800,100
35963926994268,09:59:23.926,27.4800,100
35963926994268,09:59:23.926,27.4800,1500
35963926994268,09:59:23.926,27.4800,100
35963926994268,09:59:23.926,27.4800,7200
35963927153225,09:59:23.927,27.4800,457
35963928030078,09:59:23.928,27.4800,100
35963928750086,09:59:23.928,27.4800,100
35963928750086,09:59:23.928,27.4800,100
35963928750086,09:59:23.928,27.4800,228
35963928750086,09:59:23.928,27.4800,100
35963928750086,09:59:23.928,27.4800,100
35963928750086,09:59:23.928,27.4800,100
35963937210089,09:59:23.937,27.4800,200
35963937210089,09:59:23.937,27.4800,300
35963937210089,09:59:23.937,27.4800,1500
35963937210089,09:59:23.937,27.4800,11765
35963940331224,09:59:23.940,27.4800,300
35963947459085,09:59:23.947,27.4800,100
35963947459085,09:59:23.947,27.4800,100
35963947459085,09:59:23.947,27.4800,1500
35963947459085,09:59:23.947,27.4800,2600
35963950407518,09:59:23.950,27.4800,200
35963950407518,09:59:23.950,27.4800,100
35963950407518,09:59:23.950,27.4800,400
35963950407518,09:59:23.950,27.4800,100
35963950407518,09:59:23.950,27.4800,400
35963950407518,09:59:23.950,27.4800,100
35963950407518,09:59:23.950,27.4800,100
35963950407518,09:59:23.950,27.4800,100
35963957490600,09:59:23.957,27.4800,400
35963957490600,09:59:23.957,27.4800,100
35963957490600,09:59:23.957,27.4800,100
35963957490600,09:59:23.957,27.4800,230
35963957490600,09:59:23.957,27.4800,1270
35963958880818,09:59:23.958,27.4800,230
35963959049444,09:59:23.959,27.4800,300
35963959049444,09:59:23.959,27.4800,100
35963959794333,09:59:23.959,27.4800,100
35963959794333,09:59:23.959,27.4800,100
35963959794333,09:59:23.959,27.4800,100
35963959794333,09:59:23.959,27.4800,100
35963969673699,09:59:23.969,27.4800,85
35993377995214,09:59:53.377,27.4700,100
35993377995214,09:59:53.377,27.4700,100
35993377995214,09:59:53.377,27.4700,100
35993379708375,09:59:53.379,27.4600,100
36023130080816,10:00:23.130,27.4600,100
36023130080816,10:00:23.130,27.4600,1500
36023130080816,10:00:23.130,27.4600,200
36023130080816,10:00:23.130,27.4600,400
36023130180222,10:00:23.130,27.4600,100
36023130501739,10:00:23.130,27.4600,1500
36023130501739,10:00:23.130,27.4600,100
36023130527770,10:00:23.130,27.4600,1600
36023130708588,10:00:23.130,27.4600,126
36023130904116,10:00:23.130,27.4600,184
36023131348478,10:00:23.131,27.4600,1190
36023131348478,10:00:23.131,27.4600,310
36023131531541,10:00:23.131,27.4600,100
36023131607472,10:00:23.131,27.4600,100
36023131607472,10:00:23.131,27.4600,100
36023131607472,10:00:23.131,27.4600,100
36023131607472,10:00:23.131,27.4600,300
36023131607472,10:00:23.131,27.4600,1000
36023131607472,10:00:23.131,27.4600,100
36023131607472,10:00:23.131,27.4600,100
36023131607472,10:00:23.131,27.4600,100
36023131607472,10:00:23.131,27.4600,100
36023131607472,10:00:23.131,27.4600,100
36055039421289,10:00:55.039,27.4600,200
36055039520268,10:00:55.039,27.4600,100
36067013842602,10:01:07.013,27.4500,100
36067013842602,10:01:07.013,27.4500,100
36067013842602,10:01:07.013,27.4500,60
36067013842602,10:01:07.013,27.4500,40
36067013842602,10:01:07.013,27.4500,100
36067013842602,10:01:07.013,27.4500,100
36067013842602,10:01:07.013,27.4500,100
36067013842602,10:01:07.013,27.4500,500
36067014138403,10:01:07.014,27.4500,100
36067014170305,10:01:07.014,27.4500,200
36067014213810,10:01:07.014,27.4500,100
36067016489152,10:01:07.016,27.4500,100
36067016489152,10:01:07.016,27.4500,400
36067016489152,10:01:07.016,27.4500,200
36080241221241,10:01:20.241,27.4400,100
36080241221241,10:01:20.241,27.4400,83
36099340546681,10:01:39.340,27.4450,100
36103360161198,10:01:43.360,27.4400,17
36103360161198,10:01:43.360,27.4400,100
36103360161198,10:01:43.360,27.4400,100
36103360161198,10:01:43.360,27.4400,100
36103361779510,10:01:43.361,27.4300,100
36103361779510,10:01:43.361,27.4300,100
36112820091020,10:01:52.820,27.4200,100
36114507109203,10:01:54.507,27.4300,1500
36114507109203,10:01:54.507,27.4300,800
36114507109203,10:01:54.507,27.4300,100
36114507109203,10:01:54.507,27.4300,200
36114507109203,10:01:54.507,27.4300,100
36114507163448,10:01:54.507,27.4300,100
36114507648234,10:01:54.507,27.4300,100
36114507648234,10:01:54.507,27.4300,100
36114507648234,10:01:54.507,27.4300,1500
36114507648234,10:01:54.507,27.4300,100
36114507648234,10:01:54.507,27.4300,100
36114507656344,10:01:54.507,27.4300,297
36129804904556,10:02:09.804,27.4300,200
36129804904556,10:02:09.804,27.4300,1500
36129804904556,10:02:09.804,27.4300,1200
36129804968261,10:02:09.804,27.4300,100
36129805030130,10:02:09.805,27.4300,1500
36129805030130,10:02:09.805,27.4300,100
36129805054864,10:02:09.805,27.4300,10
36129805069035,10:02:09.805,27.4300,100
36129805071628,10:02:09.805,27.4300,200
36129805074545,10:02:09.805,27.4300,1600
36129805119849,10:02:09.805,27.4300,800
36129805146807,10:02:09.805,27.4300,200
36129805316581,10:02:09.805,27.4300,500
36129805316581,10:02:09.805,27.4300,15
36129805346570,10:02:09.805,27.4300,300
36129805351638,10:02:09.805,27.4300,100
36129805392078,10:02:09.805,27.4300,76
36129806706728,10:02:09.806,27.4400,100
36129880373673,10:02:09.880,27.4500,100
36129880373673,10:02:09.880,27.4500,100
36129880373673,10:02:09.880,27.4500,200
36129880373673,10:02:09.880,27.4500,100
36142631089454,10:02:22.631,27.4600,100
36151084391624,10:02:31.084,27.4600,100
36151084391624,10:02:31.084,27.4600,100
36166694371214,10:02:46.694,27.4500,100
36166694371214,10:02:46.694,27.4500,100
36166694371214,10:02:46.694,27.4500,184
36166696143968,10:02:46.696,27.4500,116
36166702350127,10:02:46.702,27.4500,100
36166702350127,10:02:46.702,27.4500,300
36166702350127,10:02:46.702,27.4500,2266
36166709254809,10:02:46.709,27.4500,34
36166710248236,10:02:46.710,27.4500,600
36166710248236,10:02:46.710,27.4500,1000
36166710248236,10:02:46.710,27.4500,100
36166710248236,10:02:46.710,27.4500,100
36166710248236,10:02:46.710,27.4500,700
36166710248236,10:02:46.710,27.4500,700
36166710248236,10:02:46.710,27.4500,100
36166710248236,10:02:46.710,27.4500,100
36166710539512,10:02:46.710,27.4500,8
36166720443632,10:02:46.720,27.4500,100
36166720443632,10:02:46.720,27.4500,100
36166720443632,10:02:46.720,27.4500,100
36166720443632,10:02:46.720,27.4500,100
36166720443632,10:02:46.720,27.4500,100
36166720443632,10:02:46.720,27.4500,100
36166720443632,10:02:46.720,27.4500,100
36166720443632,10:02:46.720,27.4500,100
36167745772221,10:02:47.745,27.4500,100
36167745772221,10:02:47.745,27.4500,300
36167745853954,10:02:47.745,27.4500,100
36167745853954,10:02:47.745,27.4500,300
36167745853954,10:02:47.745,27.4500,100
36167745853954,10:02:47.745,27.4500,100
36167746163697,10:02:47.746,27.4500,100
36167746163697,10:02:47.746,27.4500,300
36167746163697,10:02:47.746,27.4500,100
36167746163697,10:02:47.746,27.4500,100
36167747743241,10:02:47.747,27.4500,600
36167747743241,10:02:47.747,27.4500,100
36167747743241,10:02:47.747,27.4500,100
36167747743241,10:02:47.747,27.4500,100
36167747743241,10:02:47.747,27.4500,100
36167747743241,10:02:47.747,27.4500,340
36167747743241,10:02:47.747,27.4500,100
36175782032357,10:02:55.782,27.4550,100
36175782032357,10:02:55.782,27.4500,300
36175782032357,10:02:55.782,27.4500,100
36175782032357,10:02:55.782,27.4500,200
36175782032357,10:02:55.782,27.4500,100
36175782032357,10:02:55.782,27.4500,200
36175782047500,10:02:55.782,27.4500,20248
36175783387962,10:02:55.783,27.4500,100
36175783387962,10:02:55.783,27.4500,100
36175783387962,10:02:55.783,27.4500,100
36175783387962,10:02:55.783,27.4500,100
36175783387962,10:02:55.783,27.4500,100
36175783387962,10:02:55.783,27.4500,100
36175783387962,10:02:55.783,27.4500,100
36175783387962,10:02:55.783,27.4500,100
36175783387962,10:02:55.783,27.4500,100
36197159372336,10:03:17.159,27.4250,6
36197651814017,10:03:17.651,27.4250,6
36199086091478,10:03:19.086,27.4300,200
36199086091478,10:03:19.086,27.4300,100
36199086091478,10:03:19.086,27.4300,500
36199086091478,10:03:19.086,27.4300,200
36201217505828,10:03:21.217,27.4400,200
36201217505828,10:03:21.217,27.4400,100
36201217505828,10:03:21.217,27.4400,183
36201217505828,10:03:21.217,27.4400,100
36202117612433,10:03:22.117,27.4400,100
36202565707981,10:03:22.565,27.4500,100
36202565707981,10:03:22.565,27.4500,200
36202565707981,10:03:22.565,27.4500,100
36202565707981,10:03:22.565,27.4500,768
36203777855678,10:03:23.777,27.4500,732
36208316412102,10:03:28.316,27.4500,337
36208316412102,10:03:28.316,27.4500,63
36216878451351,10:03:36.878,27.4500,500
36216878479537,10:03:36.878,27.4500,600
36218220634816,10:03:38.220,27.4600,100
36228216291098,10:03:48.216,27.4600,520
36228216322509,10:03:48.216,27.4600,80
36228216322509,10:03:48.216,27.4600,76
36228216373282,10:03:48.216,27.4600,24
36228216373282,10:03:48.216,27.4600,400
36228216373282,10:03:48.216,27.4600,100
36230949774785,10:03:50.949,27.4600,100
36230949774785,10:03:50.949,27.4600,100
36230949774785,10:03:50.949,27.4600,100
36235147745815,10:03:55.147,27.4500,84
36235149726451,10:03:55.149,27.4500,16
36235149726451,10:03:55.149,27.4500,100
36235149726451,10:03:55.149,27.4500,100
36241542106780,10:04:01.542,27.4400,100
36241542106780,10:04:01.542,27.4400,100
36252708982062,10:04:12.708,27.4300,100
36252708982062,10:04:12.708,27.4300,100
36263754299762,10:04:23.754,27.4300,100
36263754299762,10:04:23.754,27.4300,100
36282525509996,10:04:42.525,27.4200,100
36282525509996,10:04:42.525,27.4200,100
36282525509996,10:04:42.525,27.4200,100
36291875117078,10:04:51.875,27.4200,100
36314991397101,10:05:14.991,27.4200,100
36314991397101,10:05:14.991,27.4200,100
36321013534046,10:05:21.013,27.4200,100
36321015940305,10:05:21.015,27.4100,100
36321015940305,10:05:21.015,27.4100,100
36361448690675,10:06:01.448,27.4200,200
36361448723291,10:06:01.448,27.4200,400
36361448723291,10:06:01.448,27.4200,100
36361448723291,10:06:01.448,27.4200,900
36361448723291,10:06:01.448,27.4200,200
36361448723291,10:06:01.448,27.4200,200
36361448723291,10:06:01.448,27.4200,169
36361449644937,10:06:01.449,27.4300,100
36370621943072,10:06:10.621,27.4400,100
36370621943072,10:06:10.621,27.4400,100
36370621943072,10:06:10.621,27.4400,100
36380795505643,10:06:20.795,27.4400,100
36403329117366,10:06:43.329,27.4300,100
36403329608142,10:06:43.329,27.4300,84
36403329641185,10:06:43.329,27.4300,16
36403329641185,10:06:43.329,27.4300,32
36403330242873,10:06:43.330,27.4300,68
36407999692322,10:06:47.999,27.4200,100
36433027051652,10:07:13.027,27.4200,100
36433027077334,10:07:13.027,27.4200,21
36433027558313,10:07:13.027,27.4200,179
36433027558313,10:07:13.027,27.4200,200
36437771965310,10:07:17.771,27.4300,9
36455535477438,10:07:35.535,27.4300,46
36540920111656,10:09:00.920,27.4400,100
36540920111656,10:09:00.920,27.4400,200
36540920111656,10:09:00.920,27.4400,100
36540920160435,10:09:00.920,27.4400,70
36540920218241,10:09:00.920,27.4400,100
36543702504919,10:09:03.702,27.4400,100
36543702723665,10:09:03.702,27.4400,67
36612418971756,10:10:12.418,27.4500,100
36612418971756,10:10:12.418,27.4500,100
36612418971756,10:10:12.418,27.4500,100
36612419756073,10:10:12.419,27.4500,100
36612419756073,10:10:12.419,27.4500,100
36612419756073,10:10:12.419,27.4500,100
36612419756073,10:10:12.419,27.4500,100
36612419756073,10:10:12.419,27.4500,100
36612419756073,10:10:12.419,27.4500,100
36612419756073,10:10:12.419,27.4500,100
36612419756073,10:10:12.419,27.4500,100
36612419756073,10:10:12.419,27.4500,100
36612923766339,10:10:12.923,27.4700,100
36620155734019,10:10:20.155,27.4800,200
36620155734019,10:10:20.155,27.4800,100
36649950525759,10:10:49.950,27.4800,3
36650863106860,10:10:50.863,27.4800,4
36658069880245,10:10:58.069,27.4800,188
36658069880245,10:10:58.069,27.4800,12
36659636985697,10:10:59.636,27.4800,300
36660586486727,10:11:00.586,27.4800,100
36665569336400,10:11:05.569,27.4700,300
36665569336400,10:11:05.569,27.4700,100
36665569336400,10:11:05.569,27.4700,200
36665569336400,10:11:05.569,27.4700,100
36665569336400,10:11:05.569,27.4700,100
36666107083114,10:11:06.107,27.4700,100
36666107083114,10:11:06.107,27.4700,200
36672719766597,10:11:12.719,27.4500,100
36673564909408,10:11:13.564,27.4400,16
36685768653192,10:11:25.768,27.4500,1500
36685768653192,10:11:25.768,27.4500,100
36685768653192,10:11:25.768,27.4500,188
36685768653192,10:11:25.768,27.4500,1912
36685768800691,10:11:25.768,27.4500,1500
36685769015931,10:11:25.769,27.4500,77
36685769041200,10:11:25.769,27.4500,21
36685769200893,10:11:25.769,27.4500,600
36685771041581,10:11:25.771,27.4500,100
36685771041581,10:11:25.771,27.4500,100
36685771041581,10:11:25.771,27.4500,100
36685771041581,10:11:25.771,27.4500,100
36685771041581,10:11:25.771,27.4500,200
36708694061657,10:11:48.694,27.4500,1500
36708694061657,10:11:48.694,27.4500,200
36708694061657,10:11:48.694,27.4500,1800
36708694882985,10:11:48.694,27.4500,1500
36708694882985,10:11:48.694,27.4500,200
36708702878632,10:11:48.702,27.4500,1500
36708702878632,10:11:48.702,27.4500,1680
36708708469426,10:11:48.708,27.4500,100
36708708469426,10:11:48.708,27.4500,100
36708708469426,10:11:48.708,27.4500,100
36708708469426,10:11:48.708,27.4500,100
36708708887012,10:11:48.708,27.4500,1000
36708722166411,10:11:48.722,27.4500,100
36708722166411,10:11:48.722,27.4500,100
36708722166411,10:11:48.722,27.4500,100
36708730482922,10:11:48.730,27.4500,200
36708730482922,10:11:48.730,27.4500,100
36708730482922,10:11:48.730,27.4500,800
36708731246133,10:11:48.731,27.4500,700
36708737696971,10:11:48.737,27.4500,21508
36708738303876,10:11:48.738,27.4500,300
36708738303876,10:11:48.738,27.4500,100
36708738303876,10:11:48.738,27.4500,200
36708738303876,10:11:48.738,27.4500,100
36708738398958,10:11:48.738,27.4500,100
36708738398958,10:11:48.738,27.4500,100
36709447538103,10:11:49.447,27.4600,100
36709447538103,10:11:49.447,27.4600,189
36709447538103,10:11:49.447,27.4600,100
36726220488574,10:12:06.220,27.4700,84
36729326386315,10:12:09.326,27.4700,100
36729328359169,10:12:09.328,27.4600,100
36729328359169,10:12:09.328,27.4600,100
36729328359169,10:12:09.328,27.4600,100
36729328359169,10:12:09.328,27.4600,100
36751670377426,10:12:31.670,27.4700,100
36751670415284,10:12:31.670,27.4700,100
36751670415284,10:12:31.670,27.4700,100
36751670449944,10:12:31.670,27.4700,86
36767462435729,10:12:47.462,27.4700,100
36779171614614,10:12:59.171,27.4700,100
36779171614614,10:12:59.171,27.4700,100
36779171614614,10:12:59.171,27.4700,100
36792527305025,10:13:12.527,27.4700,143
36792527305025,10:13:12.527,27.4700,100
36806247634317,10:13:26.247,27.4700,100
36806247634317,10:13:26.247,27.4700,182
36806247634317,10:13:26.247,27.4700,118
36806248162216,10:13:26.248,27.4700,15
36806248162216,10:13:26.248,27.4700,85
36806248217627,10:13:26.248,27.4700,15
36811135903742,10:13:31.135,27.4700,100
36811136033368,10:13:31.136,27.4700,100
36814349429283,10:13:34.349,27.4900,100
36814349429283,10:13:34.349,27.4900,200
36815526966874,10:13:35.526,27.4900,100
36833227190039,10:13:53.227,27.5000,100
36854346286024,10:14:14.346,27.5000,100
36854346318169,10:14:14.346,27.5000,35
36863377139492,10:14:23.377,27.5000,200
36864172880046,10:14:24.172,27.5100,100
36864172880046,10:14:24.172,27.5100,100
36875815552741,10:14:35.815,27.5100,100
36875815552741,10:14:35.815,27.5100,100
36875815552741,10:14:35.815,27.5100,100
36879378820189,10:14:39.378,27.5000,100
36879378820189,10:14:39.378,27.5100,100
36879378820189,10:14:39.378,27.5100,100
36879378820189,10:14:39.378,27.5100,100
36879378820189,10:14:39.378,27.5100,100
36879378820189,10:14:39.378,27.5100,306
36879378820189,10:14:39.378,27.5100,200
36879378820189,10:14:39.378,27.5100,200
36879378820189,10:14:39.378,27.5100,100
36879378820189,10:14:39.378,27.5100,100
36879378972585,10:14:39.378,27.5100,100
36879379064235,10:14:39.379,27.5100,200
36879402033948,10:14:39.402,27.5200,200
36879402033948,10:14:39.402,27.5200,100
36879402033948,10:14:39.402,27.5200,100
37013736372571,10:16:53.736,27.5000,1500
37013736372571,10:16:53.736,27.5000,100
37013736372571,10:16:53.736,27.5000,38
37013736372571,10:16:53.736,27.5000,100
37013736372571,10:16:53.736,27.5000,4762
37013736543314,10:16:53.736,27.5000,1500
37013736543314,10:16:53.736,27.5000,100
37013736805805,10:16:53.736,27.5000,158
37013736869511,10:16:53.736,27.5000,58
37013737598944,10:16:53.737,27.5000,100
37013737598944,10:16:53.737,27.5000,100
37013737598944,10:16:53.737,27.5000,100
37013737598944,10:16:53.737,27.5000,100
37013739778225,10:16:53.739,27.5000,200
37013739778225,10:16:53.739,27.5000,200
37013746677458,10:16:53.746,27.5000,500
37013746677458,10:16:53.746,27.5000,200
37013746677458,10:16:53.746,27.5000,100
37013746677458,10:16:53.746,27.5000,100
37013746677458,10:16:53.746,27.5000,100
37013746677458,10:16:53.746,27.5000,1500
37013746677458,10:16:53.746,27.5000,100
37013746677458,10:16:53.746,27.5000,2800
37013750258865,10:16:53.750,27.5000,1500
37013750258865,10:16:53.750,27.5000,1700
37013750435785,10:16:53.750,27.5000,700
37013750435785,10:16:53.750,27.5000,200
37013750435785,10:16:53.750,27.5000,100
37013750435785,10:16:53.750,27.5000,100
37013750435785,10:16:53.750,27.5000,100
37013750435785,10:16:53.750,27.5000,100
37013750435785,10:16:53.750,27.5000,200
37013750613960,10:16:53.750,27.5000,100
37013750613960,10:16:53.750,27.5000,100
37013750613960,10:16:53.750,27.5000,200
37013756815336,10:16:53.756,27.5000,400
37034407153703,10:17:14.407,27.4900,200
37058037402950,10:17:38.037,27.4900,100
37058037402950,10:17:38.037,27.4900,100
37058037402950,10:17:38.037,27.4900,5
37080626218958,10:18:00.626,27.4800,100
37080626593346,10:18:00.626,27.4800,81
37080626849917,10:18:00.626,27.4800,14
37080626849917,10:18:00.626,27.4800,100
37108493184632,10:18:28.493,27.4700,81
37125031377620,10:18:45.031,27.4900,54
37125031633387,10:18:45.031,27.4900,100
37125031633387,10:18:45.031,27.4900,100
37158677420541,10:19:18.677,27.4700,100
37158677451316,10:19:18.677,27.4700,200
37158677527626,10:19:18.677,27.4700,100
37158677993888,10:19:18.677,27.4700,172
37163798078599,10:19:23.798,27.4750,11
37177645383007,10:19:37.645,27.4800,15
37177645438681,10:19:37.645,27.4800,80
37179741595912,10:19:39.741,27.4900,12
37267181244808,10:21:07.181,27.4900,23
37267181370668,10:21:07.181,27.4900,44
37309816010488,10:21:49.816,27.5000,100
37330222105336,10:22:10.222,27.4900,100
37397669659508,10:23:17.669,27.4600,40
37402060249077,10:23:22.060,27.4600,40
37402072817907,10:23:22.072,27.4600,50
37402073862138,10:23:22.073,27.4600,5
37410544646929,10:23:30.544,27.4600,5
37413273659657,10:23:33.273,27.4600,157
37415831199387,10:23:35.831,27.4600,100
37438417502487,10:23:58.417,27.4550,4
37464052897718,10:24:24.052,27.4500,50
37464052897718,10:24:24.052,27.4500,50
37464052973659,10:24:24.052,27.4500,50
37467171185107,10:24:27.171,27.4400,200
37467171185107,10:24:27.171,27.4400,100
37467171185107,10:24:27.171,27.4400,100
37467171185107,10:24:27.171,27.4400,100
37467171185107,10:24:27.171,27.4400,100
37467171208239,10:24:27.171,27.4400,84
37467171208239,10:24:27.171,27.4400,116
37467172252371,10:24:27.172,27.4400,200
37467172252371,10:24:27.172,27.4400,16
37467172688036,10:24:27.172,27.4400,84
37467177454888,10:24:27.177,27.4400,200
37467177454888,10:24:27.177,27.4400,100
37486825048737,10:24:46.825,27.4300,40
37532619635337,10:25:32.619,27.4400,782
37532619635337,10:25:32.619,27.4400,100
37532619635337,10:25:32.619,27.4400,100
37532619635337,10:25:32.619,27.4400,200
37532619635337,10:25:32.619,27.4400,100
37532619635337,10:25:32.619,27.4400,4
37532619635337,10:25:32.619,27.4400,36
37549051081633,10:25:49.051,27.4500,100
37549052800567,10:25:49.052,27.4500,7
37569910896729,10:26:09.910,27.4500,183
37569910896729,10:26:09.910,27.4500,19
37569910896729,10:26:09.910,27.4500,100
37569911017284,10:26:09.911,27.4600,200
37569911017284,10:26:09.911,27.4600,100
37569911129551,10:26:09.911,27.4600,100
37569911634156,10:26:09.911,27.4600,100
37569911634156,10:26:09.911,27.4600,275
37569911699273,10:26:09.911,27.4600,17
37569911739863,10:26:09.911,27.4600,9
37569911828941,10:26:09.911,27.4600,49
37569911844069,10:26:09.911,27.4600,25
37569911844069,10:26:09.911,27.4600,110
37569911844069,10:26:09.911,27.4600,100
37569911844069,10:26:09.911,27.4600,100
37569911844069,10:26:09.911,27.4600,110
37569911844069,10:26:09.911,27.4600,100
37569912028319,10:26:09.912,27.4600,30
37569912094595,10:26:09.912,27.4600,51
37569912143850,10:26:09.912,27.4600,19
37569912143850,10:26:09.912,27.4600,200
37569912237560,10:26:09.912,27.4600,380
37569912237560,10:26:09.912,27.4600,200
37569913224289,10:26:09.913,27.4700,36
37569914088080,10:26:09.914,27.4700,48
37569914500557,10:26:09.914,27.4700,16
37569914500557,10:26:09.914,27.4700,84
37569914642216,10:26:09.914,27.4700,100
37569915774254,10:26:09.915,27.4700,116
37569916740545,10:26:09.916,27.4700,184
37569916740545,10:26:09.916,27.4700,200
37569916740545,10:26:09.916,27.4700,100
37569918854086,10:26:09.918,27.4700,400
37569918854086,10:26:09.918,27.4700,200
37569923026979,10:26:09.923,27.4700,400
37570061799984,10:26:10.061,27.4800,200
37570061799984,10:26:10.061,27.4800,100
37570061799984,10:26:10.061,27.4800,100
37570061799984,10:26:10.061,27.4800,200
37570062232966,10:26:10.062,27.4800,100
37570064563750,10:26:10.064,27.4900,200
37570064563750,10:26:10.064,27.4900,100
37570064563750,10:26:10.064,27.4900,100
37570064603842,10:26:10.064,27.4900,200
37571133835348,10:26:11.133,27.4900,100
37571133835348,10:26:11.133,27.4900,182
37571133835348,10:26:11.133,27.4900,192
37574708118359,10:26:14.708,27.5000,100
37574708118359,10:26:14.708,27.5000,200
37574708118359,10:26:14.708,27.5000,100
37574708118359,10:26:14.708,27.5000,100
37576428224881,10:26:16.428,27.5200,8
37576428927578,10:26:16.428,27.5200,92
37577094229836,10:26:17.094,27.5200,100
37577094229836,10:26:17.094,27.5200,200
37577094229836,10:26:17.094,27.5200,200
37577094229836,10:26:17.094,27.5200,182
37577094229836,10:26:17.094,27.5200,182
37579180124130,10:26:19.180,27.5200,200
37579180124130,10:26:19.180,27.5200,100
37579180124130,10:26:19.180,27.5200,100
37579180124130,10:26:19.180,27.5200,200
37582953911731,10:26:22.953,27.5200,100
37582953911731,10:26:22.953,27.5200,100
37594169938526,10:26:34.169,27.5100,30
37594169938526,10:26:34.169,27.5100,182
37594170386228,10:26:34.170,27.5100,100
37594390715298,10:26:34.390,27.5100,200
37594390715298,10:26:34.390,27.5100,100
37594390715298,10:26:34.390,27.5100,100
37594396070618,10:26:34.396,27.5100,300
37594396139133,10:26:34.396,27.5100,100
37594396586410,10:26:34.396,27.5100,300
37594396628070,10:26:34.396,27.5100,100
37594396655724,10:26:34.396,27.5100,100
37594396845771,10:26:34.396,27.5100,300
37594396845771,10:26:34.396,27.5100,100
37594396845771,10:26:34.396,27.5100,1000
37594397277975,10:26:34.397,27.5100,100
37594398032257,10:26:34.398,27.5100,100
37594398032257,10:26:34.398,27.5100,100
37594398419452,10:26:34.398,27.5100,100
37594398629734,10:26:34.398,27.5100,200
37594398753248,10:26:34.398,27.5100,200
37594401833806,10:26:34.401,27.5100,31
37594401833806,10:26:34.401,27.5100,100
37594401833806,10:26:34.401,27.5100,69
37594403938242,10:26:34.403,27.5100,31
37594406731742,10:26:34.406,27.5100,100
37597156487342,10:26:37.156,27.5100,400
37597156965827,10:26:37.156,27.5100,300
37597156965827,10:26:37.156,27.5100,100
37597169876261,10:26:37.169,27.5100,100
37597507125213,10:26:37.507,27.5100,100
37597507125213,10:26:37.507,27.5100,200
37597508638579,10:26:37.508,27.5100,400
37597509403679,10:26:37.509,27.5100,100
37597509446800,10:26:37.509,27.5100,100
37597509628419,10:26:37.509,27.5100,200
37597509628419,10:26:37.509,27.5100,300
37597509628419,10:26:37.509,27.5100,100
37597511424864,10:26:37.511,27.5100,100
37600156451506,10:26:40.156,27.5100,400
37600156451506,10:26:40.156,27.5100,100
37600156451506,10:26:40.156,27.5100,100
37603474256213,10:26:43.474,27.5200,200
37604404183335,10:26:44.404,27.5300,1200
37604404218532,10:26:44.404,27.5300,1823
37604417824532,10:26:44.417,27.5500,100
37604417824532,10:26:44.417,27.5500,100
37604417824532,10:26:44.417,27.5500,37
37604417824532,10:26:44.417,27.5500,100
37604417824532,10:26:44.417,27.5500,63
37604423186075,10:26:44.423,27.5500,100
37604425100444,10:26:44.425,27.5500,100
37623869725008,10:27:03.869,27.5500,200
37623869725008,10:27:03.869,27.5500,100
37623869725008,10:27:03.869,27.5500,200
37623869725008,10:27:03.869,27.5500,100
37626744898553,10:27:06.744,27.5400,100
37626746679692,10:27:06.746,27.5300,100
37626746679692,10:27:06.746,27.5300,200
37626746679692,10:27:06.746,27.5300,100
37626746679692,10:27:06.746,27.5300,100
37626746679692,10:27:06.746,27.5300,100
37626747388478,10:27:06.747,27.5300,100
37626747437592,10:27:06.747,27.5300,100
37649676759180,10:27:29.676,27.5200,100
37723195855614,10:28:43.195,27.5000,100
37723196308657,10:28:43.196,27.5000,22
37723196336629,10:28:43.196,27.5000,45
37723196336629,10:28:43.196,27.5000,100
37751583126367,10:29:11.583,27.4900,1
37753077321788,10:29:13.077,27.4800,10
37753077452651,10:29:13.077,27.4800,20
37753078381774,10:29:13.078,27.4800,5
37753078488893,10:29:13.078,27.4800,10
37754802407842,10:29:14.802,27.4700,67
37754802407842,10:29:14.802,27.4700,100
37754802407842,10:29:14.802,27.4700,100
37754802407842,10:29:14.802,27.4700,100
37754802407842,10:29:14.802,27.4700,100
37793859819719,10:29:53.859,27.4700,50
37800082991906,10:30:00.082,27.4800,100
37800082991906,10:30:00.082,27.4800,200
37800082991906,10:30:00.082,27.4800,200
37800083668116,10:30:00.083,27.4800,55
37800083713916,10:30:00.083,27.4800,45
37804506834170,10:30:04.506,27.5000,100
37804506834170,10:30:04.506,27.5000,100
37804506834170,10:30:04.506,27.5000,100
37813412492284,10:30:13.412,27.5000,186
37813422566067,10:30:13.422,27.5000,200
37813422566067,10:30:13.422,27.5000,600
37862046787754,10:31:02.046,27.5300,100
37862046787754,10:31:02.046,27.5300,200
37901529314143,10:31:41.529,27.5600,100
37901529314143,10:31:41.529,27.5600,100
37920567381923,10:32:00.567,27.5500,100
37920567984653,10:32:00.567,27.5500,100
37920567984653,10:32:00.567,27.5500,84
37920588205507,10:32:00.588,27.5500,16
37920588205507,10:32:00.588,27.5500,100
37920588205507,10:32:00.588,27.5500,84
37920612995082,10:32:00.612,27.5500,16
37940428802454,10:32:20.428,27.5400,15
37940428940769,10:32:20.428,27.5400,85
37940428940769,10:32:20.428,27.5400,71
37940428941973,10:32:20.428,27.5400,5
37940428981825,10:32:20.428,27.5400,100
37940428981825,10:32:20.428,27.5400,24
37940429107243,10:32:20.429,27.5400,31
37940429642701,10:32:20.429,27.5400,15
37940430230221,10:32:20.430,27.5400,54
37953125956877,10:32:33.125,27.5400,89
37980115741405,10:33:00.115,27.5500,100
37990917832632,10:33:10.917,27.5500,20
37999543310023,10:33:19.543,27.5500,80
38002859467089,10:33:22.859,27.5500,7
38013139970049,10:33:33.139,27.5600,182
38013139970049,10:33:33.139,27.5600,18
38014860871091,10:33:34.860,27.5500,400
38014860871091,10:33:34.860,27.5500,100
38014861160948,10:33:34.861,27.5500,100
38014861160948,10:33:34.861,27.5500,100
38014861160948,10:33:34.861,27.5500,100
38014861160948,10:33:34.861,27.5500,100
38014861381795,10:33:34.861,27.5500,100
38019529780195,10:33:39.529,27.5300,100
38019529821453,10:33:39.529,27.5300,26
38105380834569,10:35:05.380,27.5400,100
38105380834569,10:35:05.380,27.5400,100
38112709529697,10:35:12.709,27.5500,100
38112709529697,10:35:12.709,27.5500,100
38112709786629,10:35:12.709,27.5500,83
38116940672861,10:35:16.940,27.5600,62
38117695757913,10:35:17.695,27.5600,5
38123059560687,10:35:23.059,27.5600,100
38123059560687,10:35:23.059,27.5600,5
38132464192076,10:35:32.464,27.5600,86
38132464237195,10:35:32.464,27.5600,14
38153172425216,10:35:53.172,27.5500,57
38153172429105,10:35:53.172,27.5500,43
38153172429105,10:35:53.172,27.5500,100
38153173684945,10:35:53.173,27.5400,100
38153173684945,10:35:53.173,27.5400,200
38153173923633,10:35:53.173,27.5400,100
38153173923633,10:35:53.173,27.5400,100
38153173923633,10:35:53.173,27.5400,109
38153174184317,10:35:53.174,27.5400,15
38153174220560,10:35:53.174,27.5400,100
38153174426269,10:35:53.174,27.5400,100
38153174929091,10:35:53.174,27.5400,15
38153175063990,10:35:53.175,27.5400,15
38153175226670,10:35:53.175,27.5400,10
38153175358824,10:35:53.175,27.5400,5
38153175468966,10:35:53.175,27.5400,10
38153177202740,10:35:53.177,27.5400,100
38153177202740,10:35:53.177,27.5400,100
38153177202740,10:35:53.177,27.5400,60
38153177319510,10:35:53.177,27.5400,25
38153177608888,10:35:53.177,27.5400,5
38153178329697,10:35:53.178,27.5400,10
38161915808592,10:36:01.915,27.5300,300
38161915847208,10:36:01.915,27.5300,110
38161915897183,10:36:01.915,27.5300,58
38161915913958,10:36:01.915,27.5300,100
38171465795137,10:36:11.465,27.5300,266
38171465795137,10:36:11.465,27.5300,68
38171465795137,10:36:11.465,27.5300,100
38171465795137,10:36:11.465,27.5300,1
38171465795137,10:36:11.465,27.5300,165
38171465879453,10:36:11.465,27.5300,18
38172599544124,10:36:12.599,27.5300,100
38172599544124,10:36:12.599,27.5300,48
38172600130140,10:36:12.600,27.5300,52
38191369043620,10:36:31.369,27.5200,91
38212546568067,10:36:52.546,27.5200,100
38212546568067,10:36:52.546,27.5200,100
38212546568067,10:36:52.546,27.5200,100
38221350134868,10:37:01.350,27.5300,200
38221350134868,10:37:01.350,27.5300,100
38221350134868,10:37:01.350,27.5300,200
38221350134868,10:37:01.350,27.5300,100
38221350630183,10:37:01.350,27.5300,100
38221350630183,10:37:01.350,27.5300,100
38235311509002,10:37:15.311,27.5300,100
38235311509002,10:37:15.311,27.5300,100
38235311509002,10:37:15.311,27.5300,100
38235311509002,10:37:15.311,27.5300,800
38235311647592,10:37:15.311,27.5300,100
38235311647592,10:37:15.311,27.5300,100
38235385474347,10:37:15.385,27.5400,100
38235385474347,10:37:15.385,27.5400,100
38235385474347,10:37:15.385,27.5400,100
38235387730238,10:37:15.387,27.5500,400
38235387730238,10:37:15.387,27.5500,100
38235387730238,10:37:15.387,27.5500,100
38235387730238,10:37:15.387,27.5500,200
38235389187452,10:37:15.389,27.5500,100
38235389187452,10:37:15.389,27.5500,100
38235390937238,10:37:15.390,27.5500,42
38235391100733,10:37:15.391,27.5500,200
38235391100733,10:37:15.391,27.5500,100
38235391605247,10:37:15.391,27.5500,17
38235409756294,10:37:15.409,27.5500,100
38235409763503,10:37:15.409,27.5500,100
38235409767215,10:37:15.409,27.5500,10
38235409793782,10:37:15.409,27.5500,90
38235409793782,10:37:15.409,27.5500,10
38235409848875,10:37:15.409,27.5500,90
38253732121585,10:37:33.732,27.5500,82
38253732145051,10:37:33.732,27.5500,191
38255233523704,10:37:35.233,27.5500,100
38255233523704,10:37:35.233,27.5500,100
38255233523704,10:37:35.233,27.5500,100
38275246902810,10:37:55.246,27.5500,5
38276907192270,10:37:56.907,27.5500,5
38312956644015,10:38:32.956,27.5600,100
38312956720414,10:38:32.956,27.5600,100
38343794399877,10:39:03.794,27.5600,100
38350736623626,10:39:10.736,27.5700,100
38367326533730,10:39:27.326,27.5600,100
38375843417813,10:39:35.843,27.5700,5
38377555833160,10:39:37.555,27.5700,10
38377645581443,10:39:37.645,27.5700,10
38377646260767,10:39:37.646,27.5700,5
38390038172413,10:39:50.038,27.5800,100
38390038172413,10:39:50.038,27.5800,100
38390038172413,10:39:50.038,27.5800,100
38390038172413,10:39:50.038,27.5900,200
38390038172413,10:39:50.038,27.5900,100
38390038172413,10:39:50.038,27.5900,100
38396454063109,10:39:56.454,27.6000,100
38396454063109,10:39:56.454,27.6000,800
38396454063109,10:39:56.454,27.6000,182
38396454063109,10:39:56.454,27.6000,152
38396454063109,10:39:56.454,27.6000,30
38396454063109,10:39:56.454,27.6000,136
38396454596121,10:39:56.454,27.6000,100
38396464250088,10:39:56.464,27.6000,100
38396464250088,10:39:56.464,27.6000,100
38396464250088,10:39:56.464,27.6000,100
38396464250088,10:39:56.464,27.6000,126
38400047415713,10:40:00.047,27.5800,100
38410615744898,10:40:10.615,27.5800,7
38410616701695,10:40:10.616,27.5800,84
38410616739345,10:40:10.616,27.5800,109
38425966329330,10:40:25.966,27.6000,100
38425966329330,10:40:25.966,27.6000,100
38425975100937,10:40:25.975,27.6000,400
38425975100937,10:40:25.975,27.6000,100
38425975100937,10:40:25.975,27.6000,100
38425975100937,10:40:25.975,27.6000,913
38425975100937,10:40:25.975,27.6000,100
38425975100937,10:40:25.975,27.6000,100
38425975100937,10:40:25.975,27.6000,100
38435971179435,10:40:35.971,27.5900,100
38445971494634,10:40:45.971,27.5900,100
38447250180889,10:40:47.250,27.5900,100
38447250252305,10:40:47.250,27.5900,18
38456475481562,10:40:56.475,27.5900,82
38456475481562,10:40:56.475,27.6000,400
38456475481562,10:40:56.475,27.6000,100
38475423222597,10:41:15.423,27.6100,100
38475426114848,10:41:15.426,27.6100,2
38475430125961,10:41:15.430,27.6100,100
38498845663233,10:41:38.845,27.6100,157
38498845680625,10:41:38.845,27.6100,43
38498845680625,10:41:38.845,27.6100,100
38498845680625,10:41:38.845,27.6100,100
38498854635793,10:41:38.854,27.5900,100
38498855517325,10:41:38.855,27.5800,41
38498855604733,10:41:38.855,27.5800,115
38498872595085,10:41:38.872,27.5900,100
38498872595085,10:41:38.872,27.5900,100
38498872682755,10:41:38.872,27.5900,100
38498872682755,10:41:38.872,27.5900,100
38498872682755,10:41:38.872,27.5900,100
38498872682755,10:41:38.872,27.5900,12
38499111077283,10:41:39.111,27.5900,100
38499111110995,10:41:39.111,27.5900,200
38499111182546,10:41:39.111,27.5900,155
38522049310048,10:42:02.049,27.5900,300
38522049340328,10:42:02.049,27.5900,337
38522049366674,10:42:02.049,27.5900,545
38522049366674,10:42:02.049,27.5900,100
38522049366674,10:42:02.049,27.5900,100
38522053965100,10:42:02.053,27.6000,100
38522056851520,10:42:02.056,27.6000,100
38522076881949,10:42:02.076,27.6000,183
38531903283162,10:42:11.903,27.5900,206
38531903283162,10:42:11.903,27.5900,94
38531903612325,10:42:11.903,27.5900,88
38566381926748,10:42:46.381,27.5700,100
38566382849386,10:42:46.382,27.5700,100
38599743586891,10:43:19.743,27.5500,200
38626439971387,10:43:46.439,27.5500,200
38626439971387,10:43:46.439,27.5500,86
38626439971387,10:43:46.439,27.5500,90
38632150927044,10:43:52.150,27.5600,84
38632151364409,10:43:52.151,27.5600,16
38649163691180,10:44:09.163,27.5800,100
38649163691180,10:44:09.163,27.5800,182
38649164162987,10:44:09.164,27.5800,100
38649164310117,10:44:09.164,27.5800,100
38659700600141,10:44:19.700,27.5900,200
38674091516897,10:44:34.091,27.5900,100
38674926406032,10:44:34.926,27.5900,5
38686094397261,10:44:46.094,27.5900,177
38686094397261,10:44:46.094,27.5900,23
38686106784943,10:44:46.106,27.5900,77
38701852013811,10:45:01.852,27.5800,100
38705068683980,10:45:05.068,27.5800,100
38705068683980,10:45:05.068,27.5800,100
38705068683980,10:45:05.068,27.5800,100
38705068683980,10:45:05.068,27.5800,100
38705068683980,10:45:05.068,27.5800,100
38705069827975,10:45:05.069,27.5800,100
38705069827975,10:45:05.069,27.5800,100
38708955037625,10:45:08.955,27.5800,100
38713491811063,10:45:13.491,27.5800,5
38718761828027,10:45:18.761,27.5900,100
38718761828027,10:45:18.761,27.5900,100
38718761828027,10:45:18.761,27.5900,197
38718761828027,10:45:18.761,27.5900,182
38718761828027,10:45:18.761,27.6000,200
38718761828027,10:45:18.761,27.6000,100
38724742456325,10:45:24.742,27.6000,100
38724742646278,10:45:24.742,27.6000,84
38724742702843,10:45:24.742,27.6000,16
38734529809958,10:45:34.529,27.5900,5
38851123209931,10:47:31.123,27.5400,24
38910725266144,10:48:30.725,27.5500,200
38910725266144,10:48:30.725,27.5500,400
38910725266144,10:48:30.725,27.5500,189
38910725266144,10:48:30.725,27.5500,511
38910727761154,10:48:30.727,27.5600,100
38910737776607,10:48:30.737,27.5600,300
38910800457963,10:48:30.800,27.5700,200
38910800457963,10:48:30.800,27.5700,100
38910800457963,10:48:30.800,27.5700,100
38910800457963,10:48:30.800,27.5700,100
38910800457963,10:48:30.800,27.5700,200
38910800457963,10:48:30.800,27.5700,300
38910800457963,10:48:30.800,27.5800,100
38910802004925,10:48:30.802,27.5800,100
38910802004925,10:48:30.802,27.5800,100
38910802004925,10:48:30.802,27.5800,100
38910802004925,10:48:30.802,27.5800,200
38910803389792,10:48:30.803,27.5800,100
38910828674809,10:48:30.828,27.5800,200
38910828674809,10:48:30.828,27.5800,100
38910828674809,10:48:30.828,27.5800,300
38910828674809,10:48:30.828,27.5800,100
38910828674809,10:48:30.828,27.5800,100
38910843439357,10:48:30.843,27.5800,100
38910843439357,10:48:30.843,27.5800,100
38910843439357,10:48:30.843,27.5800,100
38910843439357,10:48:30.843,27.5800,100
38910876437627,10:48:30.876,27.5900,100
38910876437627,10:48:30.876,27.5900,72
38910876437627,10:48:30.876,27.5900,100
38910876437627,10:48:30.876,27.5900,100
38910876437627,10:48:30.876,27.5900,100
38910876437627,10:48:30.876,27.5900,200
38910876437627,10:48:30.876,27.5900,228
38910876543049,10:48:30.876,27.5900,72
38910877924336,10:48:30.877,27.6000,72
38910877924336,10:48:30.877,27.6000,100
38910877924336,10:48:30.877,27.6000,100
38910877924336,10:48:30.877,27.6000,100
38910877924336,10:48:30.877,27.6000,300
38910877924336,10:48:30.877,27.6000,200
38910899997407,10:48:30.899,27.6100,100
38910899997407,10:48:30.899,27.6100,72
38910899997407,10:48:30.899,27.6100,300
38910899997407,10:48:30.899,27.6100,100
38910899997407,10:48:30.899,27.6100,28
38930172943174,10:48:50.172,27.6000,100
38930172943174,10:48:50.172,27.6000,138
38930172989396,10:48:50.172,27.6000,62
38930175499489,10:48:50.175,27.5900,200
38930175499489,10:48:50.175,27.5900,100
38930175760647,10:48:50.175,27.5900,30
38930175819007,10:48:50.175,27.5900,70
38930175819007,10:48:50.175,27.5900,30
38930175828097,10:48:50.175,27.5900,70
39005159690915,10:50:05.159,27.5800,100
39005159717038,10:50:05.159,27.5800,100
39005159717038,10:50:05.159,27.5800,100
39012686240432,10:50:12.686,27.5700,100
39030698975127,10:50:30.698,27.5600,100
39030698975127,10:50:30.698,27.5600,100
39126402758700,10:52:06.402,27.5500,89
39126429859093,10:52:06.429,27.5500,100
39136137992185,10:52:16.137,27.5700,100
39136137992185,10:52:16.137,27.5700,200
39136140430847,10:52:16.140,27.5800,100
39136213393777,10:52:16.213,27.5900,100
39136213393777,10:52:16.213,27.5900,100
39136213393777,10:52:16.213,27.5900,100
39166146801027,10:52:46.146,27.5900,200
39166146801027,10:52:46.146,27.5900,100
39175780603264,10:52:55.780,27.5900,100
39260349890709,10:54:20.349,27.6000,200
39260349890709,10:54:20.349,27.6000,100
39272313266730,10:54:32.313,27.6000,100
39272313266730,10:54:32.313,27.6000,182
39294235582872,10:54:54.235,27.6000,30
39294235693374,10:54:54.235,27.6000,85
39308626941598,10:55:08.626,27.6100,200
39308627775746,10:55:08.627,27.6100,100
39308653448231,10:55:08.653,27.6100,100
39339335148148,10:55:39.335,27.6000,182
39433543082262,10:57:13.543,27.6000,100
39433543082262,10:57:13.543,27.6000,100
39433543082262,10:57:13.543,27.6000,100
39433543082262,10:57:13.543,27.6000,100
39433543082262,10:57:13.543,27.6100,200
39433543082262,10:57:13.543,27.6100,100
39434881422665,10:57:14.881,27.6100,100
39434881422665,10:57:14.881,27.6100,100
39436383499952,10:57:16.383,27.6100,300
39439440167749,10:57:19.440,27.6100,100
39443550383622,10:57:23.550,27.6100,100
39443551060083,10:57:23.551,27.6100,100
39443551221636,10:57:23.551,27.6100,82
39443551401157,10:57:23.551,27.6100,97
39459665102970,10:57:39.665,27.5900,200
39466533982559,10:57:46.533,27.5800,182
39473546599017,10:57:53.546,27.5700,100
39499458806838,10:58:19.458,27.5700,203
39499458806838,10:58:19.458,27.5700,45
39499458806838,10:58:19.458,27.5700,200
39519911888714,10:58:39.911,27.5800,100
39543805080648,10:59:03.805,27.5900,100
39609750663121,11:00:09.750,27.5900,300
39610273694882,11:00:10.273,27.5900,207
39651249780367,11:00:51.249,27.6200,200
39663584562888,11:01:03.584,27.6300,100
39701930906655,11:01:41.930,27.6200,100
39701930906655,11:01:41.930,27.6200,100
39701930933326,11:01:41.930,27.6200,90
39701930983539,11:01:41.930,27.6200,100
39701930983539,11:01:41.930,27.6200,84
39701931348182,11:01:41.931,27.6200,58
39789767799364,11:03:09.767,27.6100,100
39789767813680,11:03:09.767,27.6100,100
39789768225976,11:03:09.768,27.6100,100
39789792608800,11:03:09.792,27.6100,100
39812425252889,11:03:32.425,27.5900,100
39895529087928,11:04:55.529,27.6000,177
39900857784746,11:05:00.857,27.6100,200
39900858263461,11:05:00.858,27.6100,100
39900858307816,11:05:00.858,27.6100,100
40027151443838,11:07:07.151,27.6100,100
40027151648608,11:07:07.151,27.6100,100
40027152244897,11:07:07.152,27.6100,100
40027152244897,11:07:07.152,27.6100,100
40081853164654,11:08:01.853,27.6200,10
40081853164654,11:08:01.853,27.6200,100
40083259518693,11:08:03.259,27.6300,100
40086188330289,11:08:06.188,27.6200,100
40111328497265,11:08:31.328,27.6200,100
40111329116724,11:08:31.329,27.6200,100
40136261427194,11:08:56.261,27.6300,100
40136261427194,11:08:56.261,27.6300,300
40149825606830,11:09:09.825,27.6400,100
40149825606830,11:09:09.825,27.6400,100
40165777044792,11:09:25.777,27.6500,100
40165777044792,11:09:25.777,27.6500,200
40168727151155,11:09:28.727,27.6400,100
40168727839866,11:09:28.727,27.6400,91
40205381466379,11:10:05.381,27.6400,100
40205381466379,11:10:05.381,27.6400,169
40293735342831,11:11:33.735,27.6400,5
40294252135455,11:11:34.252,27.6400,100
40361076606735,11:12:41.076,27.6400,100
40361076606735,11:12:41.076,27.6400,100
40361233868718,11:12:41.233,27.6400,1
40361240327957,11:12:41.240,27.6400,99
40385214120512,11:13:05.214,27.6200,5
40385214145009,11:13:05.214,27.6200,180
40385214145009,11:13:05.214,27.6200,100
40385215774328,11:13:05.215,27.6200,5
40385215774328,11:13:05.215,27.6200,200
40385216845378,11:13:05.216,27.6200,100
40385216845378,11:13:05.216,27.6200,26
40385777997499,11:13:05.777,27.6200,38
40385778065983,11:13:05.778,27.6200,62
40385778065983,11:13:05.778,27.6200,100
40385778065983,11:13:05.778,27.6200,100
40394588823516,11:13:14.588,27.6100,100
40394588823516,11:13:14.588,27.6100,100
40394588823516,11:13:14.588,27.6100,200
40404394499400,11:13:24.394,27.6100,100
40451385111373,11:14:11.385,27.6100,100
40451385111373,11:14:11.385,27.6100,100
40451385111373,11:14:11.385,27.6100,100
40451385111373,11:14:11.385,27.6100,100
40451385499919,11:14:11.385,27.6100,84
40451386737640,11:14:11.386,27.6100,16
40451386737640,11:14:11.386,27.6100,100
40464515550899,11:14:24.515,27.6200,200
40464515550899,11:14:24.515,27.6200,147
40464515550899,11:14:24.515,27.6200,200
40464518162062,11:14:24.518,27.6200,100
40464518162062,11:14:24.518,27.6200,400
40464518162062,11:14:24.518,27.6200,100
40464518162062,11:14:24.518,27.6200,100
40464519590070,11:14:24.519,27.6200,61
40465873212031,11:14:25.873,27.6200,100
40469970712349,11:14:29.970,27.6200,100
40485238912495,11:14:45.238,27.6200,182
40492288906986,11:14:52.288,27.6300,100
40512284262958,11:15:12.284,27.6400,124
40512284308976,11:15:12.284,27.6400,76
40512641421590,11:15:12.641,27.6500,300
40547156292056,11:15:47.156,27.6400,100
40547162603537,11:15:47.162,27.6400,100
40625866627936,11:17:05.866,27.6500,700
40625866627936,11:17:05.866,27.6500,30
40625866627936,11:17:05.866,27.6500,100
40625866627936,11:17:05.866,27.6500,100
40625866627936,11:17:05.866,27.6500,200
40625866627936,11:17:05.866,27.6500,100
40626694746154,11:17:06.694,27.6600,400
40626694746154,11:17:06.694,27.6600,100
40635868405424,11:17:15.868,27.6550,100
40686292251208,11:18:06.292,27.6600,100
40686292251208,11:18:06.292,27.6600,168
40686292251208,11:18:06.292,27.6600,200
40696726928926,11:18:16.726,27.6600,100
40696727185814,11:18:16.727,27.6600,6
40782745218035,11:19:42.745,27.6600,183
40783768839514,11:19:43.768,27.6550,100
40783768839514,11:19:43.768,27.6600,300
40785586671597,11:19:45.586,27.6500,400
40785586671597,11:19:45.586,27.6500,100
40785586671597,11:19:45.586,27.6500,100
40785586671597,11:19:45.586,27.6500,100
40785586671597,11:19:45.586,27.6500,55
40785600564047,11:19:45.600,27.6500,100
40785600564047,11:19:45.600,27.6500,100
40786519664761,11:19:46.519,27.6500,100
40786519664761,11:19:46.519,27.6500,100
40786519664761,11:19:46.519,27.6500,100
40786519664761,11:19:46.519,27.6500,100
40792749128600,11:19:52.749,27.6400,100
40792749128600,11:19:52.749,27.6400,100
40802202992931,11:20:02.202,27.6300,100
40802203087326,11:20:02.203,27.6300,100
40828794729051,11:20:28.794,27.6200,100
40828794729051,11:20:28.794,27.6200,400
40828794729051,11:20:28.794,27.6200,100
40845167421274,11:20:45.167,27.6100,100
40845167421274,11:20:45.167,27.6100,84
40845167467996,11:20:45.167,27.6100,16
40845167480420,11:20:45.167,27.6100,16
40845167483574,11:20:45.167,27.6100,16
40845167514084,11:20:45.167,27.6100,68
40935020137717,11:22:15.020,27.6100,25
40935020207901,11:22:15.020,27.6100,40
40935020230121,11:22:15.020,27.6100,35
40935020230121,11:22:15.020,27.6100,100
40935020230121,11:22:15.020,27.6100,100
40936386170659,11:22:16.386,27.6100,100
40995590335685,11:23:15.590,27.6100,200
40995590335685,11:23:15.590,27.6100,100
41003634965641,11:23:23.634,27.6200,100
41036394527753,11:23:56.394,27.6200,200
41036394875245,11:23:56.394,27.6200,18
41042137404726,11:24:02.137,27.6100,100
41053837775827,11:24:13.837,27.6100,100
41058530868620,11:24:18.530,27.6100,100
41082434136858,11:24:42.434,27.6100,200
41082434136858,11:24:42.434,27.6100,100
41089358594841,11:24:49.358,27.6100,100
41112492197431,11:25:12.492,27.6100,100
41143248809962,11:25:43.248,27.6000,78
41143248945547,11:25:43.248,27.6000,122
41289805283330,11:28:09.805,27.5800,100
41289805283330,11:28:09.805,27.5800,20
41410657941957,11:30:10.657,27.5800,80
41410657941957,11:30:10.657,27.5800,200
41410657941957,11:30:10.657,27.5800,171
41410657941957,11:30:10.657,27.5800,100
41422822800928,11:30:22.822,27.6000,200
41430660807352,11:30:30.660,27.6000,100
41446810534120,11:30:46.810,27.6000,100
41447581616503,11:30:47.581,27.6000,100
41464963069892,11:31:04.963,27.5900,191
41466816256601,11:31:06.816,27.5900,200
41589090452360,11:33:09.090,27.5800,100
41596390673911,11:33:16.390,27.5700,100
41596391222942,11:33:16.391,27.5750,193
41596391263844,11:33:16.391,27.5750,7
41604735822864,11:33:24.735,27.5700,51
41750389084431,11:35:50.389,27.5500,100
41750389084431,11:35:50.389,27.5500,100
41750389084431,11:35:50.389,27.5500,100
41750389084431,11:35:50.389,27.5500,182
41750389084431,11:35:50.389,27.5500,98
41750389113880,11:35:50.389,27.5500,84
41793387584555,11:36:33.387,27.5400,182
41793387584555,11:36:33.387,27.5400,105
41793387584555,11:36:33.387,27.5400,182
41793387584555,11:36:33.387,27.5400,31
41793387613043,11:36:33.387,27.5400,69
41793392592005,11:36:33.392,27.5200,5
41795992765216,11:36:35.992,27.5300,200
41795992765216,11:36:35.992,27.5300,100
41795992765216,11:36:35.992,27.5300,100
41795992765216,11:36:35.992,27.5300,200
41795992765216,11:36:35.992,27.5300,300
41795992765216,11:36:35.992,27.5300,100
41795993627117,11:36:35.993,27.5300,100
41857917535940,11:37:37.917,27.5300,53
41883028910928,11:38:03.028,27.5400,100
41883029355710,11:38:03.029,27.5400,100
41883029355710,11:38:03.029,27.5400,175
41883029378566,11:38:03.029,27.5400,25
41883029378566,11:38:03.029,27.5400,100
41903168524023,11:38:23.168,27.5400,100
41903168524023,11:38:23.168,27.5400,100
41903168524023,11:38:23.168,27.5400,100
41903168524023,11:38:23.168,27.5400,1900
41903168558240,11:38:23.168,27.5400,800
41903168558240,11:38:23.168,27.5400,100
41903169378251,11:38:23.169,27.5400,84
41903169414315,11:38:23.169,27.5400,16
41903169414315,11:38:23.169,27.5400,100
41903169414315,11:38:23.169,27.5400,84
41903169416503,11:38:23.169,27.5400,2
41903169797571,11:38:23.169,27.5400,100
41904181091718,11:38:24.181,27.5400,100
41962933492471,11:39:22.933,27.5400,100
41962933492471,11:39:22.933,27.5400,100
41979898725624,11:39:39.898,27.5400,100
42020343756727,11:40:20.343,27.5400,200
42022384042343,11:40:22.384,27.5500,100
42058373910265,11:40:58.373,27.5450,5
42090037255488,11:41:30.037,27.5450,5
42111317366686,11:41:51.317,27.5450,44
42113330195871,11:41:53.330,27.5500,95
42113330195871,11:41:53.330,27.5500,98
42113330195871,11:41:53.330,27.5500,100
42113330195871,11:41:53.330,27.5500,51
42113330195871,11:41:53.330,27.5500,100
42196896182640,11:43:16.896,27.5600,100
42196896182640,11:43:16.896,27.5600,100
42196896182640,11:43:16.896,27.5600,100
42263388935332,11:44:23.388,27.5800,200
42270374929151,11:44:30.374,27.5800,100
42283979728667,11:44:43.979,27.5800,100
42301686007056,11:45:01.686,27.5750,300
42341846422755,11:45:41.846,27.5800,200
42341846422755,11:45:41.846,27.5800,100
42341846422755,11:45:41.846,27.5800,100
42341846422755,11:45:41.846,27.5800,100
42341866491796,11:45:41.866,27.5900,48
42341869237908,11:45:41.869,27.5900,52
42341869237908,11:45:41.869,27.5900,100
42341869237908,11:45:41.869,27.5900,100
42341869237908,11:45:41.869,27.5900,200
42361211094559,11:46:01.211,27.6000,500
42361211094559,11:46:01.211,27.6000,2832
42361211121552,11:46:01.211,27.6000,168
42361213285107,11:46:01.213,27.6100,200
42361213405161,11:46:01.213,27.6100,49
42361229202331,11:46:01.229,27.6100,151
42361229202331,11:46:01.229,27.6100,100
42361229202331,11:46:01.229,27.6100,249
42361229656675,11:46:01.229,27.6100,100
42361230998320,11:46:01.230,27.6100,100
42361233743966,11:46:01.233,27.6100,5
42361839936206,11:46:01.839,27.6100,100
42361840463583,11:46:01.840,27.6100,100
42361840522430,11:46:01.840,27.6100,100
42371839704865,11:46:11.839,27.6100,100
42474381072366,11:47:54.381,27.6100,100
42474381072366,11:47:54.381,27.6100,182
42611550729890,11:50:11.550,27.6000,182
42613372640774,11:50:13.372,27.5900,100
42614381849296,11:50:14.381,27.5900,100
42625635005218,11:50:25.635,27.5900,100
42638383149996,11:50:38.383,27.5900,100
42641675131707,11:50:41.675,27.5900,100
42694382156173,11:51:34.382,27.5800,182
42732569264376,11:52:12.569,27.5700,5
42795695115612,11:53:15.695,27.5800,100
42795695115612,11:53:15.695,27.5800,100
42795695115612,11:53:15.695,27.5800,100
42795695228622,11:53:15.695,27.5800,100
42795695348466,11:53:15.695,27.5800,40
42795695374669,11:53:15.695,27.5800,60
42795695374669,11:53:15.695,27.5800,13
42928959600822,11:55:28.959,27.5800,200
42942424225799,11:55:42.424,27.5800,10
42942424802909,11:55:42.424,27.5800,26
42976112110371,11:56:16.112,27.5800,132
43077086185402,11:57:57.086,27.5800,100
43238677014037,12:00:38.677,27.5750,300
43280151209221,12:01:20.151,27.5700,182
43280151209221,12:01:20.151,27.5700,182
43299510247993,12:01:39.510,27.5500,100
43332679715482,12:02:12.679,27.5500,94
43356657117938,12:02:36.657,27.5500,6
43356657117938,12:02:36.657,27.5500,64
43356657383228,12:02:36.657,27.5500,36
43356657383228,12:02:36.657,27.5500,200
43356657383228,12:02:36.657,27.5500,100
43356657383228,12:02:36.657,27.5500,100
43466997311022,12:04:26.997,27.5500,27
43466997311022,12:04:26.997,27.5500,200
43466997311022,12:04:26.997,27.5500,219
43511473952368,12:05:11.473,27.5500,100
43511473952368,12:05:11.473,27.5500,44
43511486714929,12:05:11.486,27.5500,155
43511486725551,12:05:11.486,27.5500,1
43511486725551,12:05:11.486,27.5500,100
43548610715824,12:05:48.610,27.5400,100
43622972189349,12:07:02.972,27.5400,100
43622972189349,12:07:02.972,27.5400,200
43629387470240,12:07:09.387,27.5400,100
43638797195281,12:07:18.797,27.5300,100
43646657721215,12:07:26.657,27.5400,100
43654300429874,12:07:34.300,27.5400,100
43656821910592,12:07:36.821,27.5300,100
43656821910592,12:07:36.821,27.5300,96
43656821910592,12:07:36.821,27.5300,200
43656821910592,12:07:36.821,27.5300,100
43656821910592,12:07:36.821,27.5300,196
43656821910592,12:07:36.821,27.5300,100
43671230391489,12:07:51.230,27.5400,100
43671230391489,12:07:51.230,27.5400,100
43672826474176,12:07:52.826,27.5400,17
43675106720915,12:07:55.106,27.5400,100
43685996071376,12:08:05.996,27.5400,100
43685998689906,12:08:05.998,27.5400,100
43690318356950,12:08:10.318,27.5400,300
43698541911966,12:08:18.541,27.5300,187
43705473874929,12:08:25.473,27.5300,100
43707203702345,12:08:27.203,27.5300,100
43718508307440,12:08:38.508,27.5200,100
43718508307440,12:08:38.508,27.5200,100
43718508307440,12:08:38.508,27.5200,182
43718508307440,12:08:38.508,27.5200,118
43723953585688,12:08:43.953,27.5200,100
43725370839374,12:08:45.370,27.5200,100
43733083194149,12:08:53.083,27.5100,100
43733475588154,12:08:53.475,27.5100,100
43733674817925,12:08:53.674,27.5100,100
43737046796928,12:08:57.046,27.5100,100
43745761152433,12:09:05.761,27.5100,100
43745761152433,12:09:05.761,27.5100,87
43745761161377,12:09:05.761,27.5100,13
43773175614422,12:09:33.175,27.5200,100
43773175614422,12:09:33.175,27.5200,100
43773175641436,12:09:33.175,27.5200,100
43773175641436,12:09:33.175,27.5200,196
43820890858125,12:10:20.890,27.5300,200
43820890858125,12:10:20.890,27.5300,12
43857247100124,12:10:57.247,27.5300,100
43857358865710,12:10:57.358,27.5300,100
43889822819765,12:11:29.822,27.5400,5
43889824601984,12:11:29.824,27.5400,95
43924397100843,12:12:04.397,27.5600,100
43938869026441,12:12:18.869,27.5600,100
43938870386563,12:12:18.870,27.5600,100
43938870386563,12:12:18.870,27.5600,100
43938870386563,12:12:18.870,27.5600,100
43938875032146,12:12:18.875,27.5600,100
43938954695045,12:12:18.954,27.5600,76
43938989774808,12:12:18.989,27.5600,200
43938991799982,12:12:18.991,27.5600,100
43938991799982,12:12:18.991,27.5600,100
43950014478679,12:12:30.014,27.5500,2
43950157895772,12:12:30.157,27.5500,12
43950157974092,12:12:30.157,27.5500,8
43950158242941,12:12:30.158,27.5500,5
43950158484263,12:12:30.158,27.5500,4
43954499747729,12:12:34.499,27.5500,146
43957340106121,12:12:37.340,27.5500,100
43988931789919,12:13:08.931,27.5600,100
43988931789919,12:13:08.931,27.5600,100
43989233459987,12:13:09.233,27.5600,100
43991795785064,12:13:11.795,27.5700,200
43991795785064,12:13:11.795,27.5700,100
43991795785064,12:13:11.795,27.5700,100
43991795785064,12:13:11.795,27.5700,100
43992011220067,12:13:12.011,27.5800,200
43992011220067,12:13:12.011,27.5800,100
43992011220067,12:13:12.011,27.5800,100
43992011220067,12:13:12.011,27.5800,100
43992011220067,12:13:12.011,27.5800,400
43995547165055,12:13:15.547,27.5800,100
43995547165055,12:13:15.547,27.5800,100
44089276415688,12:14:49.276,27.5600,200
44089276415688,12:14:49.276,27.5600,100
44089276415688,12:14:49.276,27.5600,100
44089276415688,12:14:49.276,27.5600,200
44089276415688,12:14:49.276,27.5600,1000
44089279626675,12:14:49.279,27.5600,100
44089325576917,12:14:49.325,27.5600,100
44089325576917,12:14:49.325,27.5600,100
44089389760088,12:14:49.389,27.5700,200
44089389760088,12:14:49.389,27.5700,100
44089389760088,12:14:49.389,27.5700,200
44089389760088,12:14:49.389,27.5700,100
44089389760088,12:14:49.389,27.5700,100
44089389760088,12:14:49.389,27.5700,1000
44089445911888,12:14:49.445,27.5700,100
44089445911888,12:14:49.445,27.5700,100
44089445911888,12:14:49.445,27.5700,100
44089445911888,12:14:49.445,27.5700,200
44089490233325,12:14:49.490,27.5700,100
44089490233325,12:14:49.490,27.5700,100
44089490233325,12:14:49.490,27.5700,100
44089490233325,12:14:49.490,27.5700,100
44089534596529,12:14:49.534,27.5700,100
44089534596529,12:14:49.534,27.5700,100
44089534596529,12:14:49.534,27.5700,100
44089534596529,12:14:49.534,27.5700,700
44089714850837,12:14:49.714,27.5700,84
44146617110517,12:15:46.617,27.5700,836
44304233104220,12:18:24.233,27.5500,100
44450382614614,12:20:50.382,27.5400,100
44493644901990,12:21:33.644,27.5400,200
44493644901990,12:21:33.644,27.5400,100
44493644901990,12:21:33.644,27.5400,136
44493644935074,12:21:33.644,27.5400,61
44534937961830,12:22:14.937,27.5500,100
44534937961830,12:22:14.937,27.5500,100
44534938159676,12:22:14.938,27.5500,100
44534938159676,12:22:14.938,27.5500,100
44677005264639,12:24:37.005,27.5300,70
44723409717788,12:25:23.409,27.5300,130
44723409717788,12:25:23.409,27.5300,200
44723409717788,12:25:23.409,27.5300,100
44897331535897,12:28:17.331,27.5200,100
45070508817377,12:31:10.508,27.5100,26
45074196841284,12:31:14.196,27.5100,100
45074196841284,12:31:14.196,27.5100,5
45074196841284,12:31:14.196,27.5100,95
45074197031266,12:31:14.197,27.5100,100
45074197056123,12:31:14.197,27.5100,12
45074197056123,12:31:14.197,27.5100,182
45121578922606,12:32:01.578,27.5100,200
45121578922606,12:32:01.578,27.5100,100
45121578954270,12:32:01.578,27.5100,100
45144483926791,12:32:24.483,27.5100,13
45221301006646,12:33:41.301,27.5000,435
45221301006646,12:33:41.301,27.5000,18
45224116742544,12:33:44.116,27.4900,100
45224116742544,12:33:44.116,27.4900,200
45224116742544,12:33:44.116,27.4900,100
45224116742544,12:33:44.116,27.4900,100
45224116742544,12:33:44.116,27.4900,100
45224116742544,12:33:44.116,27.4900,200
45224116742544,12:33:44.116,27.4900,100
45224116742544,12:33:44.116,27.4900,100
45224384203696,12:33:44.384,27.5000,100
45224384203696,12:33:44.384,27.5000,100
45231374202099,12:33:51.374,27.5000,100
45297269449184,12:34:57.269,27.5000,66
45297269474020,12:34:57.269,27.5000,110
45329380985741,12:35:29.380,27.5100,100
45354469720330,12:35:54.469,27.5000,100
45375189942877,12:36:15.189,27.4900,44
45381429035990,12:36:21.429,27.4850,300
45420641134028,12:37:00.641,27.4900,100
45420641134028,12:37:00.641,27.4900,100
45420641232011,12:37:00.641,27.4900,100
45492081092502,12:38:12.081,27.5000,100
45492081092502,12:38:12.081,27.5000,163
45492081092502,12:38:12.081,27.5000,100
45492081092502,12:38:12.081,27.5100,400
45492081092502,12:38:12.081,27.5100,100
45492081092502,12:38:12.081,27.5100,200
45492081092502,12:38:12.081,27.5100,100
45492081823252,12:38:12.081,27.5100,100
45492090093958,12:38:12.090,27.5200,200
45492090093958,12:38:12.090,27.5200,90
45492090093958,12:38:12.090,27.5200,200
45492090093958,12:38:12.090,27.5200,100
45492279462403,12:38:12.279,27.5200,100
45506381705744,12:38:26.381,27.5200,100
45506381705744,12:38:26.381,27.5200,200
45527568076842,12:38:47.568,27.5200,200
45527568260997,12:38:47.568,27.5200,200
45557972152804,12:39:17.972,27.5100,34
45557972883992,12:39:17.972,27.5100,22
45557973498542,12:39:17.973,27.5100,15
45557973764254,12:39:17.973,27.5100,10
45557973919073,12:39:17.973,27.5100,7
45557974015923,12:39:17.974,27.5100,4
45557974079257,12:39:17.974,27.5100,3
45557974145516,12:39:17.974,27.5100,2
45557974215572,12:39:17.974,27.5100,1
45557974301792,12:39:17.974,27.5100,1
45557974369758,12:39:17.974,27.5100,1
45567559498787,12:39:27.559,27.5100,100
45569210153951,12:39:29.210,27.5200,100
45569210153951,12:39:29.210,27.5200,100
45569210153951,12:39:29.210,27.5200,100
45569210153951,12:39:29.210,27.5200,1000
45570463879294,12:39:30.463,27.5200,100
45570463879294,12:39:30.463,27.5200,500
45570463879294,12:39:30.463,27.5200,100
45570463879294,12:39:30.463,27.5200,100
45570463879294,12:39:30.463,27.5200,100
45570463879294,12:39:30.463,27.5300,200
45570463879294,12:39:30.463,27.5300,200
45570463879294,12:39:30.463,27.5300,100
45570463879294,12:39:30.463,27.5300,100
45570463879294,12:39:30.463,27.5300,100
45570480253674,12:39:30.480,27.5400,100
45570480253674,12:39:30.480,27.5400,200
45570480253674,12:39:30.480,27.5400,100
45570480253674,12:39:30.480,27.5400,100
45570480253674,12:39:30.480,27.5400,100
45580733998843,12:39:40.733,27.5400,100
45581625940520,12:39:41.625,27.5400,100
45581625940520,12:39:41.625,27.5400,100
45587568180852,12:39:47.568,27.5500,100
45590857883154,12:39:50.857,27.5500,58
45631730365216,12:40:31.730,27.5400,100
45631730365216,12:40:31.730,27.5400,400
45631730365216,12:40:31.730,27.5400,100
45631730365216,12:40:31.730,27.5400,200
45631730365216,12:40:31.730,27.5400,100
45631730365216,12:40:31.730,27.5400,100
45631732037796,12:40:31.732,27.5500,200
45631732037796,12:40:31.732,27.5500,100
45642052626119,12:40:42.052,27.5500,200
45642052626119,12:40:42.052,27.5500,200
45652301313761,12:40:52.301,27.5500,200
45667108663066,12:41:07.108,27.5600,200
45693465719259,12:41:33.465,27.5600,100
45721037748263,12:42:01.037,27.5500,100
45721037748263,12:42:01.037,27.5500,100
45721037748263,12:42:01.037,27.5500,100
45721124889759,12:42:01.124,27.5500,100
45824886713612,12:43:44.886,27.5500,1400
45840556583415,12:44:00.556,27.5500,5
45843964810285,12:44:03.964,27.5500,95
45843968582627,12:44:03.968,27.5500,100
45903633730534,12:45:03.633,27.5600,100
45903633730534,12:45:03.633,27.5600,100
45903633730534,12:45:03.633,27.5600,184
45903633761827,12:45:03.633,27.5600,16
45903635913466,12:45:03.635,27.5700,100
45928674694915,12:45:28.674,27.5800,31
45928674694915,12:45:28.674,27.5800,100
46066609544352,12:47:46.609,27.5500,167
46066609615275,12:47:46.609,27.5500,33
46066610103897,12:47:46.610,27.5500,46
46068850053622,12:47:48.850,27.5550,400
46095827225358,12:48:15.827,27.5600,200
46095827225358,12:48:15.827,27.5600,100
46095827225358,12:48:15.827,27.5600,100
46112703949783,12:48:32.703,27.5700,100
46138121951163,12:48:58.121,27.5700,100
46138121951163,12:48:58.121,27.5700,100
46138122101994,12:48:58.122,27.5700,100
46138122111502,12:48:58.122,27.5700,500
46138122794711,12:48:58.122,27.5800,100
46138122925852,12:48:58.122,27.5800,100
46138122925852,12:48:58.122,27.5800,100
46138123392340,12:48:58.123,27.5900,100
46138123392340,12:48:58.123,27.5900,100
46138123392340,12:48:58.123,27.5900,100
46138123392340,12:48:58.123,27.5900,100
46138123392340,12:48:58.123,27.5900,100
46138123392340,12:48:58.123,27.5900,100
46138123392340,12:48:58.123,27.5900,300
46138123392340,12:48:58.123,27.6000,100
46138123392340,12:48:58.123,27.6000,100
46138123392340,12:48:58.123,27.6000,100
46138123392340,12:48:58.123,27.6000,100
46138123392340,12:48:58.123,27.6000,100
46138123392340,12:48:58.123,27.6000,50
46139637906347,12:48:59.637,27.6000,100
46140001042659,12:49:00.001,27.6000,100
46150384076739,12:49:10.384,27.6000,200
46150384076739,12:49:10.384,27.6000,154
46150384076739,12:49:10.384,27.6000,100
46153182974758,12:49:13.182,27.6000,100
46173525081638,12:49:33.525,27.6000,10
46198266305435,12:49:58.266,27.6100,100
46198266307511,12:49:58.266,27.6100,184
46198266695683,12:49:58.266,27.6100,16
46201397846523,12:50:01.397,27.6100,78
46210881205950,12:50:10.881,27.6100,100
46210881205950,12:50:10.881,27.6100,100
46210881205950,12:50:10.881,27.6100,200
46210881205950,12:50:10.881,27.6100,100
46210881542059,12:50:10.881,27.6100,100
46210881542059,12:50:10.881,27.6100,100
46210881542059,12:50:10.881,27.6100,100
46210881542059,12:50:10.881,27.6100,100
46210881542059,12:50:10.881,27.6100,300
46210881542059,12:50:10.881,27.6100,100
46210881542059,12:50:10.881,27.6100,100
46210985535336,12:50:10.985,27.6100,200
46211480586805,12:50:11.480,27.6200,100
46211480631790,12:50:11.480,27.6200,100
46211482681434,12:50:11.482,27.6200,200
46211574419053,12:50:11.574,27.6200,100
46211574419053,12:50:11.574,27.6200,100
46229707629459,12:50:29.707,27.6300,100
46238279114053,12:50:38.279,27.6400,100
46244169984742,12:50:44.169,27.6400,100
46342834076243,12:52:22.834,27.6500,100
46344898168191,12:52:24.898,27.6600,100
46344898168191,12:52:24.898,27.6600,100
46347517314213,12:52:27.517,27.6600,100
46362791706985,12:52:42.791,27.6700,50
46362791706985,12:52:42.791,27.6700,50
46498543299615,12:54:58.543,27.6600,100
46498543727670,12:54:58.543,27.6600,200
46498543727670,12:54:58.543,27.6600,100
46498543845807,12:54:58.543,27.6600,100
46498549801979,12:54:58.549,27.6600,100
46498555304775,12:54:58.555,27.6600,95
46498555304775,12:54:58.555,27.6600,25
46498555304775,12:54:58.555,27.6600,100
46498558711807,12:54:58.558,27.6700,100
46498559077547,12:54:58.559,27.6700,14
46498559077547,12:54:58.559,27.6700,86
46499943813465,12:54:59.943,27.6800,14
46499943813465,12:54:59.943,27.6800,86
46501370287175,12:55:01.370,27.6800,100
46501422310157,12:55:01.422,27.6800,100
46534999413354,12:55:34.999,27.6800,75
46534999596936,12:55:34.999,27.6800,125
46535000136900,12:55:35.000,27.6800,100
46535000136900,12:55:35.000,27.6800,100
46535483263828,12:55:35.483,27.6800,100
46535498267025,12:55:35.498,27.6900,10
46535498267025,12:55:35.498,27.6900,100
46535498267025,12:55:35.498,27.6900,90
46561041150400,12:56:01.041,27.6900,100
46564678249206,12:56:04.678,27.6900,100
46565076959943,12:56:05.076,27.6900,100
46572672628160,12:56:12.672,27.6900,100
46573149734156,12:56:13.149,27.6900,10
46573149734156,12:56:13.149,27.6900,90
46573668093326,12:56:13.668,27.6900,100
46574534120375,12:56:14.534,27.6900,10
46574534120375,12:56:14.534,27.6900,100
46574734539523,12:56:14.734,27.6900,100
46576622760024,12:56:16.622,27.7000,100
46577021193239,12:56:17.021,27.7000,100
46577122143617,12:56:17.122,27.7000,100
46577920120508,12:56:17.920,27.7000,100
46579018958066,12:56:19.018,27.7000,100
46581341011499,12:56:21.341,27.7100,200
46586432406679,12:56:26.432,27.7100,100
46610730238189,12:56:50.730,27.7100,100
46610730238189,12:56:50.730,27.7100,100
46610730238189,12:56:50.730,27.7100,100
46610730238189,12:56:50.730,27.7100,100
46610730238189,12:56:50.730,27.7100,100
46610730238189,12:56:50.730,27.7100,181
46638395660522,12:57:18.395,27.7100,100
46638395660522,12:57:18.395,27.7100,100
46638395660522,12:57:18.395,27.7100,173
46638438292727,12:57:18.438,27.7100,30
46655847296482,12:57:35.847,27.7000,30
46676221009552,12:57:56.221,27.7000,100
46676221009552,12:57:56.221,27.7000,100
46676221009552,12:57:56.221,27.7000,200
46676221009552,12:57:56.221,27.7000,100
46676221009552,12:57:56.221,27.7000,100
46692154031838,12:58:12.154,27.6800,100
46692154031838,12:58:12.154,27.6800,100
46692154031838,12:58:12.154,27.6800,100
46692154031838,12:58:12.154,27.6800,100
46692154031838,12:58:12.154,27.6800,100
46692157515689,12:58:12.157,27.6800,100
46692157611795,12:58:12.157,27.6800,95
46696433606397,12:58:16.433,27.6900,100
46696433904806,12:58:16.433,27.6900,400
46696433904806,12:58:16.433,27.6900,100
46696434095643,12:58:16.434,27.6900,400
46696434540841,12:58:16.434,27.6900,400
46723144934686,12:58:43.144,27.6900,100
46723144934686,12:58:43.144,27.6900,100
46791690832828,12:59:51.690,27.7000,100
46791690832828,12:59:51.690,27.7000,84
46791691274567,12:59:51.691,27.7000,16
46791691274567,12:59:51.691,27.7000,3
46791691564034,12:59:51.691,27.7000,97
46800083014719,13:00:00.083,27.7000,183
46800083038783,13:00:00.083,27.7000,217
46801578396602,13:00:01.578,27.6900,100
46805148686401,13:00:05.148,27.6900,138
46805148710771,13:00:05.148,27.6900,262
46813310134733,13:00:13.310,27.6800,250
46813310142029,13:00:13.310,27.6800,150
46816781492966,13:00:16.781,27.6800,4
46817870811813,13:00:17.870,27.6800,96
46819157857929,13:00:19.157,27.6800,44
46819158901130,13:00:19.158,27.6800,2
46826419963024,13:00:26.419,27.6800,56
46834899055086,13:00:34.899,27.6800,100
46834900191000,13:00:34.900,27.6800,100
46850691029081,13:00:50.691,27.6800,298
46969498743226,13:02:49.498,27.6700,400
46969498743226,13:02:49.498,27.6700,100
46969498743226,13:02:49.498,27.6700,100
46969499070001,13:02:49.499,27.6700,500
46969499070001,13:02:49.499,27.6700,100
46969499082026,13:02:49.499,27.6700,100
46969499407609,13:02:49.499,27.6700,500
46970664026341,13:02:50.664,27.6700,100
46970664026341,13:02:50.664,27.6700,100
46970664026341,13:02:50.664,27.6700,100
47031574080928,13:03:51.574,27.6800,100
47031574080928,13:03:51.574,27.6800,100
47031574080928,13:03:51.574,27.6800,199
47031574080928,13:03:51.574,27.6800,182
47031574080928,13:03:51.574,27.6800,100
47031574080928,13:03:51.574,27.6800,100
47031574080928,13:03:51.574,27.6800,419
47031579760572,13:03:51.579,27.6800,100
47031579760572,13:03:51.579,27.6800,100
47031581863911,13:03:51.581,27.6800,100
47031583447411,13:03:51.583,27.6800,100
47040310509533,13:04:00.310,27.6800,100
47040310509533,13:04:00.310,27.6800,100
47040310509533,13:04:00.310,27.6800,100
47040310509533,13:04:00.310,27.6800,100
47040310509533,13:04:00.310,27.6800,100
47094380787744,13:04:54.380,27.6900,100
47106437438066,13:05:06.437,27.6800,200
47106437810812,13:05:06.437,27.6800,200
47106437898665,13:05:06.437,27.6800,100
47106442555981,13:05:06.442,27.6800,100
47106442557340,13:05:06.442,27.6800,100
47106442586913,13:05:06.442,27.6800,200
47107078206748,13:05:07.078,27.6900,100
47107078206748,13:05:07.078,27.6900,100
47107078206748,13:05:07.078,27.6900,166
47107117248348,13:05:07.117,27.6900,100
47107117248348,13:05:07.117,27.6900,84
47117811697699,13:05:17.811,27.6900,100
47135770717958,13:05:35.770,27.6900,109
47135770966014,13:05:35.770,27.6900,291
47135771247416,13:05:35.771,27.6900,200
47135771247416,13:05:35.771,27.6900,200
47142430176900,13:05:42.430,27.6900,104
47307341991261,13:08:27.341,27.7000,100
47307341991261,13:08:27.341,27.7000,100
47307341991261,13:08:27.341,27.7000,100
47307341991261,13:08:27.341,27.7000,200
47309384166467,13:08:29.384,27.7100,52
47315520777447,13:08:35.520,27.7050,19
47315520859388,13:08:35.520,27.7050,2
47321025435707,13:08:41.025,27.7100,131
47321025435707,13:08:41.025,27.7100,69
47391973013253,13:09:51.973,27.7100,400
47391973013253,13:09:51.973,27.7100,172
47431862576296,13:10:31.862,27.7050,400
47450218352977,13:10:50.218,27.7000,100
47450218352977,13:10:50.218,27.7000,100
47450218352977,13:10:50.218,27.7000,100
47450218560621,13:10:50.218,27.7000,100
47450218585299,13:10:50.218,27.7000,1
47651496511522,13:14:11.496,27.7100,100
47651496511522,13:14:11.496,27.7100,84
47727582947730,13:15:27.582,27.7000,330
47727583072959,13:15:27.583,27.7000,69
47727583072959,13:15:27.583,27.7000,31
47733901721503,13:15:33.901,27.7000,169
47733901721503,13:15:33.901,27.7000,100
47733901721503,13:15:33.901,27.7000,100
47733901721503,13:15:33.901,27.7000,61
47733901721503,13:15:33.901,27.7000,70
47733901833565,13:15:33.901,27.7000,30
47733902280487,13:15:33.902,27.7000,700
