timestamp,time,price,volume
16587233557656,04:36:27.233,246.6400,100
16611723386832,04:36:51.723,246.6600,10
20760409058229,05:46:00.409,246.5400,5
25483357861587,07:04:43.357,246.8400,500
25680239941222,07:08:00.239,247.0000,15
27035518207918,07:30:35.518,247.9400,100
27046290646389,07:30:46.290,247.7900,100
27046290646389,07:30:46.290,247.7900,600
27165808219490,07:32:45.808,248.3000,100
27198696000053,07:33:18.696,248.3200,30
27236950691344,07:33:56.950,248.3800,200
27283180971788,07:34:43.180,248.3800,316
27341157021754,07:35:41.157,248.4200,400
27400897859523,07:36:40.897,248.5000,64
27440290805764,07:37:20.290,248.5600,58
27463065985619,07:37:43.065,248.6000,500
27464212855030,07:37:44.212,248.6000,200
27464213743368,07:37:44.213,248.6000,100
27637117391502,07:40:37.117,248.4000,500
27665231294521,07:41:05.231,248.4800,100
27825217216137,07:43:45.217,248.3600,100
28565560585416,07:56:05.560,248.3200,100
28706248184049,07:58:26.248,247.9600,200
28752080892719,07:59:12.080,248.0100,100
28752080892719,07:59:12.080,248.0100,300
28794991923470,07:59:54.991,248.0800,10
28811849488626,08:00:11.849,248.0800,500
28811849488626,08:00:11.849,248.0800,100
28811865536139,08:00:11.865,248.0800,500
31322555500658,08:42:02.555,247.9500,400
31322555576423,08:42:02.555,247.9600,100
31322555576423,08:42:02.555,247.9400,200
31322556111808,08:42:02.556,247.9500,40
31322584694906,08:42:02.584,247.9500,160
31322584753197,08:42:02.584,247.9600,200
31322584816215,08:42:02.584,247.9600,140
31322584816215,08:42:02.584,247.9400,160
31322947552587,08:42:02.947,247.9500,300
31322947629150,08:42:02.947,247.9600,200
31322947629150,08:42:02.947,247.9400,100
31323154265208,08:42:03.154,247.9500,400
31323154324723,08:42:03.154,247.9600,100
31323154324723,08:42:03.154,247.9400,40
31323355995404,08:42:03.355,247.9500,200
31323356067400,08:42:03.356,247.9600,200
31323356135534,08:42:03.356,247.9600,100
31323617239010,08:42:03.617,247.9400,100
31323617296180,08:42:03.617,247.9600,400
31323653189149,08:42:03.653,247.9400,400
31323653257725,08:42:03.653,247.9600,100
31323867227894,08:42:03.867,247.9400,100
31323867298033,08:42:03.867,247.9600,200
31323867365616,08:42:03.867,247.9600,200
31323901888337,08:42:03.901,247.9500,400
31324432535417,08:42:04.432,247.9400,400
31324432595573,08:42:04.432,247.9600,400
31324432663794,08:42:04.432,247.9600,200
31324441106941,08:42:04.441,247.9500,100
31324441162378,08:42:04.441,247.9600,300
31324441229159,08:42:04.441,247.9600,100
31324941851049,08:42:04.941,247.9500,200
31324941917848,08:42:04.941,247.9600,400
31324941982846,08:42:04.941,247.9600,400
31324950307691,08:42:04.950,247.9500,200
31324950372559,08:42:04.950,247.9600,300
31347142084811,08:42:27.142,247.9500,400
31347142163635,08:42:27.142,247.9600,300
31347142235143,08:42:27.142,247.9600,300
31347581068835,08:42:27.581,247.9500,100
31347581135262,08:42:27.581,247.9600,200
31347581200388,08:42:27.581,247.9600,200
31347581200388,08:42:27.581,247.9400,100
31347581717996,08:42:27.581,247.9500,40
31347784609604,08:42:27.784,247.9500,260
31347784664525,08:42:27.784,247.9600,240
31347784664525,08:42:27.784,247.9400,60
31351149252355,08:42:31.149,247.9500,300
31351149310655,08:42:31.149,247.9600,200
31351149372755,08:42:31.149,247.9400,400
31351186043255,08:42:31.186,247.9500,200
31351186099220,08:42:31.186,247.9400,400
31351366100427,08:42:31.366,247.9500,300
31351366159288,08:42:31.366,247.9600,200
31351366219535,08:42:31.366,247.9400,40
31351366219535,08:42:31.366,247.9400,160
31351617220952,08:42:31.617,247.9500,300
31351617291294,08:42:31.617,247.9600,200
31351866242588,08:42:31.866,247.9500,400
31351866310124,08:42:31.866,247.9600,100
31351875023441,08:42:31.875,247.9500,200
31351875115122,08:42:31.875,247.9800,200
31351875179621,08:42:31.875,247.9800,300
31351875240218,08:42:31.875,247.9800,300
31351901103700,08:42:31.901,247.9500,200
31351901103700,08:42:31.901,248.0000,50
31351901159195,08:42:31.901,247.9800,50
31351901159195,08:42:31.901,247.9600,100
31351901159195,08:42:31.901,247.9600,100
31351901159195,08:42:31.901,247.9400,50
31351901231762,08:42:31.901,247.9400,290
31351901231762,08:42:31.901,247.9400,100
31351935980367,08:42:31.935,247.9500,300
31351935980367,08:42:31.935,247.9800,100
31351935980367,08:42:31.935,247.9800,100
31351936035752,08:42:31.936,247.9400,100
31351936035752,08:42:31.936,247.9400,100
31351936369100,08:42:31.936,247.9400,30
31351936369738,08:42:31.936,247.9400,30
31351971621886,08:42:31.971,247.9500,200
31351971621886,08:42:31.971,247.9700,100
31351971685072,08:42:31.971,247.9900,200
31351971747485,08:42:31.971,247.9900,40
31351971994899,08:42:31.971,247.9500,100
31352116240771,08:42:32.116,247.9500,160
31352116303831,08:42:32.116,247.9600,200
31352116364696,08:42:32.116,247.9600,140
31352158468173,08:42:32.158,247.9500,30
31352158471123,08:42:32.158,247.9500,30
31352158494202,08:42:32.158,247.9500,30
31352158494795,08:42:32.158,247.9500,30
31352158759137,08:42:32.158,247.9500,100
31352158901745,08:42:32.158,247.9500,40
31352158959129,08:42:32.158,247.9900,60
31352159070976,08:42:32.159,247.9500,100
31352159858661,08:42:32.159,247.9500,140
31352159910078,08:42:32.159,247.9800,300
31352159972012,08:42:32.159,247.9800,60
31352160471205,08:42:32.160,247.9500,40
31352160682470,08:42:32.160,247.9500,100
31352160682470,08:42:32.160,247.9700,40
31352160744089,08:42:32.160,247.9500,40
31352195186267,08:42:32.195,247.9500,30
31352195199722,08:42:32.195,247.9500,30
31352230533547,08:42:32.230,247.9500,30
31352230535627,08:42:32.230,247.9500,30
31352267101485,08:42:32.267,247.9500,30
31352267118196,08:42:32.267,247.9500,30
31352303499666,08:42:32.303,247.9500,30
31352303507528,08:42:32.303,247.9500,30
31352340083092,08:42:32.340,247.9500,30
31352340086512,08:42:32.340,247.9500,30
31352367244790,08:42:32.367,247.9500,60
31352367303817,08:42:32.367,247.9600,400
31352367366369,08:42:32.367,247.9600,40
31352375821590,08:42:32.375,247.9500,30
31352375835327,08:42:32.375,247.9500,30
31352411849801,08:42:32.411,247.9500,30
31352411865128,08:42:32.411,247.9500,30
31352448252953,08:42:32.448,247.9500,30
31352448266674,08:42:32.448,247.9500,30
31352484348154,08:42:32.484,247.9500,30
31352484364789,08:42:32.484,247.9500,30
31352520702287,08:42:32.520,247.9500,30
31352520713621,08:42:32.520,247.9500,30
31352556914366,08:42:32.556,247.9500,30
31352556928636,08:42:32.556,247.9500,30
31352592745416,08:42:32.592,247.9500,30
31352592758651,08:42:32.592,247.9500,30
31352592788205,08:42:32.592,247.9500,140
31352592849971,08:42:32.592,247.9600,300
31352592924001,08:42:32.592,247.9600,60
31353136818910,08:42:33.136,247.9500,140
31353136897609,08:42:33.136,247.9600,360
31353136897609,08:42:33.136,247.9400,40
31353160369969,08:42:33.160,247.9500,30
31353160380453,08:42:33.160,247.9500,30
31353160434669,08:42:33.160,247.9400,200
31353160496268,08:42:33.160,247.9400,260
31353160496268,08:42:33.160,247.9400,100
31353179154243,08:42:33.179,247.9500,100
31353195507432,08:42:33.195,247.9400,300
31353195507432,08:42:33.195,247.9900,100
31353195564957,08:42:33.195,247.9500,100
31353195564957,08:42:33.195,247.9400,100
31353195564957,08:42:33.195,247.9400,100
31353195598004,08:42:33.195,247.9400,100
31353195825204,08:42:33.195,247.9500,100
31353195853222,08:42:33.195,247.9500,30
31353195891835,08:42:33.195,247.9500,30
31353203947499,08:42:33.203,247.9500,140
31353204000655,08:42:33.204,247.9600,300
31353204059692,08:42:33.204,247.9600,60
31353231184626,08:42:33.231,247.9500,240
31353231184626,08:42:33.231,247.9900,100
31353231184626,08:42:33.231,247.9900,100
31353231525554,08:42:33.231,247.9500,30
31353231556897,08:42:33.231,247.9500,30
31353267011176,08:42:33.267,247.9500,30
31353267029611,08:42:33.267,247.9500,30
31353303170814,08:42:33.303,247.9500,30
31353303180058,08:42:33.303,247.9500,30
31353339758343,08:42:33.339,247.9500,30
31353339773679,08:42:33.339,247.9500,30
31353375698241,08:42:33.375,247.9500,30
31353375707984,08:42:33.375,247.9500,30
31353411969675,08:42:33.411,247.9500,30
31353411985734,08:42:33.411,247.9500,30
31353412014085,08:42:33.412,247.9500,40
31353412067114,08:42:33.412,247.9600,300
31353412127055,08:42:33.412,247.9600,160
31353447476696,08:42:33.447,247.9500,40
31353447813444,08:42:33.447,247.9500,30
31353447831500,08:42:33.447,247.9500,30
31353483539579,08:42:33.483,247.9500,30
31353483562169,08:42:33.483,247.9500,30
31353519702445,08:42:33.519,247.9500,30
31353519712302,08:42:33.519,247.9500,30
31353556093891,08:42:33.556,247.9500,30
31353556109158,08:42:33.556,247.9500,30
31353592466098,08:42:33.592,247.9500,30
31353592483847,08:42:33.592,247.9500,30
31353616249844,08:42:33.616,247.9500,100
31353616314119,08:42:33.616,247.9600,400
31353628484033,08:42:33.628,247.9500,30
31353628496383,08:42:33.628,247.9500,30
31353665369568,08:42:33.665,247.9500,30
31353665390325,08:42:33.665,247.9500,30
31353702393162,08:42:33.702,247.9500,30
31353702411755,08:42:33.702,247.9500,30
31353738734304,08:42:33.738,247.9500,20
31353773777946,08:42:33.773,247.9500,30
31353809842404,08:42:33.809,247.9500,30
31353846506706,08:42:33.846,247.9500,30
31353846541119,08:42:33.846,247.9500,210
31353846594604,08:42:33.846,247.9600,200
31353846669466,08:42:33.846,247.9600,90
31353881584684,08:42:33.881,247.9500,30
31353918496140,08:42:33.918,247.9400,30
31353955137103,08:42:33.955,247.9400,30
31353991421244,08:42:33.991,247.9400,30
31354027932003,08:42:34.027,247.9400,30
31354063859526,08:42:34.063,247.9400,30
31354099140541,08:42:34.099,247.9400,30
31354134824818,08:42:34.134,247.9400,20
31354171491165,08:42:34.171,247.9400,30
31354208075757,08:42:34.208,247.9400,30
31354243876231,08:42:34.243,247.9400,30
31354280291409,08:42:34.280,247.9400,30
31354316252814,08:42:34.316,247.9400,30
31354352057911,08:42:34.352,247.9400,30
31354387843764,08:42:34.387,247.9400,20
31354423618424,08:42:34.423,247.9400,30
31354460001641,08:42:34.460,247.9400,30
31354496516895,08:42:34.496,247.9400,30
31354531826679,08:42:34.531,247.9400,30
31354567270498,08:42:34.567,247.9400,30
31354602675317,08:42:34.602,247.9400,30
31354639415089,08:42:34.639,247.9400,30
31354676181726,08:42:34.676,247.9400,30
31354712505725,08:42:34.712,247.9400,30
31354748909431,08:42:34.748,247.9400,30
31354785094633,08:42:34.785,247.9400,30
31354821099950,08:42:34.821,247.9400,30
31354857714750,08:42:34.857,247.9400,30
31354893016243,08:42:34.893,247.9400,30
31354928768980,08:42:34.928,247.9400,30
31354964807053,08:42:34.964,247.9400,30
31355001504862,08:42:35.001,247.9400,30
31355036549159,08:42:35.036,247.9400,30
31355072779093,08:42:35.072,247.9400,30
31355108954612,08:42:35.108,247.9400,30
31355145467821,08:42:35.145,247.9400,30
31355181391621,08:42:35.181,247.9400,30
31355216906997,08:42:35.216,247.9400,30
31355252052718,08:42:35.252,247.9400,30
31355287991446,08:42:35.287,247.9400,30
31355324251107,08:42:35.324,247.9400,30
31355360046349,08:42:35.360,247.9400,30
31355395689307,08:42:35.395,247.9500,30
31355430775567,08:42:35.430,247.9400,30
31355466451824,08:42:35.466,247.9400,30
31355502801480,08:42:35.502,247.9400,30
31355539178731,08:42:35.539,247.9400,30
31355575214123,08:42:35.575,247.9400,30
31355610644893,08:42:35.610,247.9400,30
31355646201044,08:42:35.646,247.9400,20
31355646268154,08:42:35.646,247.9800,300
31355646331070,08:42:35.646,247.9800,300
31355646393779,08:42:35.646,247.9800,200
31355646455579,08:42:35.646,247.9800,180
31355647218088,08:42:35.647,247.9500,30
31355682958384,08:42:35.682,247.9500,30
31355719491079,08:42:35.719,247.9400,30
31355754754157,08:42:35.754,247.9400,30
31355791156526,08:42:35.791,247.9400,30
31355827953393,08:42:35.827,247.9400,30
31355863693526,08:42:35.863,247.9400,30
31355899836448,08:42:35.899,247.9400,30
31355936296285,08:42:35.936,247.9400,30
31355972344844,08:42:35.972,247.9400,30
31356009459203,08:42:36.009,247.9400,30
31356045593298,08:42:36.045,247.9400,30
31356082068735,08:42:36.082,247.9400,30
31356117892022,08:42:36.117,247.9400,30
31356637222608,08:42:36.637,247.9500,200
31356637282028,08:42:36.637,247.9600,400
31356637342992,08:42:36.637,247.9600,200
31356637402634,08:42:36.637,247.9600,200
31356672352181,08:42:36.672,247.9500,159
31356672718449,08:42:36.672,247.9400,30
31356701697289,08:42:36.701,247.9400,100
31356702054275,08:42:36.702,247.9400,30
31356736471902,08:42:36.736,247.9400,40
31356736471902,08:42:36.736,247.9900,60
31356736832411,08:42:36.736,247.9400,30
31356772792456,08:42:36.772,247.9400,40
31356773148902,08:42:36.773,247.9400,30
31356807577726,08:42:36.807,247.9400,40
31356807930983,08:42:36.807,247.9400,30
31356843472610,08:42:36.843,247.9400,30
31356843472610,08:42:36.843,247.9900,10
31356843865069,08:42:36.843,247.9400,30
31356879700905,08:42:36.879,247.9400,30
31356880064623,08:42:36.880,247.9400,30
31356916350103,08:42:36.916,247.9400,30
31356916706219,08:42:36.916,247.9400,30
31356951376132,08:42:36.951,247.9400,30
31356951735478,08:42:36.951,247.9400,20
31356987686422,08:42:36.987,247.9400,30
31356988039091,08:42:36.988,247.9400,30
31357023782906,08:42:37.023,247.9400,30
31357024145719,08:42:37.024,247.9400,30
31357059756423,08:42:37.059,247.9400,30
31357060108727,08:42:37.060,247.9400,30
31357096350341,08:42:37.096,247.9400,30
31357096727337,08:42:37.096,247.9400,30
31357132660743,08:42:37.132,247.9400,30
31357133065164,08:42:37.133,247.9400,30
31357169606544,08:42:37.169,247.9400,30
31357169948650,08:42:37.169,247.9400,30
31357205670180,08:42:37.205,247.9400,30
31357206033975,08:42:37.206,247.9400,30
31357242243778,08:42:37.242,247.9400,30
31357242606012,08:42:37.242,247.9400,30
31357278775478,08:42:37.278,247.9400,30
31357279131619,08:42:37.279,247.9400,30
31357314283570,08:42:37.314,247.9400,30
31357314695469,08:42:37.314,247.9400,30
31357350345467,08:42:37.350,247.9400,30
31357350681725,08:42:37.350,247.9400,30
31357386913353,08:42:37.386,247.9400,30
31357387266441,08:42:37.387,247.9400,30
31357423260157,08:42:37.423,247.9400,30
31357423623420,08:42:37.423,247.9400,30
31357460014259,08:42:37.460,247.9400,20
31357460014259,08:42:37.460,247.9900,10
31357460402425,08:42:37.460,247.9400,30
31357497095652,08:42:37.497,247.9400,20
31357497451447,08:42:37.497,247.9400,30
31357533767895,08:42:37.533,247.9400,20
31357534156716,08:42:37.534,247.9400,30
31357569486961,08:42:37.569,247.9400,20
31357569860108,08:42:37.569,247.9400,30
31357606123492,08:42:37.606,247.9400,20
31357606481375,08:42:37.606,247.9400,30
31357642712331,08:42:37.642,247.9400,20
31357643155122,08:42:37.643,247.9400,30
31357679291906,08:42:37.679,247.9400,20
31357679662330,08:42:37.679,247.9400,30
31357715719246,08:42:37.715,247.9400,20
31357716085370,08:42:37.716,247.9400,30
31357752422709,08:42:37.752,247.9400,20
31357752782883,08:42:37.752,247.9400,30
31357788445260,08:42:37.788,247.9400,20
31357788826046,08:42:37.788,247.9400,30
31357825352475,08:42:37.825,247.9400,20
31357825761493,08:42:37.825,247.9400,30
31357861496177,08:42:37.861,247.9400,20
31357861850711,08:42:37.861,247.9400,30
31357897356826,08:42:37.897,247.9400,20
31357897726269,08:42:37.897,247.9400,30
31357932479013,08:42:37.932,247.9400,20
31357932855523,08:42:37.932,247.9400,30
31357967811459,08:42:37.967,247.9400,20
31357968216596,08:42:37.968,247.9400,30
31358003604051,08:42:38.003,247.9400,20
31358003969225,08:42:38.003,247.9400,30
31358039643588,08:42:38.039,247.9400,20
31358040000410,08:42:38.040,247.9400,30
31358076170752,08:42:38.076,247.9400,20
31358076521171,08:42:38.076,247.9400,30
31358112901637,08:42:38.112,247.9400,20
31358113259255,08:42:38.113,247.9400,30
31358148334887,08:42:38.148,247.9400,20
31358148697199,08:42:38.148,247.9400,30
31358185129097,08:42:38.185,247.9400,20
31358185478251,08:42:38.185,247.9400,30
31358222064514,08:42:38.222,247.9400,20
31358222447126,08:42:38.222,247.9400,30
31358258498274,08:42:38.258,247.9400,20
31358258860154,08:42:38.258,247.9400,30
31358294300314,08:42:38.294,247.9400,20
31358294644149,08:42:38.294,247.9400,30
31358330672147,08:42:38.330,247.9400,20
31358331033812,08:42:38.331,247.9400,30
31358366742221,08:42:38.366,247.9400,20
31358367109113,08:42:38.367,247.9400,30
31358402658332,08:42:38.402,247.9500,20
31358403001502,08:42:38.403,247.9400,30
31358904148976,08:42:38.904,247.9400,270
31358904223126,08:42:38.904,247.9600,400
31358904288676,08:42:38.904,247.9600,300
31358904349687,08:42:38.904,247.9600,30
31359405665356,08:42:39.405,247.9500,370
31359405724643,08:42:39.405,247.9600,200
31359405790138,08:42:39.405,247.9600,200
31359405855504,08:42:39.405,247.9600,230
31359908259272,08:42:39.908,247.9500,70
31359908326328,08:42:39.908,247.9600,300
31359908396641,08:42:39.908,247.9600,300
31359908472615,08:42:39.908,247.9600,200
31359908535000,08:42:39.908,247.9600,130
31360279461173,08:42:40.279,247.9500,170
31360279520446,08:42:40.279,247.9600,300
31360279582092,08:42:40.279,247.9600,30
31360279945468,08:42:40.279,247.9400,50
31360279950293,08:42:40.279,247.9400,50
31360289058365,08:42:40.289,247.9500,30
31360289059540,08:42:40.289,247.9500,30
31360289087953,08:42:40.289,247.9500,340
31360289087953,08:42:40.289,247.9800,5
31360289116612,08:42:40.289,247.9400,100
31360289117857,08:42:40.289,247.9400,100
31360289921199,08:42:40.289,247.9500,100
31360512792329,08:42:40.512,247.9500,200
31360512851787,08:42:40.512,247.9600,300
31360513229635,08:42:40.513,247.9400,5
31360513239107,08:42:40.513,247.9400,50
31360718222223,08:42:40.718,247.9500,200
31360718278661,08:42:40.718,247.9600,300
31360799084505,08:42:40.799,247.9500,200
31360938696510,08:42:40.938,247.9500,300
31360938770285,08:42:40.938,247.9600,200
31361301401670,08:42:41.301,247.9500,300
31361792892089,08:42:41.792,247.9500,300
31361792959808,08:42:41.792,247.9600,200
31361793022720,08:42:41.793,247.9600,100
31361793022720,08:42:41.793,247.9400,200
31361793819360,08:42:41.793,247.9500,100
31361901789351,08:42:41.901,247.9500,200
31361901842892,08:42:41.901,247.9600,300
31361901903619,08:42:41.901,247.9600,100
31361901903619,08:42:41.901,247.9400,200
31361902242309,08:42:41.902,247.9500,10
31361902693078,08:42:41.902,247.9500,100
31362106249061,08:42:42.106,247.9500,90
31362106328384,08:42:42.106,247.9600,300
31362106392950,08:42:42.106,247.9600,110
31362106392950,08:42:42.106,247.9600,90
31362106459259,08:42:42.106,247.9600,10
31362106798972,08:42:42.106,247.9500,5
31362106815812,08:42:42.106,247.9500,50
31362106839371,08:42:42.106,247.9500,50
31362106840534,08:42:42.106,247.9500,50
31362106852480,08:42:42.106,247.9500,5
31362106957152,08:42:42.106,247.9500,20
31362108844465,08:42:42.108,247.9500,10
31362108910235,08:42:42.108,247.9600,15
31362108910235,08:42:42.108,247.9600,100
31362109243864,08:42:42.109,247.9500,50
31362109257025,08:42:42.109,247.9500,35
31362109312070,08:42:42.109,247.9600,15
31362109312070,08:42:42.109,247.9600,50
31362109312070,08:42:42.109,247.9600,100
31362109409798,08:42:42.109,247.9500,20
31362109651520,08:42:42.109,247.9500,15
31362109704789,08:42:42.109,247.9600,35
31362109704789,08:42:42.109,247.9600,50
31362109704789,08:42:42.109,247.9600,50
31362109704789,08:42:42.109,247.9600,65
31362109772597,08:42:42.109,247.9600,35
31362109814368,08:42:42.109,247.9500,20
31362110108700,08:42:42.110,247.9500,50
31362110118147,08:42:42.110,247.9500,50
31362110151532,08:42:42.110,247.9500,50
31362110262738,08:42:42.110,247.9500,20
31362111568228,08:42:42.111,247.9500,25
31362313575506,08:42:42.313,247.9500,50
31362313632798,08:42:42.313,247.9600,400
31362313697056,08:42:42.313,247.9600,50
31362313697056,08:42:42.313,247.9400,100
31362314589085,08:42:42.314,247.9500,80
31362314807485,08:42:42.314,247.9500,100
31362458850554,08:42:42.458,247.9500,220
31362458906781,08:42:42.458,247.9500,400
31362458966648,08:42:42.458,247.9500,200
31362459035689,08:42:42.459,247.9500,200
31362459097837,08:42:42.459,247.9500,200
31362459166567,08:42:42.459,247.9500,200
31362459225806,08:42:42.459,247.9500,300
31362459288320,08:42:42.459,247.9500,280
31362467376674,08:42:42.467,247.9500,20
31362467431985,08:42:42.467,247.9600,200
31362467499842,08:42:42.467,247.9600,280
31362467499842,08:42:42.467,247.9600,120
31362467563568,08:42:42.467,247.9600,35
31362467563568,08:42:42.467,247.9600,100
31362468359674,08:42:42.468,247.9500,100
31362703069227,08:42:42.703,247.9500,165
31362703122808,08:42:42.703,247.9600,200
31362703183359,08:42:42.703,247.9600,135
31362919204670,08:42:42.919,247.9500,400
31362919260248,08:42:42.919,247.9600,100
31363214249260,08:42:43.214,247.9400,300
31363214307857,08:42:43.214,247.9600,300
31363214371340,08:42:43.214,247.9600,200
31363215043451,08:42:43.215,247.9500,100
31363423625023,08:42:43.423,247.9500,200
31363423682691,08:42:43.423,247.9600,200
31363423743368,08:42:43.423,247.9600,100
31363423743368,08:42:43.423,247.9600,100
31363423743368,08:42:43.423,247.9400,100
31363424078354,08:42:43.424,247.9500,50
31363424099454,08:42:43.424,247.9500,50
31363424134155,08:42:43.424,247.9500,50
31363424250925,08:42:43.424,247.9500,29
31363426311710,08:42:43.426,247.9500,21
31363426368533,08:42:43.426,247.9600,8
31363426703812,08:42:43.426,247.9500,59
31363426721454,08:42:43.426,247.9500,59
31363426759992,08:42:43.426,247.9500,59
31363426867285,08:42:43.426,247.9500,40
31363428724826,08:42:43.428,247.9500,50
31363625212162,08:42:43.625,247.9500,25
31363625276502,08:42:43.625,247.9600,200
31363625341191,08:42:43.625,247.9600,275
31363625341191,08:42:43.625,247.9600,25
31363625414425,08:42:43.625,247.9600,75
31363625744799,08:42:43.625,247.9500,100
31363625780755,08:42:43.625,247.9500,100
31363625782558,08:42:43.625,247.9500,25
31363625861594,08:42:43.625,247.9600,75
31363625861594,08:42:43.625,247.9600,100
31363625914247,08:42:43.625,247.9500,40
31363626202162,08:42:43.626,247.9500,59
31363626218358,08:42:43.626,247.9500,26
31363626275470,08:42:43.626,247.9600,33
31363626275470,08:42:43.626,247.9600,59
31363626275470,08:42:43.626,247.9600,100
31363626365726,08:42:43.626,247.9500,40
31363626636002,08:42:43.626,247.9500,41
31363626652043,08:42:43.626,247.9500,27
31363626708643,08:42:43.626,247.9600,14
31363626708643,08:42:43.626,247.9600,100
31363626766116,08:42:43.626,247.9500,40
31363627028879,08:42:43.627,247.9500,59
31363627047028,08:42:43.627,247.9500,59
31363627054987,08:42:43.627,247.9500,59
31363627207979,08:42:43.627,247.9500,69
31363627264822,08:42:43.627,247.9800,172
31363627264822,08:42:43.627,247.9800,40
31363627392252,08:42:43.627,247.9500,80
31363627792412,08:42:43.627,247.9500,50
31363628066748,08:42:43.628,247.9500,58
31363628120358,08:42:43.628,247.9800,42
31363628340936,08:42:43.628,247.9500,100
31363649514540,08:42:43.649,247.9500,158
31363649514540,08:42:43.649,247.9900,100
31363649514540,08:42:43.649,247.9900,50
31363649568941,08:42:43.649,247.9800,50
31363649568941,08:42:43.649,247.9500,100
31363649670924,08:42:43.649,247.9500,100
31363649832810,08:42:43.649,247.9500,50
31363649886042,08:42:43.649,247.9800,50
31363649894069,08:42:43.649,247.9500,59
31363649926123,08:42:43.649,247.9500,59
31363649967465,08:42:43.649,247.9500,59
31363650066468,08:42:43.650,247.9500,40
31363650593435,08:42:43.650,247.9500,33
31363650645484,08:42:43.650,247.9800,67
31363652013853,08:42:43.652,247.9500,50
31363680737113,08:42:43.680,247.9500,83
31363680792809,08:42:43.680,247.9800,258
31363681112854,08:42:43.681,247.9500,10
31363681135740,08:42:43.681,247.9500,32
31363681186900,08:42:43.681,247.9800,18
31363681541853,08:42:43.681,247.9500,50
31363839172727,08:42:43.839,247.9500,332
31363839229871,08:42:43.839,247.9600,168
31363839237150,08:42:43.839,247.9500,100
31363839550781,08:42:43.839,247.9500,10
31363839568263,08:42:43.839,247.9500,22
31363839623508,08:42:43.839,247.9600,28
31363839623508,08:42:43.839,247.9600,50
31363839623508,08:42:43.839,247.9600,50
31363839623508,08:42:43.839,247.9600,10
31363839623508,08:42:43.839,247.9600,100
31363839679018,08:42:43.839,247.9500,62
31363839732294,08:42:43.839,247.9600,38
31363839732294,08:42:43.839,247.9600,29
31363839897108,08:42:43.839,247.9500,100
31363839956103,08:42:43.839,247.9500,50
31363839965696,08:42:43.839,247.9500,50
31363839977009,08:42:43.839,247.9500,33
31363840033552,08:42:43.840,247.9600,17
31363840033552,08:42:43.840,247.9600,100
31363840062059,08:42:43.840,247.9500,50
31363840119565,08:42:43.840,247.9500,29
31363840231550,08:42:43.840,247.9500,29
31363840358531,08:42:43.840,247.9500,50
31363840379406,08:42:43.840,247.9500,50
31363840392653,08:42:43.840,247.9500,50
31363840528134,08:42:43.840,247.9500,22
31363841801411,08:42:43.841,247.9500,3
31363841855138,08:42:43.841,247.9600,26
31363841855138,08:42:43.841,247.9600,100
31363842175524,08:42:43.842,247.9500,50
31363842193517,08:42:43.842,247.9500,50
31363842205165,08:42:43.842,247.9500,50
31363842349793,08:42:43.842,247.9500,24
31363842401193,08:42:43.842,247.9600,5
31363842703015,08:42:43.842,247.9500,50
31363842733901,08:42:43.842,247.9500,50
31363842757941,08:42:43.842,247.9500,50
31363842891648,08:42:43.842,247.9500,29
31363843368397,08:42:43.843,247.9500,29
31363845462470,08:42:43.845,247.9500,87
31363845518426,08:42:43.845,247.9800,213
31363846639279,08:42:43.846,247.9500,100
31363846751988,08:42:43.846,247.9500,87
31363846804687,08:42:43.846,247.9800,13
31363876887350,08:42:43.876,247.9500,300
31364066000768,08:42:44.066,247.9500,87
31364066054943,08:42:44.066,247.9600,300
31364066114618,08:42:44.066,247.9600,113
31364066114618,08:42:44.066,247.9600,100
31364066455164,08:42:44.066,247.9500,100
31364066463721,08:42:44.066,247.9500,87
31364066515289,08:42:44.066,247.9600,13
31364066515289,08:42:44.066,247.9600,100
31364066515289,08:42:44.066,247.9600,100
31364066620312,08:42:44.066,247.9500,40
31364066843050,08:42:44.066,247.9500,47
31364066894906,08:42:44.066,247.9600,12
31364066894906,08:42:44.066,247.9600,59
31364066894906,08:42:44.066,247.9600,59
31364067014456,08:42:44.067,247.9500,40
31364067218067,08:42:44.067,247.9500,30
31364067271617,08:42:44.067,247.9600,29
31364067271617,08:42:44.067,247.9600,59
31364067271617,08:42:44.067,247.9600,41
31364067388373,08:42:44.067,247.9500,40
31364067501876,08:42:44.067,247.9500,31
31364067555361,08:42:44.067,247.9600,19
31364067593333,08:42:44.067,247.9500,59
31364067616231,08:42:44.067,247.9500,59
31364067745977,08:42:44.067,247.9500,100
31364067766543,08:42:44.067,247.9500,22
31364067769448,08:42:44.067,247.9500,18
31364067883489,08:42:44.067,247.9500,23
31364067896248,08:42:44.067,247.9500,50
31364067898668,08:42:44.067,247.9500,50
31364068045111,08:42:44.068,247.9500,29
31364068129883,08:42:44.068,247.9500,100
31364069253036,08:42:44.069,247.9500,29
31364151308160,08:42:44.151,247.9500,142
31370680894573,08:42:50.680,248.0000,1000
31452889439654,08:44:12.889,247.9600,30
31452889440170,08:44:12.889,247.9600,30
31452889553533,08:44:12.889,247.9500,100
31464821125454,08:44:24.821,247.9600,400
31464821125454,08:44:24.821,248.0000,100
31464821202585,08:44:24.821,247.9700,100
31464821202585,08:44:24.821,247.9700,100
31464821202585,08:44:24.821,247.9600,100
31464821275545,08:44:24.821,247.9600,100
31464821581559,08:44:24.821,247.9600,100
31464821713811,08:44:24.821,247.9600,30
31464821714998,08:44:24.821,247.9600,30
31464821965514,08:44:24.821,247.9600,29
31464856321060,08:44:24.856,247.9600,211
31464856321060,08:44:24.856,247.9700,100
31464856321060,08:44:24.856,247.9700,100
31464856321060,08:44:24.856,247.9700,29
31465479378815,08:44:25.479,247.9500,30
31465479495144,08:44:25.479,247.9500,100
31465515382447,08:44:25.515,247.9500,30
31467239915085,08:44:27.239,247.9600,30
31467275269756,08:44:27.275,247.9500,30
31467501234203,08:44:27.501,247.9500,30
31467537011439,08:44:27.537,247.9500,30
31467573536407,08:44:27.573,247.9500,30
31467608782117,08:44:27.608,247.9500,30
31467644542934,08:44:27.644,247.9500,30
31467679747510,08:44:27.679,247.9500,20
31467715168780,08:44:27.715,247.9500,100
31467715715446,08:44:27.715,247.9500,30
31467750944923,08:44:27.750,247.9500,100
31467751501348,08:44:27.751,247.9500,30
31467786336712,08:44:27.786,247.9500,100
31467786885289,08:44:27.786,247.9500,30
31467821848535,08:44:27.821,247.9500,10
31467821848535,08:44:27.821,248.0100,90
31467821929003,08:44:27.821,247.9700,100
31467822286571,08:44:27.822,247.9500,5
31467822289020,08:44:27.822,247.9500,50
31467822297331,08:44:27.822,247.9500,5
31467822309963,08:44:27.822,247.9500,40
31467822371337,08:44:27.822,247.9700,10
31467822371337,08:44:27.822,247.9700,50
31467822381872,08:44:27.822,247.9500,30
31467822388141,08:44:27.822,247.9500,45
31467822392760,08:44:27.822,247.9500,20
31467823047720,08:44:27.823,247.9500,90
31467823709215,08:44:27.823,247.9500,10
31467823733731,08:44:27.823,247.9500,10
31467857251463,08:44:27.857,247.9500,35
31467857251463,08:44:27.857,247.9700,10
31467857251463,08:44:27.857,247.9700,10
31467857251463,08:44:27.857,247.9900,65
31467892882830,08:44:27.892,247.9500,300
31467892882830,08:44:27.892,247.9900,35
31467892944669,08:44:27.892,247.9600,100
31467892944669,08:44:27.892,247.9500,100
31467893013773,08:44:27.893,247.9600,100
31467893292140,08:44:27.893,247.9600,100
31467893303041,08:44:27.893,247.9600,100
31467893441123,08:44:27.893,247.9600,40
31467893503203,08:44:27.893,247.9600,29
31467894485090,08:44:27.894,247.9600,50
31468324082397,08:44:28.324,247.9600,181
31468324143773,08:44:28.324,247.9600,300
31468324210272,08:44:28.324,247.9600,300
31468324280269,08:44:28.324,247.9600,219
31468324280269,08:44:28.324,247.9600,81
31468324346260,08:44:28.324,247.9600,19
31468324680070,08:44:28.324,247.9600,10
31468324696396,08:44:28.324,247.9600,50
31468324712559,08:44:28.324,247.9600,45
31468324773747,08:44:28.324,247.9600,50
31468324838553,08:44:28.324,247.9600,29
31468325904967,08:44:28.325,247.9600,29
31468359080498,08:44:28.359,247.9600,68
31468359080498,08:44:28.359,248.0000,100
31468359080498,08:44:28.359,248.0000,100
31468359136697,08:44:28.359,247.9700,100
31468359136697,08:44:28.359,247.9600,100
31468359136697,08:44:28.359,247.9600,100
31468359159156,08:44:28.359,247.9500,100
31468359444266,08:44:28.359,247.9500,15
31468359444712,08:44:28.359,247.9500,10
31468860041394,08:44:28.860,247.9500,275
31468860117248,08:44:28.860,247.9600,200
31468860179615,08:44:28.860,247.9600,300
31468860244307,08:44:28.860,247.9600,225
31468860244307,08:44:28.860,247.9600,75
31468860309097,08:44:28.860,247.9600,25
31468860653813,08:44:28.860,247.9600,100
31468860667752,08:44:28.860,247.9600,100
31468860684725,08:44:28.860,247.9600,75
31468860735729,08:44:28.860,247.9600,25
31468860815621,08:44:28.860,247.9600,40
31468861066337,08:44:28.861,247.9600,50
31468861087431,08:44:28.861,247.9600,50
31468861094738,08:44:28.861,247.9600,50
31468861232347,08:44:28.861,247.9600,29
31468861969398,08:44:28.861,247.9600,50
31469362249356,08:44:29.362,247.9600,6
31469362308765,08:44:29.362,247.9600,300
31469362380014,08:44:29.362,247.9600,300
31469362438442,08:44:29.362,247.9600,394
31469362438442,08:44:29.362,247.9600,6
31469362503725,08:44:29.362,247.9600,94
31469362834334,08:44:29.362,247.9600,10
31469362858952,08:44:29.362,247.9600,96
31469362913221,08:44:29.362,247.9600,4
31469362913221,08:44:29.362,247.9600,100
31469362913221,08:44:29.362,247.9600,10
31469362913221,08:44:29.362,247.9600,100
31469362916538,08:44:29.362,247.9600,86
31469362988410,08:44:29.362,247.9600,14
31469363006104,08:44:29.363,247.9600,40
31469363284140,08:44:29.363,247.9600,59
31469363327351,08:44:29.363,247.9600,30
31469363329168,08:44:29.363,247.9600,30
31469363380293,08:44:29.363,247.9600,30
31469363382864,08:44:29.363,247.9600,30
31469363418006,08:44:29.363,247.9600,40
31469363935872,08:44:29.363,247.9600,100
31469365473629,08:44:29.365,247.9600,27
31469365530905,08:44:29.365,247.9700,73
31469365866001,08:44:29.365,247.9600,59
31469365888258,08:44:29.365,247.9600,10
31469365889506,08:44:29.365,247.9600,59
31469366027442,08:44:29.366,247.9600,40
31469367387854,08:44:29.367,247.9600,100
31469367702904,08:44:29.367,247.9600,59
31469367754227,08:44:29.367,247.9700,141
31469367979007,08:44:29.367,247.9600,31
31469368077185,08:44:29.368,247.9600,90
31469368088662,08:44:29.368,247.9600,59
31469368112025,08:44:29.368,247.9600,31
31469368222393,08:44:29.368,247.9600,10
31469368247576,08:44:29.368,247.9600,38
31469368300130,08:44:29.368,247.9700,2
31469368300130,08:44:29.368,247.9700,50
31469368602352,08:44:29.368,247.9600,59
31469368639310,08:44:29.368,247.9600,59
31469368647623,08:44:29.368,247.9600,30
31469368700146,08:44:29.368,247.9700,29
31469368792627,08:44:29.368,247.9600,40
31469369004033,08:44:29.369,247.9600,59
31469369039267,08:44:29.369,247.9600,59
31469369056615,08:44:29.369,247.9600,59
31469369195908,08:44:29.369,247.9600,40
31469369528628,08:44:29.369,247.9600,50
31469372037895,08:44:29.372,247.9600,64
31469372090858,08:44:29.372,247.9600,300
31469372149845,08:44:29.372,247.9600,200
31469372210560,08:44:29.372,247.9600,36
31469372377673,08:44:29.372,247.9600,264
31469372513768,08:44:29.372,247.9600,10
31469372524547,08:44:29.372,247.9600,59
31469372546085,08:44:29.372,247.9600,59
31469372548772,08:44:29.372,247.9600,59
31469372565627,08:44:29.372,247.9600,10
31469372705904,08:44:29.372,247.9600,40
31469373116050,08:44:29.373,247.9600,163
31469373176016,08:44:29.373,247.9800,224
31469373907184,08:44:29.373,247.9600,50
31469403840809,08:44:29.403,247.9600,26
31469403840809,08:44:29.403,248.0000,100
31469403910418,08:44:29.403,247.9700,100
31469403910418,08:44:29.403,247.9600,100
31469403910418,08:44:29.403,247.9600,100
31469403918408,08:44:29.403,247.9500,100
31469404235387,08:44:29.404,247.9500,100
31469404262404,08:44:29.404,247.9500,50
31469404351803,08:44:29.404,247.9600,30
31469404352939,08:44:29.404,247.9600,30
31469404397807,08:44:29.404,247.9600,100
31469404398265,08:44:29.404,247.9600,15
31469404402278,08:44:29.404,247.9600,29
31469405020618,08:44:29.405,247.9600,96
31469405072632,08:44:29.405,247.9600,200
31469405132038,08:44:29.405,247.9600,4
31469405361988,08:44:29.405,247.9600,29
31469405437768,08:44:29.405,247.9600,10
31469405448354,08:44:29.405,247.9600,59
31469405465965,08:44:29.405,247.9600,50
31469405473834,08:44:29.405,247.9600,59
31469405487956,08:44:29.405,247.9600,10
31469405619291,08:44:29.405,247.9600,40
31469417028671,08:44:29.417,247.9600,39
31469417084410,08:44:29.417,247.9600,1
31469417084410,08:44:29.417,247.9600,100
31469417389190,08:44:29.417,247.9500,35
31469417428204,08:44:29.417,247.9500,50
31469417429948,08:44:29.417,247.9500,14
31469417484861,08:44:29.417,247.9600,36
31469417484861,08:44:29.417,247.9600,100
31469417575138,08:44:29.417,247.9500,29
31469417787716,08:44:29.417,247.9500,50
31469417824234,08:44:29.417,247.9500,50
31469417830088,08:44:29.417,247.9500,50
31469417974745,08:44:29.417,247.9600,29
31469418519766,08:44:29.418,247.9600,29
31469438637810,08:44:29.438,247.9600,142
31469438637810,08:44:29.438,247.9900,58
31469439189628,08:44:29.439,247.9600,30
31469439190230,08:44:29.439,247.9600,30
31469450664070,08:44:29.450,247.9600,100
31469473320452,08:44:29.473,247.9600,140
31469473320452,08:44:29.473,248.0000,100
31469473375236,08:44:29.473,247.9800,100
31469473375236,08:44:29.473,247.9700,100
31469473375236,08:44:29.473,247.9600,200
31469473441064,08:44:29.473,247.9800,400
31469473503029,08:44:29.473,247.9800,300
31469473563488,08:44:29.473,247.9800,8
31469473563488,08:44:29.473,247.9600,192
31469473627221,08:44:29.473,247.9600,108
31469473719641,08:44:29.473,247.9600,92
31469473772502,08:44:29.473,247.9600,8
31469473871624,08:44:29.473,247.9600,30
31469473872085,08:44:29.473,247.9600,30
31469473934088,08:44:29.473,247.9600,40
31469473963665,08:44:29.473,247.9600,50
31469474080913,08:44:29.474,247.9600,50
31469474108237,08:44:29.474,247.9600,50
31469474121467,08:44:29.474,247.9600,29
31469474263147,08:44:29.474,247.9600,4
31469474576709,08:44:29.474,247.9600,9
31469474629978,08:44:29.474,247.9700,41
31469474937439,08:44:29.474,247.9600,10
31469474968521,08:44:29.474,247.9600,10
31469474984990,08:44:29.474,247.9600,50
31469484532842,08:44:29.484,247.9600,150
31469484600983,08:44:29.484,247.9600,100
31469508744463,08:44:29.508,247.9600,39
31469508744463,08:44:29.508,247.9900,100
31469508799758,08:44:29.508,247.9600,100
31469509141471,08:44:29.509,247.9600,18
31469509162675,08:44:29.509,247.9600,59
31469509292351,08:44:29.509,247.9600,40
31469509404649,08:44:29.509,247.9600,83
31469509456455,08:44:29.509,247.9900,17
31469509948620,08:44:29.509,247.9600,40
31469510392695,08:44:29.510,247.9600,50
31469510543498,08:44:29.510,247.9600,100
31469543775359,08:44:29.543,247.9600,193
31470463143840,08:44:30.463,247.9600,300
31470463203461,08:44:30.463,247.9800,400
31470463262401,08:44:30.463,247.9800,300
31470463324513,08:44:30.463,247.9600,300
31470463386199,08:44:30.463,247.9600,200
31470463386199,08:44:30.463,247.9600,100
31470463476919,08:44:30.463,247.9600,100
31470463625602,08:44:30.463,247.9600,100
31470463686445,08:44:30.463,247.9600,100
31470463686445,08:44:30.463,247.9600,100
31470463690572,08:44:30.463,247.9600,100
31470463769535,08:44:30.463,247.9600,40
31470463773279,08:44:30.463,247.9600,100
31470463800657,08:44:30.463,247.9600,30
31470463803301,08:44:30.463,247.9600,30
31470463849736,08:44:30.463,247.9600,30
31470463850876,08:44:30.463,247.9600,30
31470463888495,08:44:30.463,247.9600,29
31470464013402,08:44:30.464,247.9600,11
31470464065376,08:44:30.464,247.9600,48
31470464065376,08:44:30.464,247.9600,59
31470464066971,08:44:30.464,247.9600,100
31470464109137,08:44:30.464,247.9600,59
31470464145916,08:44:30.464,247.9600,34
31470464198314,08:44:30.464,247.9600,66
31470464198314,08:44:30.464,247.9600,40
31470464198314,08:44:30.464,247.9600,100
31470464233299,08:44:30.464,247.9600,10
31470464237786,08:44:30.464,247.9600,46
31470464242296,08:44:30.464,247.9600,16
31470464365071,08:44:30.464,247.9600,22
31470464420309,08:44:30.464,247.9800,78
31470464507994,08:44:30.464,247.9600,8
31470464533159,08:44:30.464,247.9600,50
31470464547778,08:44:30.464,247.9600,50
31470464561337,08:44:30.464,247.9600,29
31470464691741,08:44:30.464,247.9600,29
31470472045552,08:44:30.472,247.9600,156
31470472100525,08:44:30.472,247.9800,300
31470472161490,08:44:30.472,247.9800,200
31470472221051,08:44:30.472,247.9800,144
31470472539435,08:44:30.472,247.9600,10
31470472561531,08:44:30.472,247.9600,10
31470472600917,08:44:30.472,247.9600,50
31470477745380,08:44:30.477,247.9600,100
31470477802697,08:44:30.477,247.9600,86
31470477858023,08:44:30.477,247.9600,300
31470477926913,08:44:30.477,247.9600,200
31470477926913,08:44:30.477,247.9600,14
31470478010392,08:44:30.478,247.9600,86
31470478067272,08:44:30.478,247.9600,14
31470478067272,08:44:30.478,247.9600,100
31470478149195,08:44:30.478,247.9600,100
31470478238775,08:44:30.478,247.9600,50
31470478251603,08:44:30.478,247.9600,10
31470478273554,08:44:30.478,247.9600,10
31470478290660,08:44:30.478,247.9600,50
31470478327088,08:44:30.478,247.9600,50
31470478377437,08:44:30.478,247.9600,16
31470478430047,08:44:30.478,247.9600,74
31470478430047,08:44:30.478,247.9600,90
31470478430047,08:44:30.478,247.9600,29
31470478430047,08:44:30.478,247.9600,100
31470478511035,08:44:30.478,247.9600,100
31470478562721,08:44:30.478,247.9600,7
31470478616316,08:44:30.478,247.9600,33
31470478661583,08:44:30.478,247.9600,100
31470478694201,08:44:30.478,247.9600,100
31470478741235,08:44:30.478,247.9600,59
31470478772124,08:44:30.478,247.9600,8
31470478826374,08:44:30.478,247.9600,42
31470478826374,08:44:30.478,247.9600,50
31470478858474,08:44:30.478,247.9600,100
31470478904568,08:44:30.478,247.9600,100
31470478927439,08:44:30.478,247.9600,8
31470478980812,08:44:30.478,247.9600,51
31470478980812,08:44:30.478,247.9600,40
31470478980812,08:44:30.478,247.9600,59
31470478980812,08:44:30.478,247.9600,50
31470479048070,08:44:30.479,247.9600,9
31470479115177,08:44:30.479,247.9600,40
31470479125066,08:44:30.479,247.9600,100
31470479132181,08:44:30.479,247.9600,51
31470479184587,08:44:30.479,247.9600,8
31470479184587,08:44:30.479,247.9600,59
31470479184587,08:44:30.479,247.9600,59
31470479266745,08:44:30.479,247.9600,100
31470479322989,08:44:30.479,247.9600,40
31470479361094,08:44:30.479,247.9600,34
31470479413439,08:44:30.479,247.9600,25
31470479413439,08:44:30.479,247.9600,59
31470479452334,08:44:30.479,247.9600,29
31470479495346,08:44:30.479,247.9600,100
31470479495737,08:44:30.479,247.9600,14
31470479519275,08:44:30.479,247.9600,23
31470479538235,08:44:30.479,247.9600,59
31470479540657,08:44:30.479,247.9600,11
31470479559693,08:44:30.479,247.9600,80
31470479614350,08:44:30.479,247.9800,20
31470479673814,08:44:30.479,247.9600,40
31470479716544,08:44:30.479,247.9600,59
31470479750274,08:44:30.479,247.9600,59
31470479753313,08:44:30.479,247.9600,59
31470479903204,08:44:30.479,247.9600,40
31470480786205,08:44:30.480,247.9600,50
31470486546672,08:44:30.486,247.9600,73
31470486602064,08:44:30.486,247.9900,27
31470497458042,08:44:30.497,247.9600,273
31470497458042,08:44:30.497,248.0000,27
31470499702730,08:44:30.499,247.9500,100
31470509413315,08:44:30.509,247.9500,100
31470509467596,08:44:30.509,247.9600,200
31470509526426,08:44:30.509,247.9600,200
31470509850713,08:44:30.509,247.9500,100
31470509879723,08:44:30.509,247.9500,100
31470509890099,08:44:30.509,247.9500,10
31470509906024,08:44:30.509,247.9600,100
31470510015563,08:44:30.510,247.9600,40
31470510226758,08:44:30.510,247.9600,59
31470510363357,08:44:30.510,247.9600,1
31470510417377,08:44:30.510,247.9900,99
31470510417377,08:44:30.510,247.9900,40
31470510581554,08:44:30.510,247.9600,100
31470510725044,08:44:30.510,247.9600,50
31470510751644,08:44:30.510,247.9600,50
31470510766649,08:44:30.510,247.9600,50
31470510905571,08:44:30.510,247.9600,11
31470510959363,08:44:30.510,247.9900,18
31470511047221,08:44:30.511,247.9600,100
31470511268631,08:44:30.511,247.9600,50
31470511297329,08:44:30.511,247.9600,50
31470511311738,08:44:30.511,247.9600,50
31470511445855,08:44:30.511,247.9600,29
31470511712807,08:44:30.511,247.9600,3
31470511767386,08:44:30.511,247.9900,187
31470512061034,08:44:30.512,247.9600,50
31470512119563,08:44:30.512,247.9600,10
31470512126618,08:44:30.512,247.9600,50
31470512133412,08:44:30.512,247.9600,3
31470512185957,08:44:30.512,247.9900,47
31470512185957,08:44:30.512,247.9900,10
31470512185957,08:44:30.512,247.9900,30
31470512256478,08:44:30.512,247.9600,29
31470512490863,08:44:30.512,247.9600,50
31470512522897,08:44:30.512,247.9600,34
31470512574999,08:44:30.512,247.9900,16
31470512574999,08:44:30.512,247.9900,20
31470512633457,08:44:30.512,247.9600,100
31470512678431,08:44:30.512,247.9600,29
31470512875305,08:44:30.512,247.9600,35
31470512928110,08:44:30.512,247.9900,15
31470512928110,08:44:30.512,247.9900,50
31470512928110,08:44:30.512,247.9900,50
31470513061265,08:44:30.513,247.9600,29
31470513229287,08:44:30.513,247.9600,50
31470513266693,08:44:30.513,247.9600,50
31470513270018,08:44:30.513,247.9600,40
31470513385986,08:44:30.513,247.9600,16
31470513437141,08:44:30.513,247.9900,13
31470513437141,08:44:30.513,247.9900,29
31470513751826,08:44:30.513,247.9600,50
31470513772606,08:44:30.513,247.9600,50
31470513774895,08:44:30.513,247.9600,50
31470513924990,08:44:30.513,247.9600,29
31470515079544,08:44:30.515,247.9600,29
31470532605695,08:44:30.532,247.9600,150
31470532605695,08:44:30.532,248.0200,100
31470532658334,08:44:30.532,247.9800,100
31470532658334,08:44:30.532,247.9600,100
31470532658334,08:44:30.532,247.9600,100
31470533035260,08:44:30.533,247.9600,30
31470717212648,08:44:30.717,247.9600,170
31470717270316,08:44:30.717,247.9600,200
31470717328718,08:44:30.717,247.9600,130
31470717328718,08:44:30.717,247.9600,70
31470717391288,08:44:30.717,247.9600,30
31470717714502,08:44:30.717,247.9600,10
31470717727459,08:44:30.717,247.9600,100
31470717736124,08:44:30.717,247.9600,10
31470717747482,08:44:30.717,247.9600,100
31470897318500,08:44:30.897,247.9600,50
31470897374125,08:44:30.897,247.9600,200
31470897448274,08:44:30.897,247.9600,200
31470897523113,08:44:30.897,247.9600,50
31470897523113,08:44:30.897,247.9600,100
31470897845956,08:44:30.897,247.9600,10
31470897857983,08:44:30.897,247.9600,100
31470897865835,08:44:30.897,247.9600,100
31470897870112,08:44:30.897,247.9600,40
31470897924600,08:44:30.897,247.9600,60
31470897924600,08:44:30.897,247.9600,10
31470897924600,08:44:30.897,247.9600,100
31470898017873,08:44:30.898,247.9600,40
31470898249069,08:44:30.898,247.9600,50
31470898263476,08:44:30.898,247.9600,50
31470898267212,08:44:30.898,247.9600,50
31470898425748,08:44:30.898,247.9600,29
31470898974555,08:44:30.898,247.9600,11
31470899032015,08:44:30.899,247.9600,39
31470899355725,08:44:30.899,247.9600,40
31470899372531,08:44:30.899,247.9600,59
31470899377499,08:44:30.899,247.9600,59
31470899521789,08:44:30.899,247.9600,40
31470900546984,08:44:30.900,247.9600,50
31470933747049,08:44:30.933,247.9600,113
31470933747049,08:44:30.933,248.0100,100
31470933806027,08:44:30.933,247.9700,100
31470933806027,08:44:30.933,247.9600,100
31470933806027,08:44:30.933,247.9600,100
31470934209897,08:44:30.934,247.9600,50
31470934298862,08:44:30.934,247.9600,29
31470935282656,08:44:30.935,247.9600,21
31470935338421,08:44:30.935,247.9600,8
31470935653108,08:44:30.935,247.9600,100
31470935677569,08:44:30.935,247.9600,100
31470935696408,08:44:30.935,247.9600,92
31470935747559,08:44:30.935,247.9600,8
31470935838472,08:44:30.935,247.9600,40
31470936057244,08:44:30.936,247.9600,50
31470936081346,08:44:30.936,247.9600,50
31470936093103,08:44:30.936,247.9600,50
31470936876713,08:44:30.936,247.9600,50
31470968591030,08:44:30.968,247.9600,52
31470968591030,08:44:30.968,247.9900,100
31470968591030,08:44:30.968,248.0000,100
31470968591030,08:44:30.968,248.0100,100
31470968591030,08:44:30.968,248.0100,48
31471794379289,08:44:31.794,247.9800,400
31471794451584,08:44:31.794,247.9800,400
31471794514334,08:44:31.794,247.9800,200
31471794514334,08:44:31.794,247.9800,100
31471794577113,08:44:31.794,247.9800,300
31471794636123,08:44:31.794,247.9800,200
31471794695385,08:44:31.794,247.9800,245
31471794695385,08:44:31.794,247.9600,55
31471794756597,08:44:31.794,247.9600,400
31471794814197,08:44:31.794,247.9600,45
31471794814197,08:44:31.794,247.9600,100
31471794814197,08:44:31.794,247.9600,255
31471794879974,08:44:31.794,247.9600,300
31471794940815,08:44:31.794,247.9600,100
31471794940815,08:44:31.794,247.9600,200
31471795001934,08:44:31.795,247.9600,100
31471795001934,08:44:31.795,247.9600,100
31471795065740,08:44:31.795,247.9600,100
31471795065740,08:44:31.795,247.9600,10
31471795065740,08:44:31.795,247.9600,10
31471795065740,08:44:31.795,247.9600,100
31471795065740,08:44:31.795,247.9600,100
31471795065740,08:44:31.795,247.9600,80
31471795140276,08:44:31.795,247.9600,100
31471795140276,08:44:31.795,247.9600,100
31471795140276,08:44:31.795,247.9600,200
31471795209020,08:44:31.795,247.9600,40
31471795209020,08:44:31.795,247.9600,160
31471795280301,08:44:31.795,247.9600,100
31471795280301,08:44:31.795,247.9600,59
31471795280301,08:44:31.795,247.9600,141
31471795346686,08:44:31.795,247.9600,100
31471795346686,08:44:31.795,247.9600,59
31471795346686,08:44:31.795,247.9600,59
31471795346686,08:44:31.795,247.9600,29
31471795346686,08:44:31.795,247.9600,153
31471795414958,08:44:31.795,247.9600,40
31471795414958,08:44:31.795,247.9600,41
31471795414958,08:44:31.795,247.9600,219
31471795479055,08:44:31.795,247.9600,41
31471795479055,08:44:31.795,247.9600,100
31471795479055,08:44:31.795,247.9600,11
31471795479055,08:44:31.795,247.9600,148
31471796138003,08:44:31.796,247.9700,100
31471809147626,08:44:31.809,247.9700,300
31471809147626,08:44:31.809,247.9900,100
31471809203522,08:44:31.809,247.9600,100
31471809203522,08:44:31.809,247.9600,50
31471809203522,08:44:31.809,247.9600,41
31471809203522,08:44:31.809,247.9600,50
31471809203522,08:44:31.809,247.9600,70
31471809203522,08:44:31.809,247.9600,20
31471809203522,08:44:31.809,247.9600,50
31471809203522,08:44:31.809,247.9600,19
31471809276124,08:44:31.809,247.9800,200
31471809337210,08:44:31.809,247.9800,200
31471809412459,08:44:31.809,247.9800,400
31471809484802,08:44:31.809,247.9800,50
31471809484802,08:44:31.809,247.9800,150
31471809551669,08:44:31.809,247.9800,79
31471809551669,08:44:31.809,247.9600,321
31471809620346,08:44:31.809,247.9600,179
31471809620346,08:44:31.809,247.9600,44
31471809891973,08:44:31.809,247.9600,50
31471809930056,08:44:31.809,247.9600,50
31471809955878,08:44:31.809,247.9600,50
31471810118662,08:44:31.810,247.9600,27
31471810171602,08:44:31.810,247.9600,2
31471810485850,08:44:31.810,247.9600,50
31471810513767,08:44:31.810,247.9600,50
31471810517124,08:44:31.810,247.9600,50
31471810672471,08:44:31.810,247.9600,29
31471811136366,08:44:31.811,247.9600,29
31471815235412,08:44:31.815,247.9600,190
31471815291546,08:44:31.815,247.9800,10
31471829623597,08:44:31.829,247.9600,200
31471838163094,08:44:31.838,247.9500,300
31471838218283,08:44:31.838,247.9600,200
31471838533919,08:44:31.838,247.9600,50
31471838543177,08:44:31.838,247.9600,10
31471838569736,08:44:31.838,247.9600,50
31471838583140,08:44:31.838,247.9600,50
31471838601819,08:44:31.838,247.9600,10
31471838709078,08:44:31.838,247.9600,29
31471839581105,08:44:31.839,247.9600,29
31471849575556,08:44:31.849,247.9600,172
31471849575556,08:44:31.849,247.9900,78
31471879417835,08:44:31.879,247.9500,100
31471883459805,08:44:31.883,247.9500,200
31471883459805,08:44:31.883,248.0000,100
31471883513885,08:44:31.883,247.9700,100
31471883513885,08:44:31.883,247.9600,100
31471883513885,08:44:31.883,247.9600,100
31471883865181,08:44:31.883,247.9600,50
31471884006330,08:44:31.884,247.9600,29
31471885352162,08:44:31.885,247.9600,29
31472304450872,08:44:32.304,247.9600,92
31472304509631,08:44:32.304,247.9800,400
31472304578584,08:44:32.304,247.9800,400
31472304638360,08:44:32.304,247.9800,108
31472304638360,08:44:32.304,247.9800,292
31472304702264,08:44:32.304,247.9800,186
31472305038636,08:44:32.305,247.9600,100
31472305053058,08:44:32.305,247.9600,14
31472305105591,08:44:32.305,247.9800,86
31472305105591,08:44:32.305,247.9800,100
31472305195342,08:44:32.305,247.9600,40
31472305449237,08:44:32.305,247.9600,59
31472305462257,08:44:32.305,247.9600,15
31472305513358,08:44:32.305,247.9800,44
31472305513358,08:44:32.305,247.9800,59
31472305595757,08:44:32.305,247.9600,40
31472305880221,08:44:32.305,247.9600,41
31472305958422,08:44:32.305,247.9600,50
31472306010803,08:44:32.306,247.9600,29
31472310324512,08:44:32.310,247.9600,37
31472310378905,08:44:32.310,247.9900,204
31472310705709,08:44:32.310,247.9600,10
31472310720648,08:44:32.310,247.9600,59
31472310723401,08:44:32.310,247.9600,27
31472310774407,08:44:32.310,247.9900,32
31472310774407,08:44:32.310,247.9900,59
31472310774407,08:44:32.310,247.9900,10
31472310876424,08:44:32.310,247.9600,40
31472310997353,08:44:32.310,247.9600,100
31472311093387,08:44:32.311,247.9600,59
31472311107748,08:44:32.311,247.9600,59
31472311120556,08:44:32.311,247.9600,41
31472311172385,08:44:32.311,247.9900,18
31472311276846,08:44:32.311,247.9600,40
31472311493435,08:44:32.311,247.9600,59
31472311508741,08:44:32.311,247.9600,59
31472311526869,08:44:32.311,247.9600,24
31472311577917,08:44:32.311,247.9900,35
31472311673024,08:44:32.311,247.9600,11
31472311746370,08:44:32.311,247.9600,100
31472311880956,08:44:32.311,247.9600,59
31472311893589,08:44:32.311,247.9600,41
31472311919166,08:44:32.311,247.9600,54
31472311968889,08:44:32.311,247.9900,5
31472312067823,08:44:32.312,247.9600,50
31472312074895,08:44:32.312,247.9600,40
31472312281514,08:44:32.312,247.9600,54
31472312306175,08:44:32.312,247.9600,51
31472312358942,08:44:32.312,247.9900,3
31472312361343,08:44:32.312,247.9600,59
31472312457590,08:44:32.312,247.9600,40
31472312663691,08:44:32.312,247.9600,59
31472312698972,08:44:32.312,247.9600,59
31472312709622,08:44:32.312,247.9600,41
31472312849523,08:44:32.312,247.9600,40
31472313344413,08:44:32.313,247.9600,50
31472313793563,08:44:32.313,247.9600,49
31472313847071,08:44:32.313,247.9900,33
31472314151789,08:44:32.314,247.9600,10
31472314162156,08:44:32.314,247.9600,59
31472314179651,08:44:32.314,247.9600,59
31472314204326,08:44:32.314,247.9600,10
31472314213340,08:44:32.314,247.9600,29
31472314274263,08:44:32.314,247.9900,30
31472314335298,08:44:32.314,247.9600,40
31472314581842,08:44:32.314,247.9600,59
31472314609526,08:44:32.314,247.9600,59
31472314615895,08:44:32.314,247.9600,59
31472314761778,08:44:32.314,247.9600,40
31472315214619,08:44:32.315,247.9600,13
31472315270407,08:44:32.315,247.9900,37
31472315575896,08:44:32.315,247.9600,13
31472315603855,08:44:32.315,247.9600,59
31472315606904,08:44:32.315,247.9600,59
31472315758123,08:44:32.315,247.9600,40
31472316455870,08:44:32.316,247.9600,50
31472816143637,08:44:32.816,247.9600,42
31472816197738,08:44:32.816,247.9800,200
31472816255846,08:44:32.816,247.9800,300
31472816312360,08:44:32.816,247.9800,300
31472816371449,08:44:32.816,247.9800,158
31472816371449,08:44:32.816,247.9800,142
31472816436665,08:44:32.816,247.9800,200
31472816498599,08:44:32.816,247.9800,99
31472816828975,08:44:32.816,247.9600,100
31472816841145,08:44:32.816,247.9600,100
31472816868214,08:44:32.816,247.9600,1
31472816925506,08:44:32.816,247.9800,99
31472816995590,08:44:32.816,247.9600,40
31472817259896,08:44:32.817,247.9600,59
31472817273600,08:44:32.817,247.9600,2
31472817335961,08:44:32.817,247.9800,57
31472817335961,08:44:32.817,247.9800,23
31472817418170,08:44:32.817,247.9600,20
31472817694953,08:44:32.817,247.9600,50
31472817777431,08:44:32.817,247.9600,30
31472817780898,08:44:32.817,247.9600,20
31472817842315,08:44:32.817,247.9800,29
31472818167177,08:44:32.818,247.9600,59
31472818174753,08:44:32.818,247.9600,50
31472818182499,08:44:32.818,247.9600,21
31472818183882,08:44:32.818,247.9600,59
31472818185280,08:44:32.818,247.9600,59
31472818221522,08:44:32.818,247.9600,9
31472818223917,08:44:32.818,247.9600,14
31472822030568,08:44:32.822,247.9600,241
31475269564968,08:44:35.269,247.9600,59
31475269629982,08:44:35.269,247.9600,41
31475269995398,08:44:35.269,247.9500,100
31475270005363,08:44:35.270,247.9500,10
31475270011586,08:44:35.270,247.9500,100
31475270019959,08:44:35.270,247.9500,49
31475270078090,08:44:35.270,247.9600,51
31475270078090,08:44:35.270,247.9600,10
31475270133544,08:44:35.270,247.9500,40
31475270163099,08:44:35.270,247.9500,99
31475270215524,08:44:35.270,247.9600,1
31475270295918,08:44:35.270,247.9600,100
31475270409477,08:44:35.270,247.9600,50
31475270428825,08:44:35.270,247.9600,50
31475270431212,08:44:35.270,247.9600,50
31475270548416,08:44:35.270,247.9600,40
31475270559920,08:44:35.270,247.9600,9
31475270612770,08:44:35.270,247.9600,50
31475270612770,08:44:35.270,247.9600,59
31475270612770,08:44:35.270,247.9600,29
31475270696343,08:44:35.270,247.9600,100
31475270705075,08:44:35.270,247.9600,40
31475270938097,08:44:35.270,247.9600,100
31475270945867,08:44:35.270,247.9600,22
31475270997562,08:44:35.270,247.9600,37
31475270997562,08:44:35.270,247.9600,59
31475271075939,08:44:35.271,247.9600,100
31475271113596,08:44:35.271,247.9600,4
31475271167402,08:44:35.271,247.9600,36
31475271167402,08:44:35.271,247.9600,50
31475271244864,08:44:35.271,247.9600,100
31475271328730,08:44:35.271,247.9600,50
31475271346612,08:44:35.271,247.9600,50
31475271499818,08:44:35.271,247.9600,14
31475271555900,08:44:35.271,247.9600,36
31475271555900,08:44:35.271,247.9600,50
31475271889828,08:44:35.271,247.9600,50
31475271917604,08:44:35.271,247.9600,50
31475272700438,08:44:35.272,247.9600,29
31481968418152,08:44:41.968,247.9600,100
31481968479463,08:44:41.968,247.9600,400
31481968543385,08:44:41.968,247.9600,100
31481968543385,08:44:41.968,247.9600,100
31481968915630,08:44:41.968,247.9600,10
31481968925894,08:44:41.968,247.9600,100
31481968934325,08:44:41.968,247.9600,100
31481968947098,08:44:41.968,247.9600,90
31481969001933,08:44:41.969,247.9600,10
31481969007870,08:44:41.969,247.9600,100
31481969060934,08:44:41.969,247.9600,40
31481969330257,08:44:41.969,247.9600,59
31481969360365,08:44:41.969,247.9600,59
31481969362980,08:44:41.969,247.9600,32
31481969418443,08:44:41.969,247.9900,100
31481969418443,08:44:41.969,247.9600,27
31481969426884,08:44:41.969,247.9600,27
31481969496384,08:44:41.969,247.9600,13
31481969549912,08:44:41.969,247.9600,133
31481969606960,08:44:41.969,247.9900,67
31481969721030,08:44:41.969,247.9600,100
31481969754748,08:44:41.969,247.9600,59
31481969774411,08:44:41.969,247.9600,59
31481969920330,08:44:41.969,247.9600,40
31481970428158,08:44:41.970,247.9600,50
31482004039933,08:44:42.004,247.9600,25
31482004039933,08:44:42.004,248.0000,100
31482004039933,08:44:42.004,248.0000,100
31482004098247,08:44:42.004,247.9700,100
31482004098247,08:44:42.004,247.9600,100
31482004098247,08:44:42.004,247.9600,100
31482004165228,08:44:42.004,247.9600,100
31482004559019,08:44:42.004,247.9500,30
31482004560897,08:44:42.004,247.9500,30
31482005003405,08:44:42.005,247.9500,30
31482005825914,08:44:42.005,247.9600,26
31482040532982,08:44:42.040,247.9600,174
31482040532982,08:44:42.040,247.9900,26
31482040590552,08:44:42.040,247.9500,100
31482040674377,08:44:42.040,247.9500,100
31482040914435,08:44:42.040,247.9500,50
31482040933443,08:44:42.040,247.9500,50
31482040985744,08:44:42.040,247.9500,50
31482040988902,08:44:42.040,247.9500,46
31482542226586,08:44:42.542,247.9600,300
31482542310775,08:44:42.542,247.9600,400
31482542404116,08:44:42.542,247.9600,300
31482542404116,08:44:42.542,247.9600,100
31482542472349,08:44:42.542,247.9600,187
31482542472349,08:44:42.542,247.9600,113
31482542541152,08:44:42.542,247.9600,200
31482542603159,08:44:42.542,247.9600,300
31482542663611,08:44:42.542,247.9600,400
31482542727870,08:44:42.542,247.9600,167
31482543077697,08:44:42.543,247.9600,100
31482543084890,08:44:42.543,247.9600,33
31482543139364,08:44:42.543,247.9600,67
31482543139364,08:44:42.543,247.9600,100
31482543224476,08:44:42.543,247.9600,40
31482543475945,08:44:42.543,247.9600,59
31482543505604,08:44:42.543,247.9600,59
31482543510607,08:44:42.543,247.9600,59
31482543636581,08:44:42.543,247.9600,16
31482543691983,08:44:42.543,247.9600,24
31482544018482,08:44:42.544,247.9600,50
31482544038256,08:44:42.544,247.9600,50
31482544050400,08:44:42.544,247.9600,50
31482544192896,08:44:42.544,247.9600,26
31482544247447,08:44:42.544,247.9600,3
31482544410264,08:44:42.544,247.9600,50
31482544575094,08:44:42.544,247.9600,59
31482544587595,08:44:42.544,247.9600,59
31482544600627,08:44:42.544,247.9600,59
31482544752159,08:44:42.544,247.9600,40
31482545741112,08:44:42.545,247.9600,30
31482545794175,08:44:42.545,247.9600,20
31482546141152,08:44:42.546,247.9600,50
31482546142236,08:44:42.546,247.9600,50
31482546145007,08:44:42.546,247.9600,50
31482546293357,08:44:42.546,247.9600,29
31482547229520,08:44:42.547,247.9600,1
31482547288003,08:44:42.547,247.9600,28
31482547617363,08:44:42.547,247.9600,50
31482547630947,08:44:42.547,247.9600,50
31482547632138,08:44:42.547,247.9600,50
31482547782632,08:44:42.547,247.9600,22
31482548113569,08:44:42.548,247.9600,100
31482548165457,08:44:42.548,247.9700,200
31482548227140,08:44:42.548,247.9700,200
31482548552027,08:44:42.548,247.9600,10
31482548563149,08:44:42.548,247.9600,41
31482548565035,08:44:42.548,247.9600,10
31482548684118,08:44:42.548,247.9600,29
31482578964150,08:44:42.578,247.9600,10
31482578964150,08:44:42.578,247.9900,100
31482579020545,08:44:42.579,247.9600,100
31482579020545,08:44:42.579,247.9500,100
31482579378819,08:44:42.579,247.9500,18
31482579390652,08:44:42.579,247.9500,59
31482579516316,08:44:42.579,247.9500,40
31482580586719,08:44:42.580,247.9500,50
31482690761081,08:44:42.690,247.9500,233
31482690815148,08:44:42.690,247.9600,300
31482690877072,08:44:42.690,247.9600,67
31482691202779,08:44:42.691,247.9600,100
31482691224699,08:44:42.691,247.9600,41
31482691240306,08:44:42.691,247.9600,92
31482691291846,08:44:42.691,247.9600,8
31482691379465,08:44:42.691,247.9600,40
31482691613150,08:44:42.691,247.9600,59
31482691627546,08:44:42.691,247.9600,59
31482691646381,08:44:42.691,247.9600,59
31482691672433,08:44:42.691,247.9600,30
31482691673552,08:44:42.691,247.9600,30
31482691792314,08:44:42.691,247.9600,15
31482691844984,08:44:42.691,247.9600,5
31482692160743,08:44:42.692,247.9600,39
31482692169947,08:44:42.692,247.9600,200
31482692172356,08:44:42.692,247.9600,10
31482692188050,08:44:42.692,247.9600,46
31482692243188,08:44:42.692,247.9600,13
31482692243188,08:44:42.692,247.9600,59
31482692243188,08:44:42.692,247.9600,10
31482692257155,08:44:42.692,247.9600,30
31482692260241,08:44:42.692,247.9600,29
31482692577374,08:44:42.692,247.9600,41
31482692591656,08:44:42.692,247.9600,18
31482692646654,08:44:42.692,247.9600,32
31482692646654,08:44:42.692,247.9600,50
31482692733644,08:44:42.692,247.9600,29
31482692957040,08:44:42.692,247.9600,50
31482692986489,08:44:42.692,247.9600,39
31482693039128,08:44:42.693,247.9600,11
31482693039128,08:44:42.693,247.9600,32
31482693137562,08:44:42.693,247.9600,29
31482693345719,08:44:42.693,247.9600,31
31482693371611,08:44:42.693,247.9600,31
31482693391049,08:44:42.693,247.9600,50
31482693529568,08:44:42.693,247.9600,29
31482694009131,08:44:42.694,247.9600,29
31482696442770,08:44:42.696,247.9600,100
31482696707982,08:44:42.696,247.9600,58
31482696762158,08:44:42.696,247.9700,42
31482697072452,08:44:42.697,247.9600,10
31482697100933,08:44:42.697,247.9600,10
31482697120758,08:44:42.697,247.9600,50
31482698391409,08:44:42.698,247.9600,100
31484863828117,08:44:44.863,247.9600,100
31486942962693,08:44:46.942,247.9600,200
31486943021328,08:44:46.943,247.9600,400
31486943081483,08:44:46.943,247.9600,200
31486943144251,08:44:46.943,247.9600,200
31486943513789,08:44:46.943,247.9600,50
31486943530241,08:44:46.943,247.9600,50
31486943582348,08:44:46.943,247.9600,10
31486943582348,08:44:46.943,247.9600,50
31486943582348,08:44:46.943,247.9600,10
31486943657556,08:44:46.943,247.9600,29
31486943923266,08:44:46.943,247.9600,50
31486943936806,08:44:46.943,247.9600,40
31486943946556,08:44:46.943,247.9600,50
31486944084286,08:44:46.944,247.9600,29
31486944594909,08:44:46.944,247.9600,29
31487994338485,08:44:47.994,247.9600,3
31487994399064,08:44:47.994,247.9600,300
31487994475206,08:44:47.994,247.9600,300
31487994551634,08:44:47.994,247.9600,300
31487994618790,08:44:47.994,247.9600,200
31487994683645,08:44:47.994,247.9600,300
31487994748574,08:44:47.994,247.9600,197
31487995089374,08:44:47.995,247.9600,10
31487995100454,08:44:47.995,247.9600,100
31487995111979,08:44:47.995,247.9600,93
31487995166487,08:44:47.995,247.9600,7
31487995166487,08:44:47.995,247.9600,100
31487995255748,08:44:47.995,247.9600,40
31487995525767,08:44:47.995,247.9600,59
31487995526895,08:44:47.995,247.9600,59
31487995555504,08:44:47.995,247.9600,100
31487995603240,08:44:47.995,247.9600,30
31487995605936,08:44:47.995,247.9600,5
31487995668341,08:44:47.995,247.9600,40
31487996101471,08:44:47.996,247.9600,100
31487996179394,08:44:47.996,247.9600,50
31488000409303,08:44:48.000,247.9600,10
31488000465241,08:44:48.000,247.9700,90
31488000776899,08:44:48.000,247.9600,59
31488000795647,08:44:48.000,247.9600,10
31488000813163,08:44:48.000,247.9600,59
31488000817027,08:44:48.000,247.9600,59
31488000840327,08:44:48.000,247.9600,10
31488000962448,08:44:48.000,247.9600,13
31488001014370,08:44:48.001,247.9700,7
31488001325490,08:44:48.001,247.9600,59
31488001351734,08:44:48.001,247.9600,59
31488001363931,08:44:48.001,247.9600,59
31488001515231,08:44:48.001,247.9600,40
31488001877848,08:44:48.001,247.9600,50
31489348344202,08:44:49.348,247.9600,126
31489348421506,08:44:49.348,247.9600,400
31489348485340,08:44:49.348,247.9600,400
31489348551269,08:44:49.348,247.9600,90
31489348551269,08:44:49.348,247.9600,210
31489348617750,08:44:49.348,247.9600,400
33334299053123,09:15:34.299,248.4200,400
33550440475646,09:19:10.440,248.4200,100
33562239970833,09:19:22.239,248.4200,500
33608780309647,09:20:08.780,248.3400,100
33608781636930,09:20:08.781,248.3400,59
33988139781206,09:26:28.139,248.4800,30
33988142671221,09:26:28.142,248.4700,90
33988143000428,09:26:28.143,248.4800,90
33988145020781,09:26:28.145,248.4800,30
33988149779004,09:26:28.149,248.4500,100
33988150122625,09:26:28.150,248.4800,50
33988150902671,09:26:28.150,248.4800,100
33988152300625,09:26:28.152,248.4500,50
33992352601597,09:26:32.352,248.4700,15
33997382255622,09:26:37.382,248.4800,100
33997395123507,09:26:37.395,248.4700,100
33997395123507,09:26:37.395,248.4600,100
33997395123507,09:26:37.395,248.4500,100
33997405302244,09:26:37.405,248.4700,100
33997405320346,09:26:37.405,248.4700,120
33997405320346,09:26:37.405,248.4800,30
33997426604201,09:26:37.426,248.4500,30
33997426604201,09:26:37.426,248.4500,20
33997426604201,09:26:37.426,248.4500,30
34135027139173,09:28:55.027,248.3400,30
34200280120251,09:30:00.280,0.0000,0
34200557820175,09:30:00.557,248.4200,150
34200735610232,09:30:00.735,248.4600,1
34200735610232,09:30:00.735,248.4600,2
34201044776365,09:30:01.044,248.4500,200
34201044807191,09:30:01.044,248.4500,100
34210885146833,09:30:10.885,248.3900,22
34210885146833,09:30:10.885,248.3900,46
34210885146833,09:30:10.885,248.3900,132
34211983127647,09:30:11.983,248.3700,100
34211983127647,09:30:11.983,248.3700,200
34212031354745,09:30:12.031,248.3700,12
34212031354745,09:30:12.031,248.3700,200
34212031354745,09:30:12.031,248.3800,23
34216097874111,09:30:16.097,248.3800,22
34218537775885,09:30:18.537,248.3700,100
34218537775885,09:30:18.537,248.3600,100
34218679959670,09:30:18.679,248.3900,23
34219604899957,09:30:19.604,248.3600,39
34219604948549,09:30:19.604,248.3600,61
34219604948549,09:30:19.604,248.3600,39
34219604968891,09:30:19.604,248.3600,11
34221711513557,09:30:21.711,248.3700,23
34222191505343,09:30:22.191,248.3900,23
34225634844440,09:30:25.634,248.3500,23
34226811457768,09:30:26.811,248.3600,15
34230327557811,09:30:30.327,248.4500,100
34230602156216,09:30:30.602,248.4500,25
34230602156216,09:30:30.602,248.4500,75
34230656247876,09:30:30.656,248.4600,25
34231343452288,09:30:31.343,248.4900,100
34231343452288,09:30:31.343,248.4900,100
34231364185984,09:30:31.364,248.4700,15
34231553263225,09:30:31.553,248.4800,200
34233722405661,09:30:33.722,248.4300,60
34233722487083,09:30:33.722,248.4300,100
34233722530562,09:30:33.722,248.4300,40
34233787072417,09:30:33.787,248.4500,200
34235011389784,09:30:35.011,248.4300,200
34235011389784,09:30:35.011,248.4300,200
34235313867610,09:30:35.313,248.4600,100
34260437054258,09:31:00.437,248.4300,1
34262001686936,09:31:02.001,248.4200,100
34262001706695,09:31:02.001,248.4200,100
34262001717308,09:31:02.001,248.4200,47
34262001733723,09:31:02.001,248.4200,53
34263126331326,09:31:03.126,248.3900,64
34264957164726,09:31:04.957,248.3500,100
34264957203124,09:31:04.957,248.3500,100
34265057705715,09:31:05.057,248.3900,1
34267808679419,09:31:07.808,248.3900,100
34267808974833,09:31:07.808,248.4000,100
34267833224814,09:31:07.833,248.3700,30
34267834219965,09:31:07.834,248.3500,200
34268869567526,09:31:08.869,248.3600,30
34268869594300,09:31:08.869,248.3600,70
34268869594300,09:31:08.869,248.3600,10
34268869600107,09:31:08.869,248.3500,100
34268869620328,09:31:08.869,248.3500,100
34268869641589,09:31:08.869,248.3500,59
34268873453010,09:31:08.873,248.3600,7
34268873479191,09:31:08.873,248.3600,93
34268873479191,09:31:08.873,248.3600,59
34269000241518,09:31:09.000,248.3700,10
34269000266912,09:31:09.000,248.3700,90
34269000266912,09:31:09.000,248.3700,72
34269000266912,09:31:09.000,248.3700,10
34269771981069,09:31:09.771,248.3600,100
34274243970274,09:31:14.243,248.4400,300
34283542422361,09:31:23.542,248.4100,10
34283542448231,09:31:23.542,248.4200,10
34286623519461,09:31:26.623,248.4300,1
34286623519461,09:31:26.623,248.4300,130
34295383652256,09:31:35.383,248.4800,100
34303498673359,09:31:43.498,248.4300,63
34305131515850,09:31:45.131,248.4400,10
34310880993575,09:31:50.880,248.4100,80
34313443842569,09:31:53.443,248.4400,10
34314741812570,09:31:54.741,248.4200,100
34320032043780,09:32:00.032,248.4400,10
34320032527371,09:32:00.032,248.4500,44
34320032553429,09:32:00.032,248.4500,56
34320033247094,09:32:00.033,248.4500,100
34320036428220,09:32:00.036,248.4500,44
34321027409260,09:32:01.027,248.5100,44
34321027409260,09:32:01.027,248.5100,100
34325399259777,09:32:05.399,248.5200,100
34325399259777,09:32:05.399,248.5200,200
34325399752960,09:32:05.399,248.5200,100
34325412290060,09:32:05.412,248.5200,300
34325412555032,09:32:05.412,248.5200,200
34325412624844,09:32:05.412,248.5200,200
34325413117320,09:32:05.413,248.5200,200
34325413117320,09:32:05.413,248.5200,100
34325413366519,09:32:05.413,248.5200,100
34325413368400,09:32:05.413,248.5200,100
34325416121065,09:32:05.416,248.5300,100
34325811158141,09:32:05.811,248.5300,100
34325811158141,09:32:05.811,248.5300,100
34325811158141,09:32:05.811,248.5300,200
34325939181539,09:32:05.939,248.5400,200
34325939181539,09:32:05.939,248.5400,100
34325939181539,09:32:05.939,248.5400,100
34326068660303,09:32:06.068,248.5400,100
34326971302046,09:32:06.971,248.5700,200
34326971302046,09:32:06.971,248.5700,200
34326977863208,09:32:06.977,248.5700,100
34326977863208,09:32:06.977,248.5700,100
34327505596350,09:32:07.505,248.5800,30
34327507155475,09:32:07.507,248.5700,100
34327776776905,09:32:07.776,248.5800,100
34328403611577,09:32:08.403,248.5700,100
34328407396702,09:32:08.407,248.5700,100
34328407396702,09:32:08.407,248.5700,100
34330074796723,09:32:10.074,248.5300,100
34330678542734,09:32:10.678,248.5200,100
34331877787270,09:32:11.877,248.5400,100
34331877915851,09:32:11.877,248.5400,100
34331878004551,09:32:11.878,248.5400,37
34331878030836,09:32:11.878,248.5400,63
34331878030836,09:32:11.878,248.5400,100
34331878308934,09:32:11.878,248.5400,100
34331878492636,09:32:11.878,248.5400,100
34331879008756,09:32:11.879,248.5400,100
34331879008756,09:32:11.879,248.5400,100
34331879008756,09:32:11.879,248.5400,100
34331879008756,09:32:11.879,248.5400,100
34331879077266,09:32:11.879,248.5400,300
34332323822816,09:32:12.323,248.5400,100
34332324003741,09:32:12.324,248.5400,100
34332324667345,09:32:12.324,248.5400,50
34332324704291,09:32:12.324,248.5400,150
34332324883982,09:32:12.324,248.5400,100
34333033860561,09:32:13.033,248.5400,35
34333043179983,09:32:13.043,248.5400,65
34333043179983,09:32:13.043,248.5400,100
34333043179983,09:32:13.043,248.5400,100
34333043179983,09:32:13.043,248.5400,35
34333043224784,09:32:13.043,248.5400,35
34333043228324,09:32:13.043,248.5400,30
34333043228324,09:32:13.043,248.5400,70
34333044353262,09:32:13.044,248.5400,30
34333044353262,09:32:13.044,248.5400,70
34333045456000,09:32:13.045,248.5400,35
34333048706627,09:32:13.048,248.5400,29
34333050928935,09:32:13.050,248.5400,29
34333051289349,09:32:13.051,248.5400,37
34333051289349,09:32:13.051,248.5400,10
34333051289349,09:32:13.051,248.5400,100
34333051289349,09:32:13.051,248.5400,35
34333051289349,09:32:13.051,248.5400,65
34333051475499,09:32:13.051,248.5400,100
34333414898386,09:32:13.414,248.5300,400
34333414898386,09:32:13.414,248.5300,100
34333414898386,09:32:13.414,248.5300,100
34333414898386,09:32:13.414,248.5300,100
34333414898386,09:32:13.414,248.5300,100
34333414898386,09:32:13.414,248.5300,200
34333414898386,09:32:13.414,248.5300,100
34333414898386,09:32:13.414,248.5300,100
34333414992167,09:32:13.414,248.5300,100
34333414992167,09:32:13.414,248.5300,100
34333414992167,09:32:13.414,248.5300,128
34333415022451,09:32:13.415,248.5300,1100
34334553600157,09:32:14.553,248.5000,100
34334553627040,09:32:14.553,248.5000,100
34334553627040,09:32:14.553,248.5000,100
34334553627040,09:32:14.553,248.5000,100
34334553627040,09:32:14.553,248.5000,100
34335419713636,09:32:15.419,248.5500,30
34337166548985,09:32:17.166,248.5400,100
34337301496996,09:32:17.301,248.5500,4
34337302053256,09:32:17.302,248.5400,72
34337302053256,09:32:17.302,248.5500,28
34337426381750,09:32:17.426,248.5500,168
34337426381750,09:32:17.426,248.5500,104
34337426381750,09:32:17.426,248.5500,28
34337426677842,09:32:17.426,248.5500,100
34337945876089,09:32:17.945,248.5600,24
34337945902631,09:32:17.945,248.5600,7
34337945917619,09:32:17.945,248.5600,37
34337945917619,09:32:17.945,248.5600,93
34337965405202,09:32:17.965,248.5600,24
34337965949225,09:32:17.965,248.5600,83
34337965949225,09:32:17.965,248.5600,32
34337965949225,09:32:17.965,248.5600,100
34337965949225,09:32:17.965,248.5600,185
34337965986927,09:32:17.965,248.5600,15
34337965986927,09:32:17.965,248.5600,24
34337965986927,09:32:17.965,248.5600,7
34337965986927,09:32:17.965,248.5600,54
34337966003209,09:32:17.966,248.5600,39
34337966003209,09:32:17.966,248.5600,37
34337966003209,09:32:17.966,248.5600,24
34337966003209,09:32:17.966,248.5600,83
34337966007868,09:32:17.966,248.5600,32
34337966024218,09:32:17.966,248.5600,24
34337966040675,09:32:17.966,248.5600,7
34337966056920,09:32:17.966,248.5600,54
34337966075831,09:32:17.966,248.5600,24
34337966099600,09:32:17.966,248.5600,39
34337966109549,09:32:17.966,248.5600,37
34337966196734,09:32:17.966,248.5600,46
34337966196734,09:32:17.966,248.5600,37
34338017051876,09:32:18.017,248.5600,200
34338017051876,09:32:18.017,248.5600,100
34338017051876,09:32:18.017,248.5600,100
34339161528042,09:32:19.161,248.5600,100
34339185678792,09:32:19.185,248.5600,100
34339261264989,09:32:19.261,248.5600,5
34339263483688,09:32:19.263,248.5600,5
34339265694605,09:32:19.265,248.5600,24
34339267899048,09:32:19.267,248.5600,24
34339270105913,09:32:19.270,248.5600,24
34339270167199,09:32:19.270,248.5600,18
34342857264942,09:32:22.857,248.5300,10
34347248543193,09:32:27.248,248.5500,41
34347248914018,09:32:27.248,248.5500,456
34347248996425,09:32:27.248,248.5500,403
34351026896394,09:32:31.026,248.5900,41
34351032295722,09:32:31.032,248.5900,34
34351037486643,09:32:31.037,248.5900,25
34353011918958,09:32:33.011,248.5800,100
34359066328622,09:32:39.066,248.5800,100
34360694414627,09:32:40.694,248.5800,14
34360694483510,09:32:40.694,248.5800,86
34360761218807,09:32:40.761,248.6000,100
34360761221871,09:32:40.761,248.6000,100
34366651278522,09:32:46.651,248.5800,15
34370012384123,09:32:50.012,248.5900,100
34370020795499,09:32:50.020,248.5900,100
34372398867835,09:32:52.398,248.6100,100
34372399332668,09:32:52.399,248.6100,100
34372399372295,09:32:52.399,248.6100,100
34380685308451,09:33:00.685,248.5100,100
34380685308451,09:33:00.685,248.5100,100
34381888767249,09:33:01.888,248.4900,10
34382536888411,09:33:02.536,248.5000,100
34382536888411,09:33:02.536,248.5000,10
34382572740682,09:33:02.572,248.5100,100
34382577505471,09:33:02.577,248.5400,100
34384434149710,09:33:04.434,248.5400,100
34384436147183,09:33:04.436,248.5400,100
34399077256729,09:33:19.077,248.4200,2000
34400054910578,09:33:20.054,248.4400,5
34400857852401,09:33:20.857,248.4200,10
34401281069907,09:33:21.281,248.4000,21
34410152438291,09:33:30.152,248.3900,100
34410152438291,09:33:30.152,248.3900,100
34410152438291,09:33:30.152,248.3900,100
34410152438291,09:33:30.152,248.3900,80
34414582115469,09:33:34.582,248.3500,40
34414586800148,09:33:34.586,248.3500,32
34414591788296,09:33:34.591,248.3500,24
34414597149639,09:33:34.597,248.3500,4
34414597149639,09:33:34.597,248.3500,16
34414599457237,09:33:34.599,248.3500,20
34414602885453,09:33:34.602,248.3500,16
34414603976378,09:33:34.603,248.3500,48
34420348137123,09:33:40.348,248.3000,10
34422423403099,09:33:42.423,248.3100,10
34426753943190,09:33:46.753,248.3500,100
34426753943190,09:33:46.753,248.3500,100
34430128751885,09:33:50.128,248.3400,100
34432783163719,09:33:52.783,248.2800,53
34433260777259,09:33:53.260,248.2500,1
34433260777259,09:33:53.260,248.2500,10
34433263502363,09:33:53.263,248.2300,100
34436523143027,09:33:56.523,248.2000,14
34438659200606,09:33:58.659,248.2100,14
34445701048091,09:34:05.701,248.2900,100
34445701048091,09:34:05.701,248.2900,100
34445701235128,09:34:05.701,248.2900,100
34445701516490,09:34:05.701,248.2900,80
34445704122227,09:34:05.704,248.3000,100
34445704367915,09:34:05.704,248.3000,100
34445714392790,09:34:05.714,248.3000,100
34445714465259,09:34:05.714,248.3000,100
34445714465259,09:34:05.714,248.3000,100
34445776492057,09:34:05.776,248.3200,100
34445776591390,09:34:05.776,248.3200,100
34445779944671,09:34:05.779,248.3200,100
34445779944671,09:34:05.779,248.3200,100
34445834881133,09:34:05.834,248.3300,100
34445841528250,09:34:05.841,248.3400,100
34445841528250,09:34:05.841,248.3400,20
34449666883492,09:34:09.666,248.2900,2
34450736146671,09:34:10.736,248.2700,2
34451090383011,09:34:11.090,248.2800,100
34451090410471,09:34:11.090,248.2800,10
34451262322819,09:34:11.262,248.2900,100
34454247489755,09:34:14.247,248.2500,2
34455670030573,09:34:15.670,248.2500,2
34455782397540,09:34:15.782,248.2500,2
34455784609695,09:34:15.784,248.2500,2
34476790235494,09:34:36.790,248.3700,10
34481483930470,09:34:41.483,248.3200,8
34481483972749,09:34:41.483,248.3200,92
34516335407577,09:35:16.335,248.3400,100
34516335407577,09:35:16.335,248.3400,200
34522500830131,09:35:22.500,248.4000,100
34529951206805,09:35:29.951,248.3500,94
34529954776645,09:35:29.954,248.3500,6
34529954776645,09:35:29.954,248.3500,10
34529956993574,09:35:29.956,248.3400,100
34529957108172,09:35:29.957,248.3500,53
34529957120977,09:35:29.957,248.3500,47
34529957120977,09:35:29.957,248.3500,200
34529959261341,09:35:29.959,248.3500,100
34529959261341,09:35:29.959,248.3500,15
34529967534496,09:35:29.967,248.3500,94
34530023345872,09:35:30.023,248.3500,6
34530023345872,09:35:30.023,248.3500,71
34530076047745,09:35:30.076,248.3600,100
34530076047745,09:35:30.076,248.3600,200
34530933999312,09:35:30.933,248.3500,10
34536476292063,09:35:36.476,248.3300,10
34545683970379,09:35:45.683,248.3500,49
34551678910837,09:35:51.678,248.3400,100
34557080924115,09:35:57.080,248.4000,10
34561512876651,09:36:01.512,248.4000,10
34593832260664,09:36:33.832,248.4300,22
34593836002806,09:36:33.836,248.4300,26
34593836212978,09:36:33.836,248.4300,52
34602200847863,09:36:42.200,248.3600,15
34602225342707,09:36:42.225,248.3600,100
34602245572356,09:36:42.245,248.3500,100
34602245572356,09:36:42.245,248.3500,10
34602245572356,09:36:42.245,248.3500,300
34602245572356,09:36:42.245,248.3500,100
34602245572356,09:36:42.245,248.3500,390
34602328994796,09:36:42.328,248.3500,300
34602352678489,09:36:42.352,248.3500,100
34602405435703,09:36:42.405,248.3500,100
34602427028462,09:36:42.427,248.3400,100
34602427028462,09:36:42.427,248.3400,100
34602427028462,09:36:42.427,248.3400,100
34602427028462,09:36:42.427,248.3400,100
34602429091706,09:36:42.429,248.3500,15
34602430391165,09:36:42.430,248.3500,100
34602430391165,09:36:42.430,248.3500,100
34602431492554,09:36:42.431,248.3500,100
34602431492554,09:36:42.431,248.3500,100
34602432200307,09:36:42.432,248.3500,100
34602447074071,09:36:42.447,248.3500,100
34602475938625,09:36:42.475,248.3400,200
34602475938625,09:36:42.475,248.3400,100
34602551776711,09:36:42.551,248.3400,100
34602581025981,09:36:42.581,248.3400,15
34602581838840,09:36:42.581,248.3400,100
34602581838840,09:36:42.581,248.3400,100
34602583265577,09:36:42.583,248.3400,100
34602583524485,09:36:42.583,248.3400,100
34602583524485,09:36:42.583,248.3400,100
34602584875828,09:36:42.584,248.3400,100
34602588316812,09:36:42.588,248.3400,100
34602589459635,09:36:42.589,248.3400,100
34602589459635,09:36:42.589,248.3400,75
34602605559126,09:36:42.605,248.3400,5
34602605599169,09:36:42.605,248.3400,95
34602626479591,09:36:42.626,248.3300,100
34602646934693,09:36:42.646,248.3300,100
34602648056630,09:36:42.648,248.3300,100
34602665659371,09:36:42.665,248.3300,100
34602668453015,09:36:42.668,248.3300,100
34602683208245,09:36:42.683,248.3400,100
34602685280273,09:36:42.685,248.3300,100
34602685280273,09:36:42.685,248.3300,100
34602719485512,09:36:42.719,248.3200,100
34602748474894,09:36:42.748,248.3200,200
34602767421870,09:36:42.767,248.3200,100
34602767421870,09:36:42.767,248.3200,100
34602773851953,09:36:42.773,248.3300,30
34602773851953,09:36:42.773,248.3300,100
34602773851953,09:36:42.773,248.3300,50
34602805761089,09:36:42.805,248.3200,50
34602805761089,09:36:42.805,248.3200,50
34602807940938,09:36:42.807,248.3300,200
34602845427146,09:36:42.845,248.3300,100
34602921944719,09:36:42.921,248.3200,100
34602921944719,09:36:42.921,248.3200,100
34603018652758,09:36:43.018,248.3300,100
34603018652758,09:36:43.018,248.3300,100
34603018652758,09:36:43.018,248.3300,10
34603041680626,09:36:43.041,248.3200,100
34603041680626,09:36:43.041,248.3200,200
34603043919823,09:36:43.043,248.3200,100
34603043919823,09:36:43.043,248.3300,100
34603078038151,09:36:43.078,248.3200,100
34603078038151,09:36:43.078,248.3200,100
34603105958627,09:36:43.105,248.3200,100
34603105958627,09:36:43.105,248.3200,100
34603162273777,09:36:43.162,248.3100,100
34603162273777,09:36:43.162,248.3100,100
34603184303930,09:36:43.184,248.3100,100
34603184303930,09:36:43.184,248.3100,100
34603184303930,09:36:43.184,248.3100,100
34603454346795,09:36:43.454,248.3100,30
34603455089718,09:36:43.455,248.3000,100
34603455089718,09:36:43.455,248.3000,100
34603456348174,09:36:43.456,248.2900,100
34603456348174,09:36:43.456,248.2900,100
34603456557613,09:36:43.456,248.2900,100
34603457081320,09:36:43.457,248.2900,100
34603494219411,09:36:43.494,248.2900,100
34603494219411,09:36:43.494,248.2900,100
34603494219411,09:36:43.494,248.2900,100
34603494747189,09:36:43.494,248.3000,47
34603517666110,09:36:43.517,248.2900,100
34603534126530,09:36:43.534,248.2900,27
34603534126530,09:36:43.534,248.2900,100
34603534126530,09:36:43.534,248.2900,73
34603554592577,09:36:43.554,248.2900,27
34603554592577,09:36:43.554,248.2900,100
34603559895013,09:36:43.559,248.3000,44
34603559897519,09:36:43.559,248.3000,156
34603559897519,09:36:43.559,248.3000,50
34603590907878,09:36:43.590,248.3000,300
34603590907878,09:36:43.590,248.3000,50
34603666592917,09:36:43.666,248.3000,100
34603666592917,09:36:43.666,248.3000,100
34603792199012,09:36:43.792,248.3100,100
34604885260075,09:36:44.885,248.3000,1
34604887458388,09:36:44.887,248.3000,1
34604889618659,09:36:44.889,248.3000,1
34604891775035,09:36:44.891,248.3000,1
34605335870608,09:36:45.335,248.3000,10
34605410160711,09:36:45.410,248.3000,100
34605410166474,09:36:45.410,248.3000,42
34605410258328,09:36:45.410,248.3000,90
34605410596005,09:36:45.410,248.3000,500
34605953213896,09:36:45.953,248.3100,100
34605953213896,09:36:45.953,248.3100,100
34605953219487,09:36:45.953,248.3100,42
34606118156361,09:36:46.118,248.3100,100
34606118156361,09:36:46.118,248.3100,100
34606118158244,09:36:46.118,248.3100,42
34608619190072,09:36:48.619,248.2800,100
34608619190072,09:36:48.619,248.2800,100
34608619190072,09:36:48.619,248.2800,100
34608619192881,09:36:48.619,248.2800,41
34612173086593,09:36:52.173,248.2700,100
34612908510964,09:36:52.908,248.2700,100
34616435895594,09:36:56.435,248.2600,100
34616550316102,09:36:56.550,248.2600,2
34616642712969,09:36:56.642,248.2700,2
34616644860520,09:36:56.644,248.2700,2
34616647003703,09:36:56.647,248.2700,2
34616650455239,09:36:56.650,248.2700,2
34616652595362,09:36:56.652,248.2700,2
34616654735240,09:36:56.654,248.2700,2
34616655034522,09:36:56.655,248.2700,29
34616807897740,09:36:56.807,248.2900,2
34616808356417,09:36:56.808,248.2900,98
34621292810144,09:37:01.292,248.2600,10
34647344990607,09:37:27.344,248.3400,10
34655301825823,09:37:35.301,248.2300,10
34668078613358,09:37:48.078,248.1700,9
34670046277505,09:37:50.046,248.1700,9
34670180445655,09:37:50.180,248.1700,7
34670182526871,09:37:50.182,248.1700,75
34684982672944,09:38:04.982,248.3200,100
34684982672944,09:38:04.982,248.3200,100
34689394336356,09:38:09.394,248.3200,200
34689394336356,09:38:09.394,248.3200,100
34689395613425,09:38:09.395,248.3200,100
34701159979638,09:38:21.159,248.3400,24
34701160058908,09:38:21.160,248.3400,76
34701431419023,09:38:21.431,248.3400,100
34701473321986,09:38:21.473,248.3400,100
34702048244802,09:38:22.048,248.3300,56
34709209441865,09:38:29.209,248.3100,10
34709210032503,09:38:29.210,248.3100,100
34711777894910,09:38:31.777,248.3300,100
34711886944400,09:38:31.886,248.3300,100
34711886944400,09:38:31.886,248.3300,400
34712216490512,09:38:32.216,248.3200,100
34712216606727,09:38:32.216,248.3300,29
34720963843970,09:38:40.963,248.3500,9
34720963875837,09:38:40.963,248.3500,1
34721510093350,09:38:41.510,248.3200,9
34721512264205,09:38:41.512,248.3200,1
34728769239230,09:38:48.769,248.3500,12
34728770489041,09:38:48.770,248.3500,88
34728770489041,09:38:48.770,248.3500,100
34728770505438,09:38:48.770,248.3500,188
34728770616974,09:38:48.770,248.3500,100
34728770616974,09:38:48.770,248.3500,88
34728771479028,09:38:48.771,248.3500,100
34728776180354,09:38:48.776,248.3500,100
34728776275625,09:38:48.776,248.3500,24
34730773281130,09:38:50.773,248.3400,10
34732241096104,09:38:52.241,248.3500,11
34741628329119,09:39:01.628,248.4100,18
34746389674669,09:39:06.389,248.3700,60
34763870931049,09:39:23.870,248.3700,10
34768384498028,09:39:28.384,248.3600,100
34771911375459,09:39:31.911,248.3500,100
34771911488637,09:39:31.911,248.3500,100
34771911519868,09:39:31.911,248.3500,100
34771911519868,09:39:31.911,248.3500,100
34772716549216,09:39:32.716,248.3600,10
34790449559817,09:39:50.449,248.4000,21
34790451731487,09:39:50.451,248.4000,21
34790453876990,09:39:50.453,248.4000,21
34790457048441,09:39:50.457,248.4000,18
34790459187781,09:39:50.459,248.4000,18
34790462739103,09:39:50.462,248.4000,1
34796432584904,09:39:56.432,248.4400,100
34796432584904,09:39:56.432,248.4400,100
34796623148230,09:39:56.623,248.4200,100
34814330834105,09:40:14.330,248.4500,10
34819220239992,09:40:19.220,248.4400,100
34824895463621,09:40:24.895,248.4500,100
34828022246513,09:40:28.022,248.4400,20
34828024452076,09:40:28.024,248.4400,10
34830507465277,09:40:30.507,248.4300,20
34830607827493,09:40:30.607,248.4300,20
34830608719251,09:40:30.608,248.4300,60
34834361633187,09:40:34.361,248.3900,100
34836461980825,09:40:36.461,248.3700,100
34838543329054,09:40:38.543,248.3600,10
34843201376939,09:40:43.201,248.3500,5
34843342730660,09:40:43.342,248.3500,5
34843342831781,09:40:43.342,248.3500,100
34843344899041,09:40:43.344,248.3500,11
34843347057210,09:40:43.347,248.3500,11
34843350212236,09:40:43.350,248.3500,8
34843352367394,09:40:43.352,248.3500,8
34843354522576,09:40:43.354,248.3500,8
34843356679254,09:40:43.356,248.3500,8
34843359925235,09:40:43.359,248.3500,7
34843362080394,09:40:43.362,248.3500,7
34843412428459,09:40:43.412,248.3500,7
34843462688169,09:40:43.462,248.3500,5
34843512762672,09:40:43.512,248.3500,5
34843563325586,09:40:43.563,248.3500,5
34843612850252,09:40:43.612,248.3500,5
34843662891508,09:40:43.662,248.3500,4
34843675575598,09:40:43.675,248.3500,1
34843675575598,09:40:43.675,248.3500,100
34850300977286,09:40:50.300,248.3700,100
34854101443950,09:40:54.101,248.3800,100
34855506795592,09:40:55.506,248.3700,100
34855925233234,09:40:55.925,248.3700,100
34856425676084,09:40:56.425,248.3700,100
34858551152654,09:40:58.551,248.3700,100
34858551152654,09:40:58.551,248.3700,100
34858551286536,09:40:58.551,248.3700,100
34858551294026,09:40:58.551,248.3700,37
34858551630519,09:40:58.551,248.3700,229
34858551630519,09:40:58.551,248.3700,100
34861324322210,09:41:01.324,248.3600,100
34861963289110,09:41:01.963,248.3500,100
34861963289110,09:41:01.963,248.3500,100
34861967160873,09:41:01.967,248.3500,100
34864454939578,09:41:04.454,248.3700,100
34864609300694,09:41:04.609,248.3700,100
34875163891992,09:41:15.163,248.3100,40
34875163932613,09:41:15.163,248.3100,60
34891817531994,09:41:31.817,248.2800,10
34892865028974,09:41:32.865,248.2500,100
34894278161219,09:41:34.278,248.2400,100
34895037810533,09:41:35.037,248.2400,100
34895220575418,09:41:35.220,248.2400,100
34899258405023,09:41:39.258,248.2000,4
34899262845494,09:41:39.262,248.2000,39
34899269849114,09:41:39.269,248.2000,31
34899272010911,09:41:39.272,248.2000,26
34900333992600,09:41:40.333,248.1900,3
34902326364288,09:41:42.326,248.1900,10
34903210168650,09:41:43.210,248.2100,100
34903310283925,09:41:43.310,248.1900,100
34903310283925,09:41:43.310,248.1900,100
34904345052109,09:41:44.345,248.1700,100
34904345052109,09:41:44.345,248.1700,100
34906115487941,09:41:46.115,248.2000,10
34911685080128,09:41:51.685,248.2100,10
34914302511799,09:41:54.302,248.1900,100
34914302511799,09:41:54.302,248.1900,100
34914302511799,09:41:54.302,248.1900,100
34917734506143,09:41:57.734,248.2500,100
34917734506143,09:41:57.734,248.2500,100
34917734506143,09:41:57.734,248.2500,100
34917758594551,09:41:57.758,248.2500,41
34917762618203,09:41:57.762,248.2500,59
34921062752613,09:42:01.062,248.2700,100
34921062752613,09:42:01.062,248.2700,100
34921187486880,09:42:01.187,248.2600,100
34928796111540,09:42:08.796,248.2900,1
34929156649704,09:42:09.156,248.2900,100
34930500219394,09:42:10.500,248.2800,100
34930500881218,09:42:10.500,248.2800,100
34930650669757,09:42:10.650,248.2800,100
34930650669757,09:42:10.650,248.2800,100
34939968429339,09:42:19.968,248.2200,200
34943408258972,09:42:23.408,248.1900,100
34947663905967,09:42:27.663,248.2200,10
34953060215424,09:42:33.060,248.2500,8
34953071536965,09:42:33.071,248.2500,8
34953074166801,09:42:33.074,248.2500,6
34953076343872,09:42:33.076,248.2500,6
34953079564016,09:42:33.079,248.2500,2
34953081742298,09:42:33.081,248.2500,2
34957590857042,09:42:37.590,248.2100,100
34958502726981,09:42:38.502,248.2200,3
34958504956974,09:42:38.504,248.2200,3
34958507115321,09:42:38.507,248.2200,3
34958509274900,09:42:38.509,248.2200,3
34958512690224,09:42:38.512,248.2200,2
34958514844821,09:42:38.514,248.2200,2
34958517000166,09:42:38.517,248.2200,2
34958517080319,09:42:38.517,248.2200,82
34960713357185,09:42:40.713,248.2500,2
34960713381624,09:42:40.713,248.2500,98
34961522582900,09:42:41.522,248.2700,10
34961532188021,09:42:41.532,248.2800,100
34961532285070,09:42:41.532,248.2800,100
34969711549089,09:42:49.711,248.2600,10
34970909253625,09:42:50.909,248.2200,10
34987151328994,09:43:07.151,248.2700,100
34987151328994,09:43:07.151,248.2700,10
34987151544712,09:43:07.151,248.2700,100
34987151544712,09:43:07.151,248.2700,10
34987151864271,09:43:07.151,248.2700,100
34987260676424,09:43:07.260,248.2700,100
34987378990657,09:43:07.378,248.2700,100
34989346695684,09:43:09.346,248.2800,10
34989421921088,09:43:09.421,248.2900,300
34989630924384,09:43:09.630,248.3000,100
34989630924384,09:43:09.630,248.3000,100
34989631044859,09:43:09.631,248.3000,100
34989631271680,09:43:09.631,248.3000,90
34992829891005,09:43:12.829,248.3000,1000
35014449587458,09:43:34.449,248.1900,100
35019793077677,09:43:39.793,248.1700,293
35019793077677,09:43:39.793,248.1700,10
35020978953256,09:43:40.978,248.1800,10
35025988346302,09:43:45.988,248.1700,100
35027585394444,09:43:47.585,248.2100,10
35042703807976,09:44:02.703,248.2400,100
35042703807976,09:44:02.703,248.2400,100
35043522337102,09:44:03.522,248.2200,100
35043698735606,09:44:03.698,248.2200,100
35045537563820,09:44:05.537,248.2100,49
35045537565148,09:44:05.537,248.2100,51
35045762243962,09:44:05.762,248.2000,3
35045762860236,09:44:05.762,248.2000,7
35045764563377,09:44:05.764,248.2000,100
35047801957157,09:44:07.801,248.1700,100
35047801957157,09:44:07.801,248.1600,100
35047801957157,09:44:07.801,248.1600,100
35047801957157,09:44:07.801,248.1500,100
35047801957157,09:44:07.801,248.1500,100
35047801957157,09:44:07.801,248.1500,100
35047822560672,09:44:07.822,248.1400,100
35047838122699,09:44:07.838,248.1300,60
35047857063716,09:44:07.857,248.1400,84
35047857135168,09:44:07.857,248.1400,16
35057983336089,09:44:17.983,248.1700,10
35065453524607,09:44:25.453,248.1300,40
35065461909944,09:44:25.461,248.1300,221
35076205321061,09:44:36.205,248.1400,10
35082237941934,09:44:42.237,248.1200,100
35083825433274,09:44:43.825,248.1100,10
35085000278697,09:44:45.000,248.1000,22
35085005206872,09:44:45.005,248.1000,17
35085010683121,09:44:45.010,248.1000,14
35085015778918,09:44:45.015,248.1000,11
35085020852294,09:44:45.020,248.1000,8
35085025928944,09:44:45.025,248.1000,7
35085030996793,09:44:45.030,248.1000,5
35085036076099,09:44:45.036,248.1000,4
35085042873372,09:44:45.042,248.0900,3
35095444564848,09:44:55.444,248.1200,2
35098295415675,09:44:58.295,248.1400,200
35098295415675,09:44:58.295,248.1400,100
35106504523098,09:45:06.504,248.2300,200
35106688004591,09:45:06.688,248.2200,100
35106688004591,09:45:06.688,248.2200,27
35111717587425,09:45:11.717,248.2000,5
35111717615041,09:45:11.717,248.2000,5
35116039879717,09:45:16.039,248.2000,100
35116049171427,09:45:16.049,248.2000,100
35116049171427,09:45:16.049,248.2000,100
35116114719933,09:45:16.114,248.1900,100
35116114762359,09:45:16.114,248.1900,100
35116114762359,09:45:16.114,248.1900,38
35116114804801,09:45:16.114,248.1900,62
35117093937335,09:45:17.093,248.2100,100
35117093937335,09:45:17.093,248.2100,10
35117138229744,09:45:17.138,248.2000,100
35117138229744,09:45:17.138,248.2000,100
35117327446444,09:45:17.327,248.2000,100
35117327446444,09:45:17.327,248.2000,100
35128384513610,09:45:28.384,248.1700,10
35128388277650,09:45:28.388,248.1600,200
35128388277650,09:45:28.388,248.1600,200
35128392301104,09:45:28.392,248.1700,87
35128392326174,09:45:28.392,248.1700,13
35129808442449,09:45:29.808,248.1600,10
35135161152148,09:45:35.161,248.1600,15
35135168534429,09:45:35.168,248.1600,15
35135170695996,09:45:35.170,248.1600,15
35135173877412,09:45:35.173,248.1600,12
35135176040712,09:45:35.176,248.1600,12
35135178199808,09:45:35.178,248.1600,12
35146619601263,09:45:46.619,248.1200,98
35160009720759,09:46:00.009,248.1200,10
35164766586678,09:46:04.766,248.1700,10
35167016489935,09:46:07.016,248.1400,11
35167126148687,09:46:07.126,248.1400,11
35167711797696,09:46:07.711,248.1400,100
35167711836912,09:46:07.711,248.1400,11
35167711840552,09:46:07.711,248.1400,67
35167711840552,09:46:07.711,248.1400,10
35181170206429,09:46:21.170,248.1600,9
35181173837750,09:46:21.173,248.1600,1
35181184785092,09:46:21.184,248.1500,21
35182670672298,09:46:22.670,248.1600,1
35191370093196,09:46:31.370,248.1400,10
35194514538349,09:46:34.514,248.1400,10
35204951208034,09:46:44.951,248.1500,44
35204967738039,09:46:44.967,248.1300,36
35207254269157,09:46:47.254,248.1500,29
35212123295720,09:46:52.123,248.1700,100
35218750635555,09:46:58.750,248.2000,10
35223257244524,09:47:03.257,248.2000,50
35223257254825,09:47:03.257,248.2000,50
35224131225537,09:47:04.131,248.2100,100
35224848301819,09:47:04.848,248.2300,100
35224884468463,09:47:04.884,248.2300,100
35224884613895,09:47:04.884,248.2300,100
35224940832294,09:47:04.940,248.2300,100
35224940832294,09:47:04.940,248.2300,200
35224947579907,09:47:04.947,248.2300,100
35225226321581,09:47:05.226,248.2400,10
35225659729304,09:47:05.659,248.2400,100
35227590120855,09:47:07.590,248.2500,100
35233236912558,09:47:13.236,248.1800,100
35233241636778,09:47:13.241,248.1600,19
35245137331112,09:47:25.137,248.1900,56
35245137334948,09:47:25.137,248.1900,44
35255837010244,09:47:35.837,248.1700,10
35259579811171,09:47:39.579,248.1600,100
35259856497957,09:47:39.856,248.1300,17
35259860317708,09:47:39.860,248.1300,16
35259865419868,09:47:39.865,248.1300,13
35280603694625,09:48:00.603,248.1600,100
35280603694625,09:48:00.603,248.1600,100
35285241382885,09:48:05.241,248.1500,139
35285444990530,09:48:05.444,248.1400,100
35285444990530,09:48:05.444,248.1400,100
35285444990530,09:48:05.444,248.1400,100
35285447036218,09:48:05.447,248.1400,100
35285447036218,09:48:05.447,248.1500,51
35285447036218,09:48:05.447,248.1500,200
35285447036218,09:48:05.447,248.1500,15
35285447036218,09:48:05.447,248.1500,15
35285699820483,09:48:05.699,248.1500,51
35286911673142,09:48:06.911,248.1300,100
35287602152277,09:48:07.602,248.1200,10
35287887846038,09:48:07.887,248.1000,43
35287893303419,09:48:07.893,248.1000,43
35287933912229,09:48:07.933,248.1100,100
35287934243328,09:48:07.934,248.1000,50
35287969864125,09:48:07.969,248.1000,194
35288622311250,09:48:08.622,248.1000,100
35288622311250,09:48:08.622,248.1000,50
35291094099155,09:48:11.094,248.0800,100
35291094099155,09:48:11.094,248.0800,100
35291100058332,09:48:11.100,248.0800,100
35291100058332,09:48:11.100,248.0800,100
35291615027198,09:48:11.615,248.0500,43
35291819992852,09:48:11.819,248.0500,100
35294067673571,09:48:14.067,248.0600,100
35294688400738,09:48:14.688,248.0800,4
35294692790453,09:48:14.692,248.0800,3
35294694981462,09:48:14.694,248.0800,3
35294697188971,09:48:14.697,248.0800,3
35294699380992,09:48:14.699,248.0800,3
35294702584452,09:48:14.702,248.0800,2
35294704776256,09:48:14.704,248.0800,2
35294707045825,09:48:14.707,248.0800,2
35294728484183,09:48:14.728,248.0700,100
35295647108516,09:48:15.647,248.0900,100
35295647235168,09:48:15.647,248.0900,100
35295954140297,09:48:15.954,248.0700,100
35295955322741,09:48:15.955,248.0700,66
35297392480629,09:48:17.392,248.0700,66
35297887259713,09:48:17.887,248.0600,21
35301685357023,09:48:21.685,248.0400,3
35302148885382,09:48:22.148,248.0300,100
35302148885382,09:48:22.148,248.0300,100
35302148885382,09:48:22.148,248.0300,100
35302148885382,09:48:22.148,248.0300,100
35315366409757,09:48:35.366,248.0200,44
35315366854898,09:48:35.366,248.0200,56
35315471656659,09:48:35.471,248.0100,26
35318501054587,09:48:38.501,248.0100,10
35318501054587,09:48:38.501,248.0100,34
35318504626688,09:48:38.504,248.0100,44
35318917803243,09:48:38.917,248.0000,1
35320869159225,09:48:40.869,247.9800,22
35320872029198,09:48:40.872,247.9800,28
35320878330967,09:48:40.878,247.9800,100
35321625243127,09:48:41.625,247.9800,36
35329794312728,09:48:49.794,247.9800,28
35329802494548,09:48:49.802,247.9800,22
35330634236758,09:48:50.634,247.9700,50
35330634385843,09:48:50.634,247.9500,100
35330634387464,09:48:50.634,247.9400,500
35330634387464,09:48:50.634,247.9300,100
35330634387464,09:48:50.634,247.9300,100
35330640190760,09:48:50.640,247.9300,100
35330645211116,09:48:50.645,247.9100,100
35330645211116,09:48:50.645,247.9200,100
35330645211116,09:48:50.645,247.9200,100
35330645918929,09:48:50.645,247.9200,40
35330647290320,09:48:50.647,247.9200,60
35330662830835,09:48:50.662,247.9000,100
35330662830835,09:48:50.662,247.9000,100
35330664720759,09:48:50.664,247.8900,100
35330666315853,09:48:50.666,247.8900,100
35330674822095,09:48:50.674,247.8900,100
35330676206081,09:48:50.676,247.9000,30
35330853156564,09:48:50.853,247.8900,49
35330865179326,09:48:50.865,247.8900,51
35330865952188,09:48:50.865,247.8900,40
35331924248889,09:48:51.924,247.8900,50
35333720285020,09:48:53.720,247.9400,59
35333723710518,09:48:53.723,247.9300,200
35333723710518,09:48:53.723,247.9300,100
35333727872803,09:48:53.727,247.9400,48
35339011173361,09:48:59.011,247.9200,30
35339125632133,09:48:59.125,247.9400,10
35340820784889,09:49:00.820,247.9400,10
35341961692818,09:49:01.961,247.9400,100
35341962172903,09:49:01.962,247.9500,25
35341967016235,09:49:01.967,247.9500,18
35341969509401,09:49:01.969,247.9500,18
35342677377963,09:49:02.677,247.9500,9
35342677740270,09:49:02.677,247.9500,26
35342677765266,09:49:02.677,247.9500,65
35345548769568,09:49:05.548,247.9700,3
35345550977650,09:49:05.550,247.9700,3
35345554223028,09:49:05.554,247.9700,3
35345556419718,09:49:05.556,247.9700,3
35345559761640,09:49:05.559,247.9700,3
35345561951276,09:49:05.561,247.9700,3
35345564142715,09:49:05.564,247.9700,3
35345566334737,09:49:05.566,247.9700,3
35345569963423,09:49:05.569,247.9700,2
35345572156595,09:49:05.572,247.9700,2
35345622810557,09:49:05.622,247.9700,2
35345672409544,09:49:05.672,247.9700,2
35346153783228,09:49:06.153,247.9700,5
35346220755458,09:49:06.220,247.9700,5
35350602100309,09:49:10.602,248.0000,10
35357646182444,09:49:17.646,248.0000,100
35364659767635,09:49:24.659,248.0000,12
35364662145071,09:49:24.662,248.0000,12
35367500572376,09:49:27.500,247.9800,100
35367500572376,09:49:27.500,247.9800,10
35367896347554,09:49:27.896,247.9700,12
35367897371707,09:49:27.897,247.9700,188
35367897371707,09:49:27.897,247.9700,50
35367903724717,09:49:27.903,247.9600,100
35367903724717,09:49:27.903,247.9600,100
35369024803798,09:49:29.024,247.9400,50
35369059666914,09:49:29.059,247.9500,100
35373127298369,09:49:33.127,247.9500,50
35375085653744,09:49:35.085,247.9300,50
35377422705108,09:49:37.422,247.9400,50
35377448129638,09:49:37.448,247.9400,92
35377448682690,09:49:37.448,247.9400,5
35380155447643,09:49:40.155,247.9400,200
35383634890087,09:49:43.634,247.9300,50
35383967130067,09:49:43.967,247.9400,16
35384079106952,09:49:44.079,247.9500,16
35399750740221,09:49:59.750,247.9700,10
