timestamp,time,price,volume
34199956218008,09:29:59.956,379.2900,24
34200595852420,09:30:00.595,379.2900,4226
34201318457848,09:30:01.318,379.0000,5
34201318457848,09:30:01.318,378.6400,16
34230904143257,09:30:30.904,379.0000,1
34231951468894,09:30:31.951,379.0000,1
34231951554171,09:30:31.951,379.2600,22
34231951582072,09:30:31.951,379.2600,2
34231952308586,09:30:31.952,379.2700,100
34231952332118,09:30:31.952,379.2800,33
34231952332118,09:30:31.952,379.3100,67
34231952783622,09:30:31.952,379.3100,33
34231952974730,09:30:31.952,379.3000,57
34231961068569,09:30:31.961,379.3000,43
34231961068569,09:30:31.961,379.3000,57
34234890514107,09:30:34.890,380.0000,12
34234890514107,09:30:34.890,380.0000,44
34234890514107,09:30:34.890,380.0000,7
34234890514107,09:30:34.890,380.0000,6
34234890514107,09:30:34.890,380.0000,24
34234890514107,09:30:34.890,380.0000,26
34234890514107,09:30:34.890,380.0000,100
34234890514107,09:30:34.890,380.0000,10
34234890514107,09:30:34.890,380.0000,4
34235869748131,09:30:35.869,380.9500,4
34235870108569,09:30:35.870,381.0000,57
34235870747684,09:30:35.870,381.3700,2
34501895489619,09:35:01.895,382.0000,3
34501895489619,09:35:01.895,382.0000,10
34501895489619,09:35:01.895,382.0000,9
34501895489619,09:35:01.895,382.0000,28
34501895595877,09:35:01.895,382.3900,1
34501909875218,09:35:01.909,380.8500,1
34502096512683,09:35:02.096,380.4900,1
34506423600177,09:35:06.423,382.6600,9
34506618611183,09:35:06.618,380.6600,6
34509924342821,09:35:09.924,382.6600,5
34533385438418,09:35:33.385,381.0000,25
34552314125786,09:35:52.314,380.5200,100
34584748979784,09:36:24.748,380.5200,8
34601331986826,09:36:41.331,380.5200,92
34601331986826,09:36:41.331,380.5200,10
34601332018449,09:36:41.332,380.5100,100
34601332049469,09:36:41.332,380.5200,100
34601332265808,09:36:41.332,380.5100,100
34601332814724,09:36:41.332,380.5200,100
34601332936292,09:36:41.332,380.4400,30
34601333040026,09:36:41.333,380.3700,100
34601333117652,09:36:41.333,380.3600,100
34601333232052,09:36:41.333,380.3600,34
34601333232052,09:36:41.333,380.3600,16
34601333261788,09:36:41.333,380.3600,84
34601333261788,09:36:41.333,380.3600,100
34601333262548,09:36:41.333,380.3600,37
34601333283381,09:36:41.333,380.3600,28
34601333313938,09:36:41.333,380.3600,29
34601333337327,09:36:41.333,380.3600,57
34601333340931,09:36:41.333,380.3600,28
34601333380547,09:36:41.333,380.3600,10
34601333384947,09:36:41.333,380.3600,5
34601333384947,09:36:41.333,380.3600,6
34601333384947,09:36:41.333,380.3600,89
34601333408608,09:36:41.333,380.3600,5
34601333475525,09:36:41.333,380.3600,6
34601333475525,09:36:41.333,380.3500,94
34601333506155,09:36:41.333,380.3500,6
34601358238516,09:36:41.358,379.7200,100
34601372990161,09:36:41.372,379.7200,100
34601882739160,09:36:41.882,379.9900,14
34601882739160,09:36:41.882,379.9900,40
34601882739160,09:36:41.882,380.3300,46
34601882844537,09:36:41.882,380.3300,54
34601882844537,09:36:41.882,380.3300,46
34601882927120,09:36:41.882,380.3300,54
34601882927120,09:36:41.882,380.3400,46
34601883004736,09:36:41.883,380.3400,54
34601883347129,09:36:41.883,380.1600,30
34601883375029,09:36:41.883,380.4900,100
34601883398060,09:36:41.883,380.3400,30
34601884458791,09:36:41.884,380.1600,29
34601896583512,09:36:41.896,381.3700,100
34601896583512,09:36:41.896,381.4000,50
34601896583512,09:36:41.896,381.6600,50
34661484084610,09:37:41.484,381.8100,100
34828909698629,09:40:28.909,380.4000,1
34870386982413,09:41:10.386,381.0600,25
34915920436434,09:41:55.920,381.2200,45
34915920436434,09:41:55.920,381.3700,55
34915920462552,09:41:55.920,381.3700,45
34915920462552,09:41:55.920,381.3700,1
34915920486584,09:41:55.920,381.4000,100
34915920564551,09:41:55.920,381.4000,100
34915920619955,09:41:55.920,381.5600,100
34915920692846,09:41:55.920,381.5600,45
34916918038757,09:41:56.918,382.1000,50
34916918038757,09:41:56.918,382.2400,50
35071282564442,09:44:31.282,381.6300,38
35102927763491,09:45:02.927,382.1100,2
35107711349287,09:45:07.711,381.5700,1
35140643976510,09:45:40.643,382.1900,7
35140643976510,09:45:40.643,382.2300,43
35140643976510,09:45:40.643,382.2400,14
35209261596031,09:46:49.261,382.1800,100
35283912502126,09:48:03.912,382.0400,94
35283912502126,09:48:03.912,382.0200,10
35283912502126,09:48:03.912,382.0100,60
35283912502126,09:48:03.912,381.9800,36
35283920598124,09:48:03.920,381.9800,64
35283920598124,09:48:03.920,381.9800,36
35283920628587,09:48:03.920,381.9800,64
35283920668162,09:48:03.920,381.9600,96
35283920697803,09:48:03.920,381.9600,4
35283921954488,09:48:03.921,381.9800,44
35283922082190,09:48:03.922,381.9600,15
35309302377626,09:48:29.302,381.8400,1
35309768311329,09:48:29.768,381.8400,100
35310594017964,09:48:30.594,381.8400,99
35310594017964,09:48:30.594,381.8400,200
35310594017964,09:48:30.594,381.8400,100
35310594027243,09:48:30.594,381.8400,100
35310594060799,09:48:30.594,381.8400,57
35310594079633,09:48:30.594,381.8400,107
35310594079633,09:48:30.594,381.8300,93
35310594154310,09:48:30.594,381.8300,7
35310594154310,09:48:30.594,381.8300,11
35310594184361,09:48:30.594,381.8300,6
35310594210514,09:48:30.594,381.8300,3
35310594224390,09:48:30.594,381.8300,180
35310594224390,09:48:30.594,381.8300,9
35310594246191,09:48:30.594,381.8300,50
35310594275688,09:48:30.594,381.8400,100
35310594277670,09:48:30.594,381.8300,29
35310594315113,09:48:30.594,381.8300,12
35310594489922,09:48:30.594,381.8400,100
35310594514147,09:48:30.594,381.8400,200
35310597504858,09:48:30.597,381.8300,100
35310603980752,09:48:30.603,381.7700,30
35310603980752,09:48:30.603,381.7300,70
35310620511153,09:48:30.620,381.7100,2
35310622376848,09:48:30.622,381.7100,98
35310622511883,09:48:30.622,381.7100,40
35310716872917,09:48:30.716,381.7100,40
35310716872917,09:48:30.716,381.7100,1
35336296003765,09:48:56.296,382.0800,50
35336296003765,09:48:56.296,382.0900,50
35381246541786,09:49:41.246,381.9000,100
35381246541786,09:49:41.246,381.9100,100
35381246619013,09:49:41.246,381.9100,100
35381246619013,09:49:41.246,381.9100,100
35381246690270,09:49:41.246,381.9000,50
35381246711647,09:49:41.246,381.9000,50
35419986470766,09:50:19.986,381.6900,1
35419997556818,09:50:19.997,381.4900,100
35561349035194,09:52:41.349,381.6200,1
35561355420945,09:52:41.355,381.4600,100
35561355453239,09:52:41.355,381.4600,100
35561355465446,09:52:41.355,381.4600,100
35629211357718,09:53:49.211,381.0900,100
35629211394395,09:53:49.211,381.0900,1
35629211401844,09:53:49.211,381.0900,1
35629211445919,09:53:49.211,381.0900,97
35629211451297,09:53:49.211,381.0900,3
35629211451297,09:53:49.211,381.0800,95
35629211452866,09:53:49.211,381.0800,3
35629211497517,09:53:49.211,381.0700,1
35636289818070,09:53:56.289,380.8600,5
35636289818070,09:53:56.289,380.8600,100
35636289818070,09:53:56.289,380.8600,100
35636289848735,09:53:56.289,380.8600,9
35636289863640,09:53:56.289,380.8600,9
35636289901040,09:53:56.289,380.8600,9
35636289933136,09:53:56.289,380.8600,9
35636289972542,09:53:56.289,380.8600,9
35636289977331,09:53:56.289,380.8600,9
35636290052255,09:53:56.290,380.8600,9
35636290053628,09:53:56.290,380.8600,9
35636290173613,09:53:56.290,380.8600,9
35636290199442,09:53:56.290,380.8600,4
35636290199442,09:53:56.290,380.8700,9
35636463946373,09:53:56.463,381.0100,100
35883791975239,09:58:03.791,381.0100,100
35883792046340,09:58:03.792,381.1700,100
35883792070570,09:58:03.792,381.1700,39
35883792070570,09:58:03.792,381.1800,61
35883792083812,09:58:03.792,381.1800,39
35883792083812,09:58:03.792,381.1900,99
35883792124649,09:58:03.792,381.1900,1
35883792167318,09:58:03.792,381.2800,100
35977471032493,09:59:37.471,381.6900,100
36003189806240,10:00:03.189,382.0600,82
36003189831026,10:00:03.189,382.0600,18
36003189831026,10:00:03.189,382.0600,300
36007683119851,10:00:07.683,382.1800,1
36007683571394,10:00:07.683,382.1800,99
36007683571394,10:00:07.683,382.1800,10
36007683624606,10:00:07.683,382.2500,13
36007683929101,10:00:07.683,382.2800,100
36105152824074,10:01:45.152,382.7300,4
36166695936063,10:02:46.695,382.1900,1
36166695970447,10:02:46.695,382.1900,24
36166695970447,10:02:46.695,382.1500,2
36166696104109,10:02:46.696,382.1500,24
36166696104109,10:02:46.696,382.1500,2
36166696704333,10:02:46.696,382.1500,20
36166696841135,10:02:46.696,382.1500,2
36166698745703,10:02:46.698,382.1500,6
36166698859843,10:02:46.698,382.1500,4
36166702302713,10:02:46.702,382.1100,1
36166881789394,10:02:46.881,382.0000,7
36166881813901,10:02:46.881,382.0000,93
36166881838838,10:02:46.881,381.9900,100
36166911896982,10:02:46.911,381.8700,100
36166911945621,10:02:46.911,381.8400,100
36167093396614,10:02:47.093,381.8300,100
36167093479223,10:02:47.093,381.8300,100
36167093499769,10:02:47.093,381.8300,100
36311703541692,10:05:11.703,382.0100,10
36311703541692,10:05:11.703,382.0500,9
36311706667311,10:05:11.706,382.0600,98
36311706699006,10:05:11.706,382.0600,2
36311706699006,10:05:11.706,382.0600,3
36311706699006,10:05:11.706,382.0600,100
36311706699006,10:05:11.706,382.0600,79
36311706699006,10:05:11.706,382.0600,12
36311706699006,10:05:11.706,382.0600,3
36312047864986,10:05:12.047,382.4600,9
36312047889600,10:05:12.047,382.4600,2
36316372344735,10:05:16.372,382.1100,100
36331370324010,10:05:31.370,381.9000,54
36331370338695,10:05:31.370,381.9000,27
36331370351055,10:05:31.370,381.9000,19
36331370351055,10:05:31.370,381.9000,27
36331370380921,10:05:31.370,381.9000,19
36331370411940,10:05:31.370,381.9000,19
36331370440379,10:05:31.370,381.9000,62
36331370481587,10:05:31.370,381.9000,73
36407681539449,10:06:47.681,382.2400,100
36407681539449,10:06:47.681,382.2400,3
36407681539449,10:06:47.681,382.2400,100
36407682149955,10:06:47.682,382.3500,100
36407692143793,10:06:47.692,382.4200,100
36407692143793,10:06:47.692,382.4200,4
36413015587466,10:06:53.015,382.4900,1
36476154067774,10:07:56.154,382.6800,3
36525421923084,10:08:45.421,382.6900,100
36528933348437,10:08:48.933,382.6900,100
36528933470091,10:08:48.933,382.6700,32
36528941456805,10:08:48.941,382.6200,100
36563147298632,10:09:23.147,382.8200,4
36579841327436,10:09:39.841,382.8200,96
36579841327436,10:09:39.841,382.8200,11
36607067308434,10:10:07.067,382.8300,34
36607190104358,10:10:07.190,382.6900,10
36607190104358,10:10:07.190,382.6900,90
36607190190974,10:10:07.190,382.6900,10
36708692364532,10:11:48.692,383.0000,3
36708692364532,10:11:48.692,383.0000,100
36708692364532,10:11:48.692,383.0000,2
36708692981731,10:11:48.692,383.0000,74
36708693027596,10:11:48.693,383.0000,1
36708693249138,10:11:48.693,383.0000,74
36708693617705,10:11:48.693,383.0000,21
36710795103536,10:11:50.795,382.9200,50
36710795103536,10:11:50.795,382.9100,14
36710795190739,10:11:50.795,382.9000,14
36723269104109,10:12:03.269,382.6500,2
36723269137944,10:12:03.269,382.6700,100
36723269149281,10:12:03.269,382.6400,100
36723269163931,10:12:03.269,382.6400,62
36723269355638,10:12:03.269,382.6400,38
36723269355638,10:12:03.269,382.6000,37
36723269360107,10:12:03.269,382.6000,27
36723269676656,10:12:03.269,382.6000,36
36723269676656,10:12:03.269,382.6000,64
36723272636589,10:12:03.272,382.6000,36
36723272636589,10:12:03.272,382.6000,64
36723273846998,10:12:03.273,382.6000,6
36723545407324,10:12:03.545,382.6000,30
36723545407324,10:12:03.545,382.6000,70
36734367950250,10:12:14.367,382.9700,1
36817300315381,10:13:37.300,382.9600,50
36817300315381,10:13:37.300,382.9800,50
36874249379488,10:14:34.249,382.6300,1
36874249379488,10:14:34.249,382.6300,7
36975440171568,10:16:15.440,382.9100,2
37018429571002,10:16:58.429,382.9100,14
37064135675823,10:17:44.135,382.6200,17
37064150324123,10:17:44.150,382.6100,1
37064543014525,10:17:44.543,382.6100,99
37064543014525,10:17:44.543,382.6000,1
37064543025113,10:17:44.543,382.6000,99
37064543025113,10:17:44.543,382.6000,1
37064543046845,10:17:44.543,382.6000,99
37064574639520,10:17:44.574,382.5400,100
37091689371819,10:18:11.689,382.6000,14
37091700129678,10:18:11.700,382.5500,100
37091700173009,10:18:11.700,382.5400,45
37091700197520,10:18:11.700,382.5400,55
37091700200397,10:18:11.700,382.5400,100
37091706571727,10:18:11.706,382.4900,100
37091706571727,10:18:11.706,382.4900,100
37091735109104,10:18:11.735,382.2400,2
37120335726283,10:18:40.335,382.2600,1
37139950453193,10:18:59.950,382.2300,100
37154336954345,10:19:14.336,382.0400,1
37167018593111,10:19:27.018,382.1700,100
37171338299068,10:19:31.338,382.2100,1
37174338021466,10:19:34.338,382.1600,1
37179187602975,10:19:39.187,382.2400,85
37188338516389,10:19:48.338,382.1000,1
37198337650461,10:19:58.337,381.9800,1
37234634495795,10:20:34.634,381.9100,18
37234634495795,10:20:34.634,381.9100,2
37234635197488,10:20:34.635,381.9100,50
37280026726923,10:21:20.026,381.9100,100
37280026752564,10:21:20.026,381.9100,100
37280026752564,10:21:20.026,381.9100,19
37280026752564,10:21:20.026,381.9100,4
37280026752564,10:21:20.026,381.9100,100
37280026797622,10:21:20.026,381.9500,5
37280027002309,10:21:20.027,382.0600,24
37280027041363,10:21:20.027,382.0600,18
37280027113826,10:21:20.027,382.0600,18
37280027151471,10:21:20.027,382.0600,40
37284573796618,10:21:24.573,382.2900,3
37375436417985,10:22:55.436,382.1600,5
37532475705504,10:25:32.475,382.4100,4
37532475705504,10:25:32.475,382.4100,85
37532475733157,10:25:32.475,382.4100,15
37532475733157,10:25:32.475,382.4100,3
37532475733157,10:25:32.475,382.4100,100
37532475733157,10:25:32.475,382.4100,14
37543324567724,10:25:43.324,382.3100,30
37565703164213,10:26:05.703,382.6300,32
37566761247480,10:26:06.761,382.5000,20
37571510256745,10:26:11.510,382.6600,66
37571510282082,10:26:11.510,382.6600,34
37571510282082,10:26:11.510,382.6600,1
37571510282082,10:26:11.510,382.6600,3
37591032201154,10:26:31.032,382.9100,14
37718496754862,10:28:38.496,382.7700,81
37718496765638,10:28:38.496,382.7700,19
37718496765638,10:28:38.496,382.7700,89
37718496767177,10:28:38.496,382.7700,11
37718496767177,10:28:38.496,382.7700,16
37718496768937,10:28:38.496,382.7700,27
37718496770386,10:28:38.496,382.7700,31
37718496775313,10:28:38.496,382.7700,26
37718496775313,10:28:38.496,382.7700,1
37718552064209,10:28:38.552,382.8000,50
37718552064209,10:28:38.552,382.6400,50
37720244312140,10:28:40.244,382.7400,50
37720244312140,10:28:40.244,382.6900,50
37737015945198,10:28:57.015,382.8900,3
37737016076429,10:28:57.016,382.9200,1
37738350723355,10:28:58.350,383.0000,60
37746491871242,10:29:06.491,382.8600,100
37746491871242,10:29:06.491,382.8300,100
37758271307405,10:29:18.271,382.8400,100
37812281278540,10:30:12.281,382.9500,50
37812281278540,10:30:12.281,383.0000,140
37812281278540,10:30:12.281,383.0000,10
37872142143277,10:31:12.142,383.0000,90
37872142143277,10:31:12.142,383.0000,3
37872145767394,10:31:12.145,383.0500,1
37872146068737,10:31:12.146,383.0500,100
37872146359659,10:31:12.146,383.0500,100
37892439429719,10:31:32.439,382.9100,41
37892439429719,10:31:32.439,382.9100,100
37892439429719,10:31:32.439,382.9100,100
37892439469791,10:31:32.439,382.9100,100
37892439742522,10:31:32.439,382.9100,100
37892788222165,10:31:32.788,382.8200,50
37892788222165,10:31:32.788,382.8100,100
37892788222165,10:31:32.788,382.8100,136
37892788248535,10:31:32.788,382.8100,64
37892788249189,10:31:32.788,382.8100,64
37892788268578,10:31:32.788,382.8100,36
37892788310058,10:31:32.788,382.8100,28
37892808788824,10:31:32.808,382.8100,100
37892808849420,10:31:32.808,382.8100,2
37892809124361,10:31:32.809,382.8100,2
37964382008784,10:32:44.382,382.9200,100
37964382034947,10:32:44.382,382.9200,6
37964382034947,10:32:44.382,382.9200,3
37964382034947,10:32:44.382,382.9200,100
37978369800860,10:32:58.369,382.9400,50
37978369800860,10:32:58.369,382.9300,25
37978369814524,10:32:58.369,382.9300,25
37978370006031,10:32:58.370,382.9300,25
37978370041188,10:32:58.370,382.9300,25
37978370231001,10:32:58.370,382.8600,22
37984540619946,10:33:04.540,383.0000,50
37985408945722,10:33:05.408,382.9700,1
37988864592913,10:33:08.864,383.1200,17
37988864617075,10:33:08.864,383.1200,83
37990732251456,10:33:10.732,383.0500,100
38004739038427,10:33:24.739,382.9700,2
38015286378515,10:33:35.286,383.0000,1
38027412044566,10:33:47.412,383.0600,100
38027412044566,10:33:47.412,383.0600,100
38027412044566,10:33:47.412,383.0600,100
38076320772634,10:34:36.320,383.0700,11
38076320772634,10:34:36.320,383.0700,33
38076320772634,10:34:36.320,383.0700,56
38076321004984,10:34:36.321,383.0700,41
38076321216187,10:34:36.321,383.0700,3
38076321216187,10:34:36.321,383.0700,22
38076396662304,10:34:36.396,383.0700,78
38076396662304,10:34:36.396,383.0700,22
38076397074964,10:34:36.397,383.0700,78
38076397315432,10:34:36.397,383.0600,100
38099381402075,10:34:59.381,383.0700,77
38099381413072,10:34:59.381,383.0700,23
38099382599712,10:34:59.382,383.0700,100
38121098489253,10:35:21.098,383.0400,13
38136730473071,10:35:36.730,383.0400,100
38167217449769,10:36:07.217,383.0100,100
38174474647403,10:36:14.474,383.0100,100
38174475220654,10:36:14.475,383.0100,50
38174476584891,10:36:14.476,383.0100,50
38189703525874,10:36:29.703,383.0800,3
38238438006997,10:37:18.438,383.2000,100
38238438006997,10:37:18.438,383.2000,100
38238438057182,10:37:18.438,383.2500,77
38238438151685,10:37:18.438,383.2500,50
38238438179193,10:37:18.438,383.2500,73
38239222000333,10:37:19.222,383.3500,50
38239222000333,10:37:19.222,383.3800,50
38312671203897,10:38:32.671,383.3100,52
38312671233486,10:38:32.671,383.3100,48
38312671233486,10:38:32.671,383.3100,100
38312671886639,10:38:32.671,383.3800,3
38369301323505,10:39:29.301,383.4400,100
38369301554171,10:39:29.301,383.4500,25
38369301578545,10:39:29.301,383.4500,75
38489086575367,10:41:29.086,383.2200,100
38489086600684,10:41:29.086,383.2100,100
38489086600684,10:41:29.086,383.2100,100
38489172325488,10:41:29.172,383.1000,4
38489762207472,10:41:29.762,383.1000,1
38497730901495,10:41:37.730,383.1000,200
38497752392757,10:41:37.752,383.1850,100
38497754621686,10:41:37.754,383.1000,2
38498183629036,10:41:38.183,383.1000,3
38507178489027,10:41:47.178,383.1000,2
38515811383804,10:41:55.811,383.1000,95
38515811383804,10:41:55.811,383.1000,5
38553071019271,10:42:33.071,383.2000,6
38553071043887,10:42:33.071,383.2000,21
38571044760975,10:42:51.044,383.1000,100
38571067897967,10:42:51.067,383.1400,15
38571067925620,10:42:51.067,383.1500,15
38571076570531,10:42:51.076,382.9900,9
38592128054415,10:43:12.128,383.1400,100
38592129211600,10:43:12.129,383.1700,5
38649687720832,10:44:09.687,383.2700,100
38649687720832,10:44:09.687,383.2700,3
38649687848074,10:44:09.687,383.3000,50
38649687889698,10:44:09.687,383.3000,50
38707335164287,10:45:07.335,383.5500,52
38707335166798,10:45:07.335,383.5500,3
38707335184856,10:45:07.335,383.5500,45
38812769131340,10:46:52.769,383.4700,100
38812769233815,10:46:52.769,383.4700,100
38812794365482,10:46:52.794,383.4000,1
38813779461299,10:46:53.779,383.3900,50
38813779461299,10:46:53.779,383.3900,50
38824214403663,10:47:04.214,383.3900,77
38824214404698,10:47:04.214,383.3900,52
38824214616875,10:47:04.214,383.3900,71
38824214668792,10:47:04.214,383.3900,50
38824214954682,10:47:04.214,383.3900,200
38824215321968,10:47:04.215,383.3900,50
38824251621218,10:47:04.251,383.3300,100
38916148950835,10:48:36.148,383.4100,100
39032005801137,10:50:32.005,383.5900,100
39032005801137,10:50:32.005,383.5900,1
39032005801137,10:50:32.005,383.5900,3
39032005848757,10:50:32.005,383.6000,3
39032005894033,10:50:32.005,383.6000,97
39120009037541,10:52:00.009,384.0200,2
39219420134573,10:53:39.420,383.9700,20
39219420134573,10:53:39.420,383.9500,80
39219420179730,10:53:39.420,383.9500,20
39219420179730,10:53:39.420,383.9500,83
39219420195786,10:53:39.420,383.9500,17
39219420195786,10:53:39.420,383.9500,34
39219423656510,10:53:39.423,383.9400,100
39219441783355,10:53:39.441,383.9200,50
39219441783355,10:53:39.441,383.9400,50
39219441826911,10:53:39.441,383.9500,50
39219441858412,10:53:39.441,383.9500,79
39219441908289,10:53:39.441,383.9500,71
39219626666772,10:53:39.626,383.9800,4
39223344093565,10:53:43.344,383.8000,100
39223344093565,10:53:43.344,383.8000,2
39223491245909,10:53:43.491,383.8000,98
39223491322094,10:53:43.491,383.8000,2
39223542550490,10:53:43.542,383.8000,100
39236242838028,10:53:56.242,383.7400,100
39239101585638,10:53:59.101,383.7400,100
39239101824455,10:53:59.101,383.7300,25
39239101881268,10:53:59.101,383.7300,75
39255405152827,10:54:15.405,383.5700,100
39255405236974,10:54:15.405,383.5700,100
39255406592301,10:54:15.406,383.5700,100
39396269529726,10:56:36.269,383.3400,9
39396269529726,10:56:36.269,383.3400,100
39396269529726,10:56:36.269,383.3400,91
39396269646074,10:56:36.269,383.3400,9
39400731435862,10:56:40.731,383.4100,5
39411844551717,10:56:51.844,383.3200,100
39411850815237,10:56:51.850,383.4200,3
39411855824168,10:56:51.855,383.4700,100
39411857285868,10:56:51.857,383.4500,2
39411869249599,10:56:51.869,383.4600,100
39411901616518,10:56:51.901,383.4600,100
39466886899251,10:57:46.886,383.4200,19
39466886969557,10:57:46.886,383.4200,52
39466887095161,10:57:46.887,383.4200,29
39496856479749,10:58:16.856,383.4700,26
39573506182981,10:59:33.506,383.4000,14
39573506182981,10:59:33.506,383.4000,86
39573506222998,10:59:33.506,383.4000,14
39663460242519,11:01:03.460,383.4700,10
39663460242519,11:01:03.460,383.4900,4
39663460687851,11:01:03.460,383.4900,10
39663461427625,11:01:03.461,383.5500,36
39663462745059,11:01:03.462,383.5300,5
39663462745059,11:01:03.462,383.5500,59
39663463324200,11:01:03.463,383.5200,5
39663463324200,11:01:03.463,383.5500,5
39663502935623,11:01:03.502,383.6700,100
39664080811728,11:01:04.080,383.6600,3
39728591733388,11:02:08.591,383.6300,100
39841214367292,11:04:01.214,383.8100,100
39841214438262,11:04:01.214,383.8200,100
39841214837828,11:04:01.214,383.8500,100
39895474629814,11:04:55.474,383.7300,3
39895474629814,11:04:55.474,383.7300,100
39895474629814,11:04:55.474,383.7300,200
39895474648411,11:04:55.474,383.7300,73
39895474649775,11:04:55.474,383.7300,27
39895475253535,11:04:55.475,383.7200,100
39895475313099,11:04:55.475,383.7100,100
39895475668270,11:04:55.475,383.6400,1
39895499070458,11:04:55.499,383.5800,2
39896942381086,11:04:56.942,383.7000,10
39907132293174,11:05:07.132,383.8300,100
39907132737945,11:05:07.132,383.8600,100
39907132737945,11:05:07.132,383.8600,100
39907132762455,11:05:07.132,383.8700,4
40181609057708,11:09:41.609,383.6200,19
40181610092769,11:09:41.610,383.6000,5
40181610405757,11:09:41.610,383.5900,5
40181632232531,11:09:41.632,383.5900,100
40181632232531,11:09:41.632,383.5600,100
40181632232531,11:09:41.632,383.5600,48
40181632242701,11:09:41.632,383.5600,50
40181632274848,11:09:41.632,383.5600,2
40181632274848,11:09:41.632,383.5600,48
40181632276609,11:09:41.632,383.5600,6
40181632303941,11:09:41.632,383.5600,150
40181632325943,11:09:41.632,383.5600,1
40181632501165,11:09:41.632,383.5600,24
40181632527789,11:09:41.632,383.5600,71
40181632527789,11:09:41.632,383.5600,23
40181632548345,11:09:41.632,383.6000,15
40181632869538,11:09:41.632,383.5600,40
40181632896847,11:09:41.632,383.5600,19
40181632923694,11:09:41.632,383.5600,18
40181695770194,11:09:41.695,383.3700,100
40251752909536,11:10:51.752,383.1800,50
40251752909536,11:10:51.752,383.1600,50
40303601607424,11:11:43.601,383.3200,69
40303601667226,11:11:43.601,383.3200,25
40303601723533,11:11:43.601,383.3200,6
40303601723533,11:11:43.601,383.3200,4
40303601723533,11:11:43.601,383.3200,100
40318459188102,11:11:58.459,383.2700,10
40330967102667,11:12:10.967,383.4400,4
40401813205916,11:13:21.813,383.0900,1
40429486241003,11:13:49.486,383.2800,50
40429486241003,11:13:49.486,383.3100,10
40429486241003,11:13:49.486,383.3200,4
40429486241003,11:13:49.486,383.3200,36
40429486271878,11:13:49.486,383.3200,64
40429486271878,11:13:49.486,383.3200,100
40429486271878,11:13:49.486,383.3200,1
40429486299434,11:13:49.486,383.3200,50
40453982918596,11:14:13.982,383.1800,50
40453982918596,11:14:13.982,383.1000,50
40453982959173,11:14:13.982,383.1000,50
40453983515568,11:14:13.983,383.0900,100
40453983708311,11:14:13.983,383.0900,28
40453983763741,11:14:13.983,383.0900,72
40453983763741,11:14:13.983,383.0900,28
40453983797496,11:14:13.983,383.0900,28
40453983916280,11:14:13.983,383.0900,44
40463301617328,11:14:23.301,383.0000,94
40463301622781,11:14:23.301,383.0000,6
40463301750124,11:14:23.301,383.0000,50
40501849237842,11:15:01.849,383.3200,4
40583150892609,11:16:23.150,383.0100,9
40583151095965,11:16:23.151,383.0100,7
40583156512039,11:16:23.156,383.0100,5
40583636237741,11:16:23.636,383.0100,79
40583636237741,11:16:23.636,383.0100,21
40723839262950,11:18:43.839,383.3600,1
40723839262950,11:18:43.839,383.4600,30
40723839262950,11:18:43.839,383.4600,10
40723839262950,11:18:43.839,383.4800,2
40723839262950,11:18:43.839,383.4800,63
40723839292985,11:18:43.839,383.4800,37
40723839292985,11:18:43.839,383.4800,4
40737739960754,11:18:57.739,383.5200,6
40737752115338,11:18:57.752,383.3900,100
40737752291493,11:18:57.752,383.3900,27
40737757046902,11:18:57.757,383.3900,100
40737757627369,11:18:57.757,383.3700,47
40737757646014,11:18:57.757,383.3700,53
40737757646014,11:18:57.757,383.3700,47
40737757727764,11:18:57.757,383.3700,47
40737757786973,11:18:57.757,383.3700,6
40737757786973,11:18:57.757,383.3700,27
40737757786973,11:18:57.757,383.3700,14
40737757915231,11:18:57.757,383.3700,39
40737757953592,11:18:57.757,383.3700,8
40737757957646,11:18:57.757,383.3700,39
40856568827121,11:20:56.568,383.4200,4
40856568827121,11:20:56.568,383.4200,8
40856972122216,11:20:56.972,383.4000,100
40909355540119,11:21:49.355,383.2000,5
40909355678457,11:21:49.355,383.2000,5
40909357046846,11:21:49.357,383.2000,10
40909358454795,11:21:49.358,383.2000,5
40909358483481,11:21:49.358,383.2000,5
40931895913921,11:22:11.895,383.2800,2
41098749189754,11:24:58.749,383.3000,8
41100286600155,11:25:00.286,383.2000,9
41111955840648,11:25:11.955,383.2000,91
41111955840648,11:25:11.955,383.2000,9
41115081658932,11:25:15.081,383.2000,76
41128896486263,11:25:28.896,383.0900,100
41128896545382,11:25:28.896,383.0900,100
41135260309781,11:25:35.260,383.0900,100
41184129209612,11:26:24.129,383.0100,5
41187316048185,11:26:27.316,383.0100,100
41187316155693,11:26:27.316,383.0100,100
41191102474947,11:26:31.102,383.0100,20
41191592349558,11:26:31.592,382.9400,100
41191592376299,11:26:31.592,382.9400,100
41201431194424,11:26:41.431,383.0500,50
41201431194424,11:26:41.431,383.0600,50
41241506379742,11:27:21.506,382.7600,6
41241510099250,11:27:21.510,382.6900,5
41403994642369,11:30:03.994,382.8800,1
41403994665877,11:30:03.994,382.8900,100
41403994693139,11:30:03.994,382.8900,3
41403995836989,11:30:03.995,382.9600,100
41404102102379,11:30:04.102,383.0700,10
41404102102379,11:30:04.102,383.0700,101
41404112418706,11:30:04.112,383.0000,1
41404112419978,11:30:04.112,383.0000,99
41404112419978,11:30:04.112,383.0000,1
41404112430535,11:30:04.112,383.0000,100
41404112441569,11:30:04.112,382.9800,100
41404112442949,11:30:04.112,383.0000,99
41404112446687,11:30:04.112,383.0000,99
41404112492857,11:30:04.112,383.0000,100
41404112524590,11:30:04.112,382.9700,10
41404112565385,11:30:04.112,383.0000,100
41404112633953,11:30:04.112,383.0000,43
41404112659989,11:30:04.112,383.0000,4
41404112673022,11:30:04.112,383.0000,43
41405037996180,11:30:05.037,382.9800,18
41405048738453,11:30:05.048,382.9500,100
41548359786747,11:32:28.359,382.7900,100
41548361257033,11:32:28.361,382.7600,4
41548361305804,11:32:28.361,382.7600,96
41548362033001,11:32:28.362,382.6900,62
41548362055960,11:32:28.362,382.6800,100
41548362431709,11:32:28.362,382.7400,4
41548362564123,11:32:28.362,382.6500,100
41548362588181,11:32:28.362,382.6500,100
41548362611092,11:32:28.362,382.6500,100
41549071044770,11:32:29.071,382.6500,100
41565297625450,11:32:45.297,382.7800,100
41565297625450,11:32:45.297,382.7800,3
41565297656543,11:32:45.297,382.7800,5
41565298282764,11:32:45.298,382.8100,2
41565298308209,11:32:45.298,382.8100,3
41615728563043,11:33:35.728,382.8600,50
41615728563043,11:33:35.728,382.8500,10
41616175602416,11:33:36.175,382.7900,100
41620682310311,11:33:40.682,382.7600,50
41620682864364,11:33:40.682,382.8700,4
41620682864364,11:33:40.682,382.8700,5
41620682864364,11:33:40.682,382.8700,91
41620682970870,11:33:40.682,382.8700,9
41620711016292,11:33:40.711,382.7800,1
41684884857922,11:34:44.884,382.9900,2
41795024328101,11:36:35.024,382.6500,300
41795024465208,11:36:35.024,382.6500,100
41797520302348,11:36:37.520,382.7100,14
41797520302348,11:36:37.520,382.7100,4
41797520302348,11:36:37.520,382.7100,82
41797520330258,11:36:37.520,382.7100,27
41797521699022,11:36:37.521,382.7600,5
41875518480249,11:37:55.518,382.7000,5
41942746166587,11:39:02.746,382.9300,100
41942746205660,11:39:02.746,382.9400,5
41942746205660,11:39:02.746,382.9400,5
41942746894650,11:39:02.746,382.9900,66
41942746915328,11:39:02.746,382.9900,34
41942746915328,11:39:02.746,382.9900,4
41942746954954,11:39:02.746,383.0000,50
41942746970513,11:39:02.746,383.0000,50
41942747843175,11:39:02.747,383.0600,50
41942747843175,11:39:02.747,383.0400,50
41942853481424,11:39:02.853,383.0000,100
41942853563104,11:39:02.853,383.0000,56
41942853572363,11:39:02.853,383.0000,44
41942853572363,11:39:02.853,383.0000,56
41942853588490,11:39:02.853,383.0000,44
41942853610890,11:39:02.853,383.0000,44
41942853642248,11:39:02.853,383.0000,18
41942853647612,11:39:02.853,383.0000,15
41942853655276,11:39:02.853,383.0000,23
41942853655276,11:39:02.853,383.0000,33
41942853693098,11:39:02.853,383.0000,23
41942853721860,11:39:02.853,383.0000,77
41942853721860,11:39:02.853,383.0000,23
41942853807961,11:39:02.853,382.9800,50
41942853816680,11:39:02.853,383.0000,1
41942854446329,11:39:02.854,383.0000,99
41942854446329,11:39:02.854,383.0000,1
41942854501902,11:39:02.854,382.9600,100
41942854964958,11:39:02.854,382.9100,10
41946464408257,11:39:06.464,382.8000,50
41946464408257,11:39:06.464,382.7900,50
41946464465492,11:39:06.464,382.7900,50
41946464465492,11:39:06.464,382.7900,50
41946464492198,11:39:06.464,382.7900,50
41998534530178,11:39:58.534,382.9200,100
42071176001213,11:41:11.176,383.0000,1
42071176001213,11:41:11.176,383.0000,100
42071176001213,11:41:11.176,383.0000,3
42071176001213,11:41:11.176,383.0000,100
42071176034896,11:41:11.176,383.0600,1
42071301771934,11:41:11.301,383.0400,50
42071301771934,11:41:11.301,383.0000,50
42085290254071,11:41:25.290,382.9400,100
42136020920286,11:42:16.020,382.7800,100
42136020920286,11:42:16.020,382.7800,100
42136020920286,11:42:16.020,382.7800,62
42136020943489,11:42:16.020,382.7800,15
42136020954965,11:42:16.020,382.7800,100
42136020985822,11:42:16.020,382.7800,85
42136021009952,11:42:16.021,382.7800,4
42176078005374,11:42:56.078,382.4700,100
42186873405576,11:43:06.873,382.6600,4
42186874576668,11:43:06.874,382.6500,5
42186874618343,11:43:06.874,382.6400,50
42186874633292,11:43:06.874,382.6200,50
42219666262210,11:43:39.666,382.5450,33
42219666262210,11:43:39.666,382.6200,50
42219666262210,11:43:39.666,382.6400,17
42227720288137,11:43:47.720,382.3800,62
42227720288137,11:43:47.720,382.3800,38
42228042941461,11:43:48.042,382.3800,262
42228043442218,11:43:48.043,382.3800,50
42228043455440,11:43:48.043,382.3800,50
42228043881734,11:43:48.043,382.3800,56
42228044077457,11:43:48.044,382.3800,144
42228044077457,11:43:48.044,382.3800,56
42228044131774,11:43:48.044,382.3800,50
42228052310619,11:43:48.052,382.3800,100
42228059447866,11:43:48.059,382.3800,7
42234674919750,11:43:54.674,382.6000,5
42234675401541,11:43:54.675,382.7000,100
42269991196698,11:44:29.991,382.6700,5
42269991196698,11:44:29.991,382.6700,100
42269991427106,11:44:29.991,382.7200,10
42269991427106,11:44:29.991,382.7200,90
42269991453965,11:44:29.991,382.7200,10
42269991453965,11:44:29.991,382.7200,3
42372373185737,11:46:12.373,382.8800,4
42498779643329,11:48:18.779,382.7100,100
42498779680618,11:48:18.779,382.7100,100
42498779777624,11:48:18.779,382.7100,100
42498779779117,11:48:18.779,382.7100,100
42594212818607,11:49:54.212,382.7200,10
42620372867682,11:50:20.372,382.7900,21
42620373807422,11:50:20.373,382.8800,4
42655559337741,11:50:55.559,382.8800,13
42715183644336,11:51:55.183,383.0100,5
42905559445218,11:55:05.559,383.1800,6
42912003897625,11:55:12.003,382.9300,24
42912003898183,11:55:12.003,382.9300,46
42912003903589,11:55:12.003,382.9300,23
42912003917320,11:55:12.003,382.9300,7
42912003917320,11:55:12.003,382.9300,93
42912003918079,11:55:12.003,382.9300,7
42912004837781,11:55:12.004,382.9300,30
42912005116123,11:55:12.005,382.9300,5
42912005373212,11:55:12.005,382.9300,65
42912005373212,11:55:12.005,382.9300,35
42912007565892,11:55:12.007,382.9300,100
42912091360755,11:55:12.091,382.9300,65
42912091360755,11:55:12.091,382.9200,35
42912091404826,11:55:12.091,382.9200,65
43006383694150,11:56:46.383,382.8100,100
43006567503323,11:56:46.567,382.7400,5
43018929574163,11:56:58.929,382.7300,62
43033666682322,11:57:13.666,382.8800,100
43033666682322,11:57:13.666,382.8800,100
43060221828176,11:57:40.221,382.9700,100
43060221895985,11:57:40.221,383.0000,100
43060221895985,11:57:40.221,383.0000,3
43115770624961,11:58:35.770,382.8500,100
43289038447622,12:01:29.038,383.0200,50
43289038447622,12:01:29.038,383.0300,100
43289038447622,12:01:29.038,383.0300,4
43289038447622,12:01:29.038,383.0300,50
43289038476247,12:01:29.038,383.0300,50
43289038491855,12:01:29.038,383.0400,4
43289038722957,12:01:29.038,383.0600,50
43289039811985,12:01:29.039,383.0600,21
43289039837210,12:01:29.039,383.0600,29
43311504717831,12:01:51.504,383.2500,38
43311504741660,12:01:51.504,383.2500,5
43311504756491,12:01:51.504,383.2500,50
43311504772774,12:01:51.504,383.2500,7
43311504797730,12:01:51.504,383.1800,100
43350488744008,12:02:30.488,383.4300,1
43350488867289,12:02:30.488,383.3200,10
43350488922566,12:02:30.488,383.4300,10
43350488922566,12:02:30.488,383.4600,3
43350489293432,12:02:30.489,383.4800,100
43350509790666,12:02:30.509,383.4800,1
43350549363527,12:02:30.549,383.5000,100
43350549390886,12:02:30.549,383.5000,1
43622037589263,12:07:02.037,383.5000,5
43622037589263,12:07:02.037,383.5000,5
43622037589263,12:07:02.037,383.5000,1
43622037589263,12:07:02.037,383.5000,3
43622037956051,12:07:02.037,383.5400,20
43622038185901,12:07:02.038,383.4800,50
43622038185901,12:07:02.038,383.4600,50
43622038617883,12:07:02.038,383.4300,30
43622039152029,12:07:02.039,383.5000,30
43622039882786,12:07:02.039,383.5700,100
43743340612301,12:09:03.340,383.7600,1
43746349971674,12:09:06.349,383.6000,50
43746349971674,12:09:06.349,383.5400,31
43774898729446,12:09:34.898,383.5200,62
43774898775117,12:09:34.898,383.5200,38
43774898775117,12:09:34.898,383.5200,13
43774898789090,12:09:34.898,383.5200,21
43774898796438,12:09:34.898,383.5200,66
43774898796438,12:09:34.898,383.5200,34
43774898853392,12:09:34.898,383.5200,50
43774898857322,12:09:34.898,383.5200,16
43774898944530,12:09:34.898,383.5200,50
43774898974737,12:09:34.898,383.5200,44
43774899035973,12:09:34.899,383.5200,6
43774899952224,12:09:34.899,383.5100,18
43774900842477,12:09:34.900,383.5100,82
43774954713081,12:09:34.954,383.4400,1
43788795111489,12:09:48.795,383.5200,30
43788798007021,12:09:48.798,383.5600,50
43788798007021,12:09:48.798,383.5800,4
43788798007021,12:09:48.798,383.5800,11
43788798016005,12:09:48.798,383.5800,43
43788798211783,12:09:48.798,383.5800,44
43788798218133,12:09:48.798,383.5800,2
43788798311724,12:09:48.798,383.5900,5
43860176138382,12:11:00.176,383.8300,1
43860180354756,12:11:00.180,383.8300,1
43860181435086,12:11:00.181,383.8300,100
43898280097995,12:11:38.280,383.7700,100
43906917649299,12:11:46.917,383.7500,100
43906917763885,12:11:46.917,383.7500,100
43917399360287,12:11:57.399,383.7500,100
43930966544630,12:12:10.966,383.8500,1
43930966676287,12:12:10.966,383.8600,1
43952950157876,12:12:32.950,383.7300,3
43952950342417,12:12:32.950,383.7300,49
43952950454437,12:12:32.950,383.7300,48
43952950454437,12:12:32.950,383.7300,100
43952951830615,12:12:32.951,383.7200,100
43997702807916,12:13:17.702,383.6700,100
43997702849769,12:13:17.702,383.6400,10
44055782661626,12:14:15.782,383.5300,100
44060816132185,12:14:20.816,383.5200,14
44060816279870,12:14:20.816,383.5200,56
44093471242406,12:14:53.471,383.5300,14
44106257958409,12:15:06.257,383.5200,100
44106257958409,12:15:06.257,383.5200,100
44106273526127,12:15:06.273,383.4200,1
44115109733451,12:15:15.109,383.4200,61
44115109733451,12:15:15.109,383.3700,39
44115109783561,12:15:15.109,383.3700,50
44115109823454,12:15:15.109,383.3700,11
44115110038774,12:15:15.110,383.3700,100
44160616041787,12:16:00.616,383.5600,1
44160617189115,12:16:00.617,383.5600,3
44214038075404,12:16:54.038,383.6200,100
44214038075404,12:16:54.038,383.7100,100
44214038075404,12:16:54.038,383.7200,5
44214038078693,12:16:54.038,383.7200,95
44214038078693,12:16:54.038,383.7200,1
44214038078693,12:16:54.038,383.7200,4
44214038078693,12:16:54.038,383.7200,100
44214038138030,12:16:54.038,383.7600,1
44214067488985,12:16:54.067,383.8000,1
44214067557823,12:16:54.067,383.8200,1
44214068345257,12:16:54.068,383.8200,3
44271227011752,12:17:51.227,383.8600,4
44275881723147,12:17:55.881,383.6700,14
44295070638733,12:18:15.070,383.8600,4
44295070638733,12:18:15.070,383.8600,18
44348143186855,12:19:08.143,383.6600,62
44348143421211,12:19:08.143,383.6600,38
44348143421211,12:19:08.143,383.6600,4
44350257402154,12:19:10.257,383.6600,3
44350257402154,12:19:10.257,383.6600,97
44350257452026,12:19:10.257,383.6600,3
44350257489689,12:19:10.257,383.6600,100
44350257507265,12:19:10.257,383.6600,50
44350276080694,12:19:10.276,383.6700,1
44371688910415,12:19:31.688,383.6700,100
44379606559575,12:19:39.606,383.6700,100
44384264491608,12:19:44.264,383.6600,50
44384264491608,12:19:44.264,383.6600,50
44384266019894,12:19:44.266,383.6600,50
44442198076915,12:20:42.198,383.5100,100
44443542562351,12:20:43.542,383.6700,13
44443543906250,12:20:43.543,383.7100,10
44443543964820,12:20:43.543,383.7400,100
44443543980464,12:20:43.543,383.7400,27
44512258788677,12:21:52.258,383.8700,1
44512258788677,12:21:52.258,383.8700,4
44512258858023,12:21:52.258,383.8900,1
44512258858023,12:21:52.258,383.8900,4
44512258890070,12:21:52.258,383.9000,1
44539564619483,12:22:19.564,383.7100,100
44700300962798,12:25:00.300,383.4900,2
44712298863799,12:25:12.298,383.4900,2
44772646890530,12:26:12.646,383.4900,13
44773420299230,12:26:13.420,383.2800,100
44805083229952,12:26:45.083,383.3300,15
44805083510441,12:26:45.083,383.3300,5
44805083650730,12:26:45.083,383.3100,5
44805083771991,12:26:45.083,383.3300,2
44805083771991,12:26:45.083,383.3400,5
44805083848291,12:26:45.083,383.3100,5
44805083915326,12:26:45.083,383.3700,4
44885985371537,12:28:05.985,383.5600,5
44885985371537,12:28:05.985,383.5600,95
44885985415803,12:28:05.985,383.5600,5
44885985415803,12:28:05.985,383.5600,4
44898929155752,12:28:18.929,383.7000,64
45041124675499,12:30:41.124,383.5000,5
45099157351007,12:31:39.157,383.7100,4
45099157351007,12:31:39.157,383.7100,96
45099181865066,12:31:39.181,383.5600,1
45099209594507,12:31:39.209,383.4800,3
45268973718206,12:34:28.973,383.7100,1
45268974552512,12:34:28.974,383.7200,2
45285329473670,12:34:45.329,383.4800,1
45314704153069,12:35:14.704,383.4100,300
45314704153069,12:35:14.704,383.4100,4
45314704320937,12:35:14.704,383.4100,100
45314704515638,12:35:14.704,383.4100,50
45314704688541,12:35:14.704,383.4100,4
45314705511442,12:35:14.705,383.4100,12
45314705523012,12:35:14.705,383.4100,34
45315303262284,12:35:15.303,383.2600,15
45317268161226,12:35:17.268,383.2600,100
45320188218431,12:35:20.188,383.2200,21
45320188228411,12:35:20.188,383.2200,41
45334333401423,12:35:34.333,383.0900,1
45344333570446,12:35:44.333,383.0900,1
45344333595692,12:35:44.333,383.0900,79
45416215503743,12:36:56.215,383.3100,100
45416215540398,12:36:56.215,383.3100,61
45416215568006,12:36:56.215,383.3100,81
45416215568006,12:36:56.215,383.3100,4
45420683774917,12:37:00.683,383.4900,100
45428028275022,12:37:08.028,383.5300,1
45454863098164,12:37:34.863,383.3400,1
45532918587682,12:38:52.918,383.5400,1
45532936880102,12:38:52.936,383.5600,1
45552837854146,12:39:12.837,383.2600,21
45552837854785,12:39:12.837,383.2600,61
45552837859177,12:39:12.837,383.2600,18
45552837859177,12:39:12.837,383.2600,2
45552837881934,12:39:12.837,383.2600,98
45552837881934,12:39:12.837,383.2600,20
45552837884915,12:39:12.837,383.2600,118
45552837987901,12:39:12.837,383.2600,62
45558470335749,12:39:18.470,383.2100,62
45558470335749,12:39:18.470,383.2100,38
45574896601848,12:39:34.896,383.2100,7
45590330426736,12:39:50.330,383.4100,100
45649412654421,12:40:49.412,383.4400,4
45649413640106,12:40:49.413,383.4500,51
45654035089150,12:40:54.035,383.4600,7
45654035089150,12:40:54.035,383.4800,51
45666566152625,12:41:06.566,383.4000,1
45681267118481,12:41:21.267,383.5600,100
45708543752764,12:41:48.543,383.3500,100
45708544663967,12:41:48.544,383.3400,50
45708544663967,12:41:48.544,383.3400,50
45708545161252,12:41:48.545,383.3400,10
45708546795627,12:41:48.546,383.3400,4
45708579988400,12:41:48.579,383.3300,10
45708579988400,12:41:48.579,383.3300,90
45708594759770,12:41:48.594,383.3300,10
45709050381430,12:41:49.050,383.2800,2
45725524785564,12:42:05.524,383.1500,14
45753933661045,12:42:33.933,383.3700,22
45830008713242,12:43:50.008,383.3700,15
45830015764851,12:43:50.015,383.4500,42
45830015784259,12:43:50.015,383.4600,5
45830015784259,12:43:50.015,383.4600,10
45899568734455,12:44:59.568,383.2900,100
45899568775336,12:44:59.568,383.2900,3
45899571864436,12:44:59.571,383.2200,36
45899571890391,12:44:59.571,383.2200,64
45899571921865,12:44:59.571,383.2100,6
45899571932359,12:44:59.571,383.2400,100
45899571962271,12:44:59.571,383.2100,50
45899572017421,12:44:59.572,383.2100,11
45903553155382,12:45:03.553,383.3400,6
45903553155382,12:45:03.553,383.3400,50
45903553155382,12:45:03.553,383.3700,44
45903746069929,12:45:03.746,383.1700,1
45979591463691,12:46:19.591,383.4200,7
46020891790619,12:47:00.891,383.4400,100
46020891790619,12:47:00.891,383.4400,100
46020891790619,12:47:00.891,383.4400,1
46020891822762,12:47:00.891,383.4800,100
46115978561687,12:48:35.978,383.5500,3
46115978561687,12:48:35.978,383.5700,1
46115978561687,12:48:35.978,383.5800,1
46115978561687,12:48:35.978,383.5900,1
46115978561687,12:48:35.978,383.6000,1
46115978561687,12:48:35.978,383.6000,10
46115978561687,12:48:35.978,383.6100,1
46193214339787,12:49:53.214,383.6400,1
46193214339787,12:49:53.214,383.6500,1
46193214339787,12:49:53.214,383.6600,1
46200804976823,12:50:00.804,383.6700,1
46200805006102,12:50:00.805,383.6800,1
46200805006102,12:50:00.805,383.6900,1
46200805007952,12:50:00.805,383.6900,80
46200805037768,12:50:00.805,383.6900,1
46200805055785,12:50:00.805,383.6900,19
46200806573981,12:50:00.806,383.7000,1
46200817392036,12:50:00.817,383.7000,2
46200817457569,12:50:00.817,383.7200,1
46200819169619,12:50:00.819,383.7300,1
46201581433976,12:50:01.581,383.7400,1
46202969923585,12:50:02.969,383.7000,8
46204078460291,12:50:04.078,383.7800,1
46264551337825,12:51:04.551,383.8100,1
46316599161658,12:51:56.599,383.6400,1
46331901001398,12:52:11.901,383.8300,1
46331902097687,12:52:11.902,383.8600,1
46331902154036,12:52:11.902,383.8700,100
46331902219547,12:52:11.902,383.8700,4
46357611631640,12:52:37.611,383.7400,50
46387185369478,12:53:07.185,383.7300,16
46387185369478,12:53:07.185,383.7300,84
46387185399919,12:53:07.185,383.7300,16
46414592913112,12:53:34.592,383.6100,100
46415031069213,12:53:35.031,383.6100,100
46415978741584,12:53:35.978,383.6100,1
46423369112112,12:53:43.369,383.6100,99
46423369112112,12:53:43.369,383.6100,1
46441891440878,12:54:01.891,383.6100,99
46441891440878,12:54:01.891,383.5700,1
46495230792914,12:54:55.230,383.7000,22
46495809738730,12:54:55.809,383.7300,10
46508217932770,12:55:08.217,383.5800,16
46508217932770,12:55:08.217,383.5700,5
46512020047998,12:55:12.020,383.5700,94
46512020047998,12:55:12.020,383.5700,6
46512020374523,12:55:12.020,383.5700,94
46512020374523,12:55:12.020,383.5700,100
46512020478980,12:55:12.020,383.5600,100
46514816262761,12:55:14.816,383.5600,100
46521869568073,12:55:21.869,383.5600,100
46530198803809,12:55:30.198,383.5600,100
46561524157186,12:56:01.524,383.3800,50
46561524157186,12:56:01.524,383.3800,50
46574522052361,12:56:14.522,383.3800,50
46574522052361,12:56:14.522,383.3800,50
46583100557350,12:56:23.100,383.3800,50
46583100557350,12:56:23.100,383.3800,50
46596964700631,12:56:36.964,383.3700,100
46684238640554,12:58:04.238,383.3100,11
46693503640579,12:58:13.503,383.4100,100
46693503671260,12:58:13.503,383.4100,4
46693504182005,12:58:13.504,383.4300,1
46736616421249,12:58:56.616,383.4100,5
46800903288359,13:00:00.903,383.4600,12
46808038531736,13:00:08.038,383.4600,50
46893581751256,13:01:33.581,383.3700,100
46893581751256,13:01:33.581,383.3600,12
46895553982156,13:01:35.553,383.3600,100
46895865201194,13:01:35.865,383.3100,1
46975825272857,13:02:55.825,383.3800,15
46975826628752,13:02:55.826,383.4100,10
46975826868431,13:02:55.826,383.4100,5
46975831182981,13:02:55.831,383.4200,100
46975831233729,13:02:55.831,383.4200,100
46975831243558,13:02:55.831,383.4200,100
46982336542986,13:03:02.336,383.3000,50
46982336542986,13:03:02.336,383.2700,50
46982338015542,13:03:02.338,383.2700,28
46982340081026,13:03:02.340,383.2700,5
46982350497297,13:03:02.350,383.2700,17
46982350497297,13:03:02.350,383.2700,83
46987772239605,13:03:07.772,383.3400,100
46991884031161,13:03:11.884,383.2700,100
47002128008524,13:03:22.128,383.2700,100
47007490773695,13:03:27.490,383.2600,100
47011557642126,13:03:31.557,383.2600,100
47011557750210,13:03:31.557,383.2600,7
47014740074154,13:03:34.740,383.2600,100
47014784220676,13:03:34.784,383.2500,100
47070228222312,13:04:30.228,383.2600,9
47075227985993,13:04:35.227,383.2600,9
47205244045167,13:06:45.244,383.3000,1
47205244045167,13:06:45.244,383.3000,1
47205244045167,13:06:45.244,383.3000,98
47205244096359,13:06:45.244,383.3000,2
47234219772395,13:07:14.219,383.2900,4
47234219772395,13:07:14.219,383.2900,76
47234219781375,13:07:14.219,383.2900,18
47234219802082,13:07:14.219,383.2900,6
47234220028296,13:07:14.220,383.3000,5
47252776024114,13:07:32.776,383.3000,50
47252776024114,13:07:32.776,383.2200,50
47252776097285,13:07:32.776,383.2200,50
47252798122523,13:07:32.798,383.2100,100
47335299967132,13:08:55.299,383.2100,26
47335299992778,13:08:55.299,383.2100,74
47335300074896,13:08:55.300,383.2100,74
47335300403066,13:08:55.300,383.2100,11
47376029517695,13:09:36.029,383.3500,1
47415627526393,13:10:15.627,383.3500,1
47415627526393,13:10:15.627,383.4000,50
47415629877671,13:10:15.629,383.4400,100
47415629877671,13:10:15.629,383.4500,100
47415629877671,13:10:15.629,383.4500,6
47415630110367,13:10:15.630,383.4500,56
47415630201636,13:10:15.630,383.4500,17
47415630203661,13:10:15.630,383.4500,19
47415630245178,13:10:15.630,383.4500,2
47415630245178,13:10:15.630,383.4500,2
47415630245178,13:10:15.630,383.4500,4
47427640013425,13:10:27.640,383.5300,1
47550570860114,13:12:30.570,383.5600,1
47550570860114,13:12:30.570,383.5600,1
47550570860114,13:12:30.570,383.5600,4
47550570860114,13:12:30.570,383.5600,5
47550571117653,13:12:30.571,383.5600,4
47550571117653,13:12:30.571,383.5700,1
47550571155649,13:12:30.571,383.5700,2
47550571422847,13:12:30.571,383.5700,2
47550571460708,13:12:30.571,383.5800,2
47550571466081,13:12:30.571,383.6100,1
47550571467401,13:12:30.571,383.6200,1
47550571469446,13:12:30.571,383.6300,1
47599168644159,13:13:19.168,383.5300,12
47599168644159,13:13:19.168,383.5300,44
47599168952033,13:13:19.168,383.5300,156
47599168984302,13:13:19.168,383.5300,100
47599169000069,13:13:19.169,383.5300,8
47599169007086,13:13:19.169,383.5300,50
47599169058806,13:13:19.169,383.5300,42
47599169172949,13:13:19.169,383.5200,100
47599169527786,13:13:19.169,383.5000,1
47606128710515,13:13:26.128,383.4000,200
47606128775339,13:13:26.128,383.4000,50
47606128812704,13:13:26.128,383.4000,50
47606149444031,13:13:26.149,383.3900,100
47759824351899,13:15:59.824,383.4100,13
47807316841666,13:16:47.316,383.3400,12
47819499406833,13:16:59.499,383.3100,12
47822069409686,13:17:02.069,383.3100,1
47843727022083,13:17:23.727,383.2200,100
47843727022083,13:17:23.727,383.2200,100
47843727052365,13:17:23.727,383.2200,100
47843727081095,13:17:23.727,383.2200,50
47843728334383,13:17:23.728,383.2200,50
47890983364701,13:18:10.983,383.0700,100
47892306543298,13:18:12.306,383.1800,50
47892306543298,13:18:12.306,383.2300,90
47901239585497,13:18:21.239,383.0700,100
47971284259010,13:19:31.284,382.8500,2
47988282437679,13:19:48.282,382.8500,2
48005283650999,13:20:05.283,382.8200,2
48022284027245,13:20:22.284,382.8200,2
48034286926800,13:20:34.286,382.8200,2
48039887276974,13:20:39.887,382.8200,2
48045749112715,13:20:45.749,382.7500,12
48045749193320,13:20:45.749,382.7400,100
48045749714836,13:20:45.749,382.7400,50
48045749913317,13:20:45.749,382.7400,50
48063732402952,13:21:03.732,382.7200,10
48063732402952,13:21:03.732,382.7300,10
48063732402952,13:21:03.732,382.7300,80
48063732435612,13:21:03.732,382.7300,20
48063732435612,13:21:03.732,382.7300,4
48063732449716,13:21:03.732,382.7300,17
48063732449716,13:21:03.732,382.7400,4
48063732642676,13:21:03.732,382.7600,39
48063732902982,13:21:03.732,382.7600,61
48063732902982,13:21:03.732,382.7600,34
48128906603372,13:22:08.906,382.6500,21
48128906606774,13:22:08.906,382.6500,79
48128906606774,13:22:08.906,382.6500,21
48128906610433,13:22:08.906,382.6500,65
48131000584682,13:22:11.000,382.7000,4
48131000584682,13:22:11.000,382.7000,52
48131000599539,13:22:11.000,382.7000,37
48131000659270,13:22:11.000,382.7000,11
48131001062163,13:22:11.001,382.7500,65
48131157939791,13:22:11.157,382.8900,100
48131157939791,13:22:11.157,382.8900,5
48131233279422,13:22:11.233,382.9400,6
48131233982778,13:22:11.233,382.9400,6
48131238446217,13:22:11.238,382.9400,6
48131238496009,13:22:11.238,382.9400,6
48131238647376,13:22:11.238,382.9400,6
48131238785366,13:22:11.238,382.9400,6
48131239722265,13:22:11.239,382.9400,5
48131240243326,13:22:11.240,382.9400,6
48131330150025,13:22:11.330,382.8600,6
48131330296379,13:22:11.330,382.8600,6
48131330379888,13:22:11.330,382.8600,6
48131330435257,13:22:11.330,382.8600,6
48131330478791,13:22:11.330,382.8600,6
48132237734951,13:22:12.237,382.9200,6
48132237830925,13:22:12.237,383.0400,2
48132237855745,13:22:12.237,382.9500,100
48132241726521,13:22:12.241,382.9800,6
48132250685692,13:22:12.250,383.0500,100
48132250685692,13:22:12.250,383.0500,100
48132250809696,13:22:12.250,383.0800,1
48132251051039,13:22:12.251,383.0900,1
48132255131784,13:22:12.255,383.1000,1
48132255164020,13:22:12.255,383.1200,1
48132255207713,13:22:12.255,383.1300,1
48132255284187,13:22:12.255,383.1500,1
48132255312765,13:22:12.255,383.1600,1
48132255354576,13:22:12.255,383.1700,2
48132255383590,13:22:12.255,383.1800,2
48132255681465,13:22:12.255,383.2000,1
48132263812974,13:22:12.263,383.2200,1
48132284969675,13:22:12.284,383.2400,1
48132288501810,13:22:12.288,383.2400,1
48132288624331,13:22:12.288,383.2400,1
48132288694959,13:22:12.288,383.2400,1
48132288854187,13:22:12.288,383.2500,1
48132290068003,13:22:12.290,383.1300,10
48132290151577,13:22:12.290,383.2500,10
48132290253667,13:22:12.290,383.1600,10
48132290395670,13:22:12.290,383.2000,30
48132290423946,13:22:12.290,383.2000,5
48132290480399,13:22:12.290,383.1300,10
48132290812976,13:22:12.290,383.2600,1
48132291058935,13:22:12.291,383.2700,1
48132368581671,13:22:12.368,383.2800,1
48132368938359,13:22:12.368,383.2800,15
48132369016665,13:22:12.369,383.2900,1
48133085595174,13:22:13.085,383.3100,1
48133085595174,13:22:13.085,383.3100,1
48133085595174,13:22:13.085,383.3400,1
48133085595174,13:22:13.085,383.3600,2
48133085595174,13:22:13.085,383.4000,1
48133085595174,13:22:13.085,383.4100,1
48133212571526,13:22:13.212,383.4200,2
48133212571526,13:22:13.212,383.4200,98
48133379137144,13:22:13.379,383.4300,1
48133379167125,13:22:13.379,383.4400,1
48137405061539,13:22:17.405,383.2100,15
48169225488172,13:22:49.225,382.9200,4
48256964852463,13:24:16.964,382.7500,100
48256965444029,13:24:16.965,382.7500,32
48256965468192,13:24:16.965,382.7500,68
48274061523711,13:24:34.061,382.7600,1
48305688854831,13:25:05.688,382.6100,100
48305688892867,13:25:05.688,382.6000,5
48473863016685,13:27:53.863,382.2500,1
48488532206226,13:28:08.532,382.2500,100
48488532291136,13:28:08.532,382.2500,100
48488532358675,13:28:08.532,382.2400,100
48488533030277,13:28:08.533,382.2400,100
48488533079553,13:28:08.533,382.2300,36
48488533080696,13:28:08.533,382.2300,64
48488533524096,13:28:08.533,382.2100,7
48488534962780,13:28:08.534,382.0700,8
48488536135576,13:28:08.536,382.0000,3
48582316738192,13:29:42.316,382.0400,6
48590515793518,13:29:50.515,382.0400,6
48628654084075,13:30:28.654,382.0300,18
48628654671407,13:30:28.654,382.0100,4
48628654709903,13:30:28.654,382.0100,17
48628654723471,13:30:28.654,382.0100,79
48628654723471,13:30:28.654,382.0100,21
48628658051902,13:30:28.658,382.0300,100
48628705664111,13:30:28.705,382.0100,79
48628705664111,13:30:28.705,382.0100,21
48633888402558,13:30:33.888,382.0100,79
48633888950063,13:30:33.888,382.0000,2
48636319499248,13:30:36.319,381.8100,1
48704916253058,13:31:44.916,381.7200,100
48704916253058,13:31:44.916,381.7200,100
48704916619326,13:31:44.916,381.7100,10
48704916671716,13:31:44.916,381.7000,10
48815011666111,13:33:35.011,381.1900,10
48875695133987,13:34:35.695,380.8100,100
48875695133987,13:34:35.695,380.8100,30
48875695133987,13:34:35.695,380.8100,14
48875695390796,13:34:35.695,380.7800,10
48875695390796,13:34:35.695,380.7700,10
48875695660529,13:34:35.695,380.8100,50
48875695661813,13:34:35.695,380.8100,50
48879258712275,13:34:39.258,380.9100,16
48879258712275,13:34:39.258,380.9100,3
48954059726792,13:35:54.059,380.9000,100
48954059726792,13:35:54.059,380.9000,3
48954059726792,13:35:54.059,380.9000,100
48954059726792,13:35:54.059,380.9000,99
48954059726792,13:35:54.059,380.9000,11
48954059726792,13:35:54.059,380.9000,100
48954059756224,13:35:54.059,380.9000,100
48954059972679,13:35:54.059,380.9100,4
48954060039009,13:35:54.060,380.9100,96
48954119678140,13:35:54.119,380.8400,1
48980694702911,13:36:20.694,380.9000,20
48990352052474,13:36:30.352,381.0500,100
49022613555711,13:37:02.613,380.8800,59
49026564806149,13:37:06.564,381.0400,2
49069322534755,13:37:49.322,380.8800,2
49131233267795,13:38:51.233,380.9100,9
49153270893262,13:39:13.270,380.9500,23
49235353799335,13:40:35.353,380.8800,1
49238351504964,13:40:38.351,380.8800,1
49321551486191,13:42:01.551,381.1100,100
49321551486191,13:42:01.551,381.1100,2
49321551655397,13:42:01.551,381.1200,35
49321551723928,13:42:01.551,381.1200,65
49321551913264,13:42:01.551,381.1300,36
49321551914604,13:42:01.551,381.1300,64
49321561710777,13:42:01.561,381.1600,100
49321561737554,13:42:01.561,381.1600,1
49479285456114,13:44:39.285,380.9100,4
49479285456114,13:44:39.285,380.9100,96
49479519783232,13:44:39.519,380.9100,1
49486824175489,13:44:46.824,381.1200,5
49561024693005,13:46:01.024,381.1600,100
49561024693005,13:46:01.024,381.1600,2
49561024693005,13:46:01.024,381.1600,100
49561024720773,13:46:01.024,381.1700,5
49561028016385,13:46:01.028,381.2800,1
49561236130508,13:46:01.236,381.2400,3
49578292510912,13:46:18.292,381.2400,50
49578292510912,13:46:18.292,381.2100,22
49578292510912,13:46:18.292,381.2000,28
49586134053930,13:46:26.134,381.2300,100
49639604366934,13:47:19.604,381.1500,100
49639604414060,13:47:19.604,381.1500,100
49639604440368,13:47:19.604,381.1400,100
49639931439007,13:47:19.931,381.1200,100
49645780729949,13:47:25.780,381.1200,100
49645780729949,13:47:25.780,381.1100,100
49645780773964,13:47:25.780,381.1100,100
49645780810455,13:47:25.780,381.0900,100
49672042573882,13:47:52.042,380.9800,16
49672042612825,13:47:52.042,380.9800,18
49672042652269,13:47:52.042,380.9800,34
49672043000130,13:47:52.043,380.9800,32
49672043000130,13:47:52.043,380.9800,2
49672043063684,13:47:52.043,380.9800,34
49672043118748,13:47:52.043,380.9800,11
49672043143599,13:47:52.043,380.9800,23
49672043192507,13:47:52.043,380.9800,11
49672043202847,13:47:52.043,381.0000,100
49672043272205,13:47:52.043,380.9700,34
49672043317878,13:47:52.043,380.9700,66
49672043364144,13:47:52.043,380.9500,34
49672043492535,13:47:52.043,380.9500,32
49672043802230,13:47:52.043,380.9500,34
49672043802230,13:47:52.043,380.9400,44
49672043844058,13:47:52.043,380.9400,50
49672046301528,13:47:52.046,380.9400,6
49672075990039,13:47:52.075,380.8800,2
49672142819425,13:47:52.142,380.8700,100
49676986441517,13:47:56.986,380.8700,100
49676986524311,13:47:56.986,380.8700,100
49676986552099,13:47:56.986,380.8700,100
49678218390481,13:47:58.218,380.8700,100
49678218482390,13:47:58.218,380.8700,100
49692775151098,13:48:12.775,380.8700,100
49703609053175,13:48:23.609,380.8700,100
49713260732156,13:48:33.260,380.8700,100
49715196926275,13:48:35.196,380.8700,100
49778882394419,13:49:38.882,380.5600,100
49779213717909,13:49:39.213,380.5500,81
49873976063127,13:51:13.976,380.6000,3
49873976063127,13:51:13.976,380.6000,97
49873976065654,13:51:13.976,380.6000,3
49873976065654,13:51:13.976,380.6000,2
49873976065654,13:51:13.976,380.6000,100
49873976238446,13:51:13.976,380.6900,2
49874406182008,13:51:14.406,380.7500,100
49874979908279,13:51:14.979,380.8100,100
49874980141030,13:51:14.980,380.8400,1
49874980356175,13:51:14.980,380.8500,1
49875194953251,13:51:15.194,380.8900,1
49885131763031,13:51:25.131,380.9000,1
50010698435728,13:53:30.698,380.8600,28
50010698461903,13:53:30.698,380.8600,72
50010698461903,13:53:30.698,380.8600,1
50010698462967,13:53:30.698,380.8600,73
50010698465902,13:53:30.698,380.8600,27
50010698488738,13:53:30.698,380.9000,10
50010698488738,13:53:30.698,380.9100,1
50010698656809,13:53:30.698,380.8800,50
50010698676237,13:53:30.698,380.8300,20
50010698685906,13:53:30.698,380.9200,1
50010698685906,13:53:30.698,380.9300,5
50010698687600,13:53:30.698,380.9500,1
50010698687600,13:53:30.698,380.9600,1
50010698689836,13:53:30.698,381.0200,1
50119520078196,13:55:19.520,380.7100,100
50119520092891,13:55:19.520,380.7100,10
50119520092891,13:55:19.520,380.7100,29
50119520092891,13:55:19.520,380.7100,61
50119520164567,13:55:19.520,380.7100,39
50119520425219,13:55:19.520,380.6800,10
50119521885566,13:55:19.521,380.7400,2
50166618702752,13:56:06.618,380.8200,3
50166618702752,13:56:06.618,380.8200,1
50233220070114,13:57:13.220,380.5900,1
50233220070114,13:57:13.220,380.5500,4
50233220070114,13:57:13.220,380.5500,71
50243941887477,13:57:23.941,380.5500,74
50326270609140,13:58:46.270,380.5500,19
50332049845789,13:58:52.049,380.5200,100
50346802902800,13:59:06.802,380.5500,1
50363601946576,13:59:23.601,380.6300,3
50363622708611,13:59:23.622,380.6300,20
50363623970996,13:59:23.623,380.5500,1
50363624556221,13:59:23.624,380.3800,29
50371026687937,13:59:31.026,380.4000,10
50371134071643,13:59:31.134,380.3800,1
50402713003890,14:00:02.713,380.4000,10
50402713003890,14:00:02.713,380.4000,100
50402738366303,14:00:02.738,380.4000,39
50402738397501,14:00:02.738,380.4000,50
50402738595910,14:00:02.738,380.4000,11
50402739597290,14:00:02.739,380.3800,10
50402742115355,14:00:02.742,380.4500,25
50402742181233,14:00:02.742,380.3800,25
50402742181233,14:00:02.742,380.3700,10
50402742181233,14:00:02.742,380.3700,65
50402752487335,14:00:02.752,380.5100,100
50402756739796,14:00:02.756,380.4900,100
50402756739796,14:00:02.756,380.6800,50
50402756771770,14:00:02.756,380.6900,20
50402756777355,14:00:02.756,380.6900,30
50403035170694,14:00:03.035,380.3700,35
50403035170694,14:00:03.035,380.3700,100
50403035170694,14:00:03.035,380.3700,62
50403035198103,14:00:03.035,380.3700,100
50403048554586,14:00:03.048,380.5600,2
50403124278739,14:00:03.124,380.6800,2
50403124376561,14:00:03.124,380.6800,2
50403124491538,14:00:03.124,380.5200,5
50403124542922,14:00:03.124,380.6800,2
50403124611977,14:00:03.124,380.5200,6
50403150156016,14:00:03.150,380.6200,11
50405721396204,14:00:05.721,380.6800,5
50405721396204,14:00:05.721,380.6800,6
50405721396204,14:00:05.721,380.6800,6
50406600482985,14:00:06.600,380.7600,50
50406600482985,14:00:06.600,380.7700,100
50406600482985,14:00:06.600,380.7700,89
50406600556877,14:00:06.600,380.7700,11
50406600556877,14:00:06.600,380.7700,35
50406600556877,14:00:06.600,380.7700,3
50406600556877,14:00:06.600,380.7700,1
50406727916298,14:00:06.727,380.9500,1
50407187619440,14:00:07.187,380.9700,1
50408992636475,14:00:08.992,381.0900,1
50409007022012,14:00:09.007,381.1000,1
50409010977466,14:00:09.010,381.1200,1
50409014202733,14:00:09.014,381.1300,1
50409020851685,14:00:09.020,381.1500,1
50409022506177,14:00:09.022,381.1700,1
50409022561539,14:00:09.022,381.1800,1
50409024105934,14:00:09.024,381.1900,1
50409024149694,14:00:09.024,381.2000,1
50409024201576,14:00:09.024,381.2100,1
50409024287736,14:00:09.024,381.2200,1
50409028517802,14:00:09.028,381.2800,1
50409028591683,14:00:09.028,381.3100,2
50409031062492,14:00:09.031,381.3200,1
50409033988751,14:00:09.033,381.3500,1
50409034103950,14:00:09.034,381.3500,1
50409034160434,14:00:09.034,381.3500,1
50409034262620,14:00:09.034,381.3500,1
50409034398520,14:00:09.034,381.3500,1
50409034565907,14:00:09.034,381.3500,1
50409034844510,14:00:09.034,381.3500,1
50409034987479,14:00:09.034,381.3500,1
50409035087002,14:00:09.035,381.3500,1
50409035184941,14:00:09.035,381.3500,1
50409035249155,14:00:09.035,381.3500,1
50409035319871,14:00:09.035,381.3500,1
50409035603402,14:00:09.035,381.3500,1
50409036386344,14:00:09.036,381.3500,1
50409036568521,14:00:09.036,381.3500,1
50409037055728,14:00:09.037,381.3500,1
50409037209277,14:00:09.037,381.3500,1
50409037328004,14:00:09.037,381.3500,1
50409038513447,14:00:09.038,381.3500,1
50409038928710,14:00:09.038,381.3500,1
50409039195267,14:00:09.039,381.3500,1
50409039830851,14:00:09.039,381.3500,1
50409040198637,14:00:09.040,381.3500,1
50409041405254,14:00:09.041,381.3500,1
50409042992404,14:00:09.042,381.3500,1
50409043081163,14:00:09.043,381.3500,1
50409043316109,14:00:09.043,381.3500,1
50409043415630,14:00:09.043,381.3500,1
50409043686018,14:00:09.043,381.3500,1
50409044173662,14:00:09.044,381.3500,1
50409044315380,14:00:09.044,381.3500,1
50409045109644,14:00:09.045,381.3500,1
50409229094363,14:00:09.229,381.2900,6
50409712573146,14:00:09.712,381.3500,3
50409963040446,14:00:09.963,381.3800,1
50410285952870,14:00:10.285,381.1800,5
50410413641707,14:00:10.413,381.3800,1
50410413758260,14:00:10.413,381.3800,1
50410508385572,14:00:10.508,381.3800,1
50410508557749,14:00:10.508,381.3800,1
50410509107633,14:00:10.509,381.3800,1
50410509217875,14:00:10.509,381.3800,1
50410510298135,14:00:10.510,381.3800,1
50410962677449,14:00:10.962,381.3900,1
50411413657861,14:00:11.413,381.3800,1
50411413761440,14:00:11.413,381.3800,1
50411962680974,14:00:11.962,381.3800,1
50412413774112,14:00:12.413,381.4000,1
50412443723750,14:00:12.443,381.4100,1
50412906114018,14:00:12.906,381.1800,50
50412906114018,14:00:12.906,381.1400,50
50413010544878,14:00:13.010,381.3800,1
50413016709968,14:00:13.016,381.4200,1
50413016751461,14:00:13.016,381.4200,4
50413016758062,14:00:13.016,381.4200,2
50413016758950,14:00:13.016,381.4200,41
50413016759350,14:00:13.016,381.4200,50
50413016767481,14:00:13.016,381.4200,2
50413016767481,14:00:13.016,381.4300,1
50413016767481,14:00:13.016,381.4400,1
50413016767481,14:00:13.016,381.4500,1
50413016767481,14:00:13.016,381.4600,1
50413016767481,14:00:13.016,381.4700,1
50413016767481,14:00:13.016,381.4900,1
50413016767481,14:00:13.016,381.5000,1
50413016767481,14:00:13.016,381.5000,1
50413016991139,14:00:13.016,381.5000,10
50413020689177,14:00:13.020,381.3900,1
50413021020084,14:00:13.021,381.3900,1
50413021306158,14:00:13.021,381.3900,1
50413021363916,14:00:13.021,381.3900,1
50413021491830,14:00:13.021,381.3900,1
50413021615238,14:00:13.021,381.3900,1
50413021752854,14:00:13.021,381.3900,1
50413046563687,14:00:13.046,381.5000,36
50413053137311,14:00:13.053,381.5000,53
50413053347964,14:00:13.053,381.5200,1
50413053574853,14:00:13.053,381.5800,1
50413053808289,14:00:13.053,381.6000,1
50413053808289,14:00:13.053,381.6100,1
50413053809111,14:00:13.053,381.6300,1
50413094666376,14:00:13.094,382.0000,100
50413094690666,14:00:13.094,382.0000,100
50413094747390,14:00:13.094,382.0000,20
50413213251144,14:00:13.213,382.0900,100
50413213258487,14:00:13.213,382.0900,1
50413573137385,14:00:13.573,382.6600,50
50416843382258,14:00:16.843,381.6600,10
50419652680899,14:00:19.652,382.1500,7
50421898582693,14:00:21.898,381.5600,9
50421898582693,14:00:21.898,381.3900,5
50422031093247,14:00:22.031,381.8100,5
50423388632090,14:00:23.388,381.2400,4
50423388663757,14:00:23.388,381.2300,10
50446545740683,14:00:46.545,381.0900,4
50446587835135,14:00:46.587,381.2100,4
50453124044728,14:00:53.124,381.1700,4
50463970008346,14:01:03.970,381.7000,100
50463970035511,14:01:03.970,381.7100,100
50463970891299,14:01:03.970,381.8300,5
50464003448618,14:01:04.003,381.8300,5
50481661624000,14:01:21.661,382.0600,5
50536991060219,14:02:16.991,381.8900,4
50536991084162,14:02:16.991,381.8800,100
50536991589856,14:02:16.991,381.8700,50
50536991594981,14:02:16.991,381.8700,6
50536991618749,14:02:16.991,381.8700,44
50536991656259,14:02:16.991,381.8400,10
50536991688779,14:02:16.991,381.8300,10
50593532147782,14:03:13.532,382.1800,13
50614574222988,14:03:34.574,382.5900,3
50669000715113,14:04:29.000,382.9200,1
50669001273786,14:04:29.001,382.9300,100
50669001384258,14:04:29.001,382.9300,3
50690425124791,14:04:50.425,383.0000,100
50784075492995,14:06:24.075,382.8500,100
50784075492995,14:06:24.075,382.8300,100
50784075492995,14:06:24.075,382.7900,100
50784075533277,14:06:24.075,382.7900,44
50784075725994,14:06:24.075,382.7900,64
50833657132635,14:07:13.657,382.8000,100
50833657181672,14:07:13.657,382.8000,18
50833657313702,14:07:13.657,382.7900,92
50833657313702,14:07:13.657,382.7900,100
50833657313702,14:07:13.657,382.7900,8
50833657374470,14:07:13.657,382.7900,50
50833657435231,14:07:13.657,382.7900,50
50833657551790,14:07:13.657,382.7800,16
50833657555415,14:07:13.657,382.7800,16
50833657647819,14:07:13.657,382.7800,15
50833657654625,14:07:13.657,382.7800,53
50857416728028,14:07:37.416,382.7800,100
50878350093532,14:07:58.350,382.4900,100
50881405765407,14:08:01.405,382.4700,100
50881405767171,14:08:01.405,382.4700,36
50881405774954,14:08:01.405,382.4700,64
50899582234654,14:08:19.582,382.3200,19
50905899164737,14:08:25.899,382.3600,100
50905899164737,14:08:25.899,382.3300,81
50906507886766,14:08:26.507,382.3300,1
51011307027114,14:10:11.307,382.5600,48
51011307036484,14:10:11.307,382.5600,32
51011307054132,14:10:11.307,382.5600,20
51011307054132,14:10:11.307,382.5600,100
51011307054132,14:10:11.307,382.5600,1
51011307054132,14:10:11.307,382.5600,3
51011307286152,14:10:11.307,382.6700,14
51011307335539,14:10:11.307,382.6700,16
51011307565532,14:10:11.307,382.6700,4
51011316145148,14:10:11.316,382.6700,66
51025092313226,14:10:25.092,382.4600,40
51025136478929,14:10:25.136,382.4600,100
51025136534640,14:10:25.136,382.4500,100
51025137140174,14:10:25.137,382.4400,32
51025137245543,14:10:25.137,382.4400,68
51146200785800,14:12:26.200,382.9700,3
51148075580454,14:12:28.075,383.0000,1
51148075604411,14:12:28.075,383.0100,100
51400288392360,14:16:40.288,383.3100,38
51400288394087,14:16:40.288,383.3100,50
51400288448362,14:16:40.288,383.3100,12
51400288448362,14:16:40.288,383.3100,4
51400288604229,14:16:40.288,383.3300,20
51429648463159,14:17:09.648,383.5100,100
51500627136750,14:18:20.627,383.7500,50
51500627136750,14:18:20.627,383.8100,10
51500627136750,14:18:20.627,383.8100,50
51500627136750,14:18:20.627,383.8100,21
51500627238411,14:18:20.627,383.6000,10
51500629535652,14:18:20.629,383.6000,15
51500637277919,14:18:20.637,383.6000,15
51507447744703,14:18:27.447,383.8100,7
51538792281168,14:18:58.792,383.5600,100
51538793185704,14:18:58.793,383.5200,4
51538793201610,14:18:58.793,383.5200,96
51538793430720,14:18:58.793,383.5100,3
51538793846202,14:18:58.793,383.5100,97
51538972365630,14:18:58.972,383.3400,2
51548725609918,14:19:08.725,383.5700,3
51581244966302,14:19:41.244,383.5700,50
51581245008071,14:19:41.245,383.5700,50
51582271182147,14:19:42.271,383.7300,5
51582271642617,14:19:42.271,383.8000,100
51582271651372,14:19:42.271,383.8500,1
51605043087355,14:20:05.043,383.5800,9
51605043115614,14:20:05.043,383.5700,7
51605043115614,14:20:05.043,383.5700,2
51605043132253,14:20:05.043,383.5700,100
51668708891123,14:21:08.708,383.8700,2
51676870205271,14:21:16.870,384.0000,4
51676870205271,14:21:16.870,384.0000,1
51677008916526,14:21:17.008,384.0800,5
51677009287651,14:21:17.009,384.0900,50
51677009515770,14:21:17.009,384.0900,2
51677009539972,14:21:17.009,384.0900,48
51682607665474,14:21:22.607,384.0000,100
51734985694212,14:22:14.985,384.2000,100
51734985694212,14:22:14.985,384.2300,5
51734987441439,14:22:14.987,384.2300,9
51734987960186,14:22:14.987,384.2300,86
51734987960186,14:22:14.987,384.2300,1
51734987960186,14:22:14.987,384.2300,4
51734987960186,14:22:14.987,384.2300,10
51734988344185,14:22:14.988,384.2600,10
51734999510864,14:22:14.999,384.2300,1
51740395449586,14:22:20.395,384.4000,1
51803802912020,14:23:23.802,384.6400,9
51803803632068,14:23:23.803,384.6400,2
51803803632068,14:23:23.803,384.6400,30
51803804035030,14:23:23.804,384.6400,70
51803804035030,14:23:23.804,384.6400,1
51803804035030,14:23:23.804,384.6400,8
51803804473617,14:23:23.804,384.6400,16
51803805804542,14:23:23.805,384.6400,5
51803806157469,14:23:23.806,384.6400,5
51803827689243,14:23:23.827,384.6400,66
51831916537285,14:23:51.916,384.5000,16
51831916538741,14:23:51.916,384.5000,4
51866894603835,14:24:26.894,384.5000,100
51866894662131,14:24:26.894,384.6000,20
51866895004137,14:24:26.895,384.4600,100
51866895335978,14:24:26.895,384.3600,10
51866911063300,14:24:26.911,384.3500,81
51866911063300,14:24:26.911,384.3500,100
51932064920510,14:25:32.064,384.3900,100
51932065007791,14:25:32.065,384.3600,24
51961958620532,14:26:01.958,384.3400,100
51982583985138,14:26:22.583,384.3300,100
51982584010121,14:26:22.584,384.3300,100
51982584466100,14:26:22.584,384.1800,6
51982696093841,14:26:22.696,384.2000,50
51982696093841,14:26:22.696,384.1800,44
51982696119340,14:26:22.696,384.1800,50
51985428976302,14:26:25.428,384.1700,100
51985429015641,14:26:25.429,384.1700,64
51993382884123,14:26:33.382,384.1800,100
51994411124553,14:26:34.411,384.1700,100
51994411199909,14:26:34.411,384.1700,100
51994411525456,14:26:34.411,384.1800,6
51994763261650,14:26:34.763,384.1700,1
51994763286745,14:26:34.763,384.1700,99
51994763309496,14:26:34.763,384.1700,99
51996001164501,14:26:36.001,384.1700,37
51996001262978,14:26:36.001,384.1700,100
51996001329448,14:26:36.001,384.1700,100
51996001662972,14:26:36.001,384.1600,100
51996001690701,14:26:36.001,384.1600,100
51996001691975,14:26:36.001,384.1600,100
51996001700901,14:26:36.001,384.1500,50
51996001725512,14:26:36.001,384.1500,50
51996001745033,14:26:36.001,384.1500,100
51996002571713,14:26:36.002,384.1100,5
51996529084811,14:26:36.529,384.1100,48
51996529110418,14:26:36.529,384.1100,28
52065730577705,14:27:45.730,383.7700,100
52065730601678,14:27:45.730,383.7700,28
52065730838564,14:27:45.730,383.7600,16
52065730893325,14:27:45.730,383.7600,84
52065730893325,14:27:45.730,383.7600,16
52065730930302,14:27:45.730,383.7600,16
52065730974564,14:27:45.730,383.7600,61
52065731033963,14:27:45.731,383.7500,7
52138344155548,14:28:58.344,383.3400,9
52187057971185,14:29:47.057,383.3000,100
52187058100785,14:29:47.058,383.3000,100
52187058124501,14:29:47.058,383.3000,100
52244357156386,14:30:44.357,383.3100,15
52244357156386,14:30:44.357,383.3200,1
52244357156386,14:30:44.357,383.3200,100
52244357156386,14:30:44.357,383.3200,84
52244357190229,14:30:44.357,383.3200,16
52244357190229,14:30:44.357,383.3200,1
52244357205948,14:30:44.357,383.3400,15
52244357251274,14:30:44.357,383.3500,3
52244357269021,14:30:44.357,383.3500,3
52244357402892,14:30:44.357,383.3500,97
52244357402892,14:30:44.357,383.3800,10
52244357402892,14:30:44.357,383.3900,3
52244357525103,14:30:44.357,383.3900,50
52244357538745,14:30:44.357,383.3900,47
52245362276714,14:30:45.362,383.6000,19
52245362299994,14:30:45.362,383.6100,100
52268241581950,14:31:08.241,383.6200,1
52268241607376,14:31:08.241,383.6400,50
52268241607376,14:31:08.241,383.6700,50
52270400814110,14:31:10.400,383.6800,4
52275162775504,14:31:15.162,383.6900,4
52275163873888,14:31:15.163,383.7100,100
52275163937956,14:31:15.163,383.7100,1
52299722603028,14:31:39.722,383.5100,100
52299722603028,14:31:39.722,383.5100,57
52299723725632,14:31:39.723,383.5000,50
52299723754929,14:31:39.723,383.5100,50
52316901420587,14:31:56.901,383.3100,50
52316901446727,14:31:56.901,383.3100,50
52316901456682,14:31:56.901,383.3100,11
52316901470796,14:31:56.901,383.3100,89
52316901470796,14:31:56.901,383.2700,11
52316901605408,14:31:56.901,383.2700,89
52340930399155,14:32:20.930,383.4300,3
52455394701863,14:34:15.394,383.3700,4
52455394701863,14:34:15.394,383.3700,10
52455394702579,14:34:15.394,383.3700,29
52455394714853,14:34:15.394,383.3700,61
52455394714853,14:34:15.394,383.3700,4
52455394714853,14:34:15.394,383.3700,2
52455394717408,14:34:15.394,383.3700,50
52455394722275,14:34:15.394,383.3700,48
52455395009421,14:34:15.395,383.4100,3
52496886007282,14:34:56.886,383.4300,1
52497116349715,14:34:57.116,383.4300,14
52523334445052,14:35:23.334,383.2200,100
52523334445052,14:35:23.334,383.2200,100
52523334680029,14:35:23.334,383.2100,66
52523334716202,14:35:23.334,383.2100,14
52523334771510,14:35:23.334,383.2100,20
52557279133642,14:35:57.279,383.0000,34
52557279152357,14:35:57.279,383.0000,14
52557279366277,14:35:57.279,383.0000,52
52557279366277,14:35:57.279,383.0000,48
52557280000838,14:35:57.280,383.0000,4
52642499572646,14:37:22.499,383.1100,79
52642499572646,14:37:22.499,383.1100,21
52642499616380,14:37:22.499,383.1100,4
52642499616380,14:37:22.499,383.1100,4
52642499616380,14:37:22.499,383.1100,1
52642499619101,14:37:22.499,383.1200,5
52642499619101,14:37:22.499,383.1700,10
52668294678056,14:37:48.294,383.2400,20
52668294708343,14:37:48.294,383.2400,59
52692593012913,14:38:12.593,383.3300,13
52721828325156,14:38:41.828,383.3300,10
52721828360517,14:38:41.828,383.3300,19
52721828707380,14:38:41.828,383.3300,2
52723688317470,14:38:43.688,383.3300,4
52723688344210,14:38:43.688,383.3700,2
52723688344210,14:38:43.688,383.3800,1
52727697647028,14:38:47.697,383.3900,1
52728238356937,14:38:48.238,383.4500,1
52728238452475,14:38:48.238,383.5000,1
52743085687460,14:39:03.085,383.3600,100
52743085687460,14:39:03.085,383.3600,73
52743085715117,14:39:03.085,383.3600,31
52762657123997,14:39:22.657,383.1000,50
52762657149111,14:39:22.657,383.1000,50
52762657172754,14:39:22.657,383.1000,100
52794017794026,14:39:54.017,383.2400,12
52956127636723,14:42:36.127,382.9400,8
52956127676017,14:42:36.127,382.9400,14
52956127696106,14:42:36.127,382.9400,15
52956128085935,14:42:36.128,382.9400,31
52978463748101,14:42:58.463,382.9400,100
52978464150395,14:42:58.464,382.9200,14
52979792804023,14:42:59.792,382.9200,15
52979792863490,14:42:59.792,382.9200,100
52979792957658,14:42:59.792,382.9200,71
52980624702864,14:43:00.624,382.9200,3
52985533350956,14:43:05.533,382.9200,97
52985535344279,14:43:05.535,382.7900,30
52985535448558,14:43:05.535,382.7900,15
52985535484698,14:43:05.535,382.7900,15
52985535579498,14:43:05.535,382.7900,6
52985560455369,14:43:05.560,382.7900,34
53007918422026,14:43:27.918,382.7700,4
53007918422026,14:43:27.918,382.7700,9
53007918422026,14:43:27.918,382.7700,15
53007918422026,14:43:27.918,382.7700,72
53007918496262,14:43:27.918,382.7700,28
53007920206910,14:43:27.920,382.8200,1
53007920793495,14:43:27.920,382.8300,100
53007921141518,14:43:27.921,382.8600,50
53007925339854,14:43:27.925,382.8600,23
53007925384124,14:43:27.925,382.8600,27
53007954131821,14:43:27.954,382.8600,1
53032611671270,14:43:52.611,383.0600,5
53032611827409,14:43:52.611,383.0900,3
53032611866459,14:43:52.611,383.0900,1
53032611866459,14:43:52.611,383.0900,3
53078697092190,14:44:38.697,383.1200,151
53078697092190,14:44:38.697,383.1200,3
53078697133667,14:44:38.697,383.1400,1
53078697133667,14:44:38.697,383.1400,5
53078697143184,14:44:38.697,383.1500,1
53078697160307,14:44:38.697,383.1600,1
53078697160307,14:44:38.697,383.1700,1
53078697221587,14:44:38.697,383.2000,1
53078697255689,14:44:38.697,383.2200,1
53078698107436,14:44:38.698,383.2400,2
53078726062340,14:44:38.726,383.2500,1
53078726087729,14:44:38.726,383.2600,2
53078726087729,14:44:38.726,383.2800,1
53078726087729,14:44:38.726,383.2900,1
53078726087729,14:44:38.726,383.3000,1
53090244221916,14:44:50.244,383.3100,1
53090248840647,14:44:50.248,383.3300,2
53090248981558,14:44:50.248,383.3400,1
53090251442027,14:44:50.251,383.3500,1
53090286941144,14:44:50.286,383.3600,1
53090291984309,14:44:50.291,383.3700,2
53090292008519,14:44:50.292,383.3800,1
53090292008519,14:44:50.292,383.3900,1
53090292008519,14:44:50.292,383.4100,1
53090296065838,14:44:50.296,383.4300,1
53090296092330,14:44:50.296,383.4500,1
53090296092330,14:44:50.296,383.4600,1
53090296092330,14:44:50.296,383.4800,1
53097320323161,14:44:57.320,383.3100,100
53097320360790,14:44:57.320,383.3000,100
53097320360790,14:44:57.320,383.3000,100
53097320384627,14:44:57.320,383.2800,100
53097320461663,14:44:57.320,383.2700,100
53205580797571,14:46:45.580,383.2100,6
53434647392604,14:50:34.647,383.2000,50
53434647417206,14:50:34.647,383.2000,50
53447032219231,14:50:47.032,383.2000,4
53475422316850,14:51:15.422,382.5900,100
53511095874325,14:51:51.095,382.7900,15
53511095874325,14:51:51.095,382.7900,100
53511096930129,14:51:51.096,382.8000,1
53511096930129,14:51:51.096,382.8000,100
53516126402696,14:51:56.126,383.0500,3
53516126402696,14:51:56.126,383.0500,5
53516127783864,14:51:56.127,383.1600,1
53516128373508,14:51:56.128,383.1800,2
53516128971927,14:51:56.128,383.1900,1
53516128971927,14:51:56.128,383.2000,2
53516128971927,14:51:56.128,383.2100,2
53524271243935,14:52:04.271,383.2200,1
53524272346094,14:52:04.272,383.2300,3
53525599386202,14:52:05.599,383.2800,1
53526161855765,14:52:06.161,383.3000,1
53540750195563,14:52:20.750,383.3100,1
53540750281362,14:52:20.750,383.3200,2
53540752352638,14:52:20.752,383.3400,2
53542001996550,14:52:22.001,383.3500,1
53542006475067,14:52:22.006,383.3700,4
53542008132942,14:52:22.008,383.3700,96
53542008132942,14:52:22.008,383.3700,1
53542008256794,14:52:22.008,383.3800,1
53542008256794,14:52:22.008,383.3900,1
53542008256794,14:52:22.008,383.4000,1
53542008256794,14:52:22.008,383.4100,1
53542008256794,14:52:22.008,383.4200,2
53542008256794,14:52:22.008,383.4300,1
53542115358732,14:52:22.115,383.4500,1
53542115358732,14:52:22.115,383.4600,1
53555967573321,14:52:35.967,383.4700,2
53555967573321,14:52:35.967,383.4800,2
53555967573321,14:52:35.967,383.4900,2
53555967573321,14:52:35.967,383.5000,1
53555967573321,14:52:35.967,383.5100,1
53555967573321,14:52:35.967,383.5300,1
53555967587774,14:52:35.967,383.5500,100
53555967592434,14:52:35.967,383.5800,1
53555967592434,14:52:35.967,383.5900,49
53555967593276,14:52:35.967,383.5900,51
53555967593276,14:52:35.967,383.5900,1
53555967603432,14:52:35.967,383.6000,1
53555967603432,14:52:35.967,383.6000,1
53555967612370,14:52:35.967,383.6300,4
53555967612370,14:52:35.967,383.6300,1
53595505022758,14:53:15.505,383.6400,1
53595505022758,14:53:15.505,383.6400,1
53595505116956,14:53:15.505,383.6500,4
53595505154603,14:53:15.505,383.6600,1
53595505379320,14:53:15.505,383.6800,1
53595505379320,14:53:15.505,383.6800,1
53597077429939,14:53:17.077,383.7000,1
53597077429939,14:53:17.077,383.7000,1
53597077429939,14:53:17.077,383.7000,20
53597077474704,14:53:17.077,383.7100,1
53597077474704,14:53:17.077,383.7100,1
53622940298399,14:53:42.940,383.7700,5
53622940351559,14:53:42.940,383.7900,2
53622941430671,14:53:42.941,383.8100,1
53625650119447,14:53:45.650,383.8300,2
53625651217732,14:53:45.651,383.8500,2
53625660335075,14:53:45.660,383.8600,1
53625660335075,14:53:45.660,383.8600,1
53625661778977,14:53:45.661,383.8700,1
53625661922159,14:53:45.661,383.8800,1
53630274585468,14:53:50.274,383.8900,4
53630280702269,14:53:50.280,383.9000,2
53630285821364,14:53:50.285,383.9100,1
53630286373409,14:53:50.286,383.9200,1
53632670531525,14:53:52.670,383.9300,1
53632670531525,14:53:52.670,383.9300,29
53667534659999,14:54:27.534,383.9500,1
53667535093794,14:54:27.535,383.9900,3
53784774392886,14:56:24.774,383.7400,5
53789697353722,14:56:29.697,384.0000,2
53789697353722,14:56:29.697,384.0100,2
53789697353722,14:56:29.697,384.0100,4
53789702586549,14:56:29.702,384.0300,2
53789702586549,14:56:29.702,384.0300,5
53789702586549,14:56:29.702,384.0300,5
53789702596640,14:56:29.702,384.0400,2
53789702596640,14:56:29.702,384.0600,2
53789702971162,14:56:29.702,384.0700,5
53789711236535,14:56:29.711,384.0900,2
53789711238250,14:56:29.711,384.1000,2
53789711238250,14:56:29.711,384.1000,92
53789711340745,14:56:29.711,384.1000,8
53789749605834,14:56:29.749,384.1200,2
53789749651895,14:56:29.749,384.1300,1
53789749651895,14:56:29.749,384.1300,2
53789749706113,14:56:29.749,384.1400,2
53789750103486,14:56:29.750,384.1600,2
53789888946794,14:56:29.888,384.1800,5
53789890433446,14:56:29.890,384.1900,2
53789890868664,14:56:29.890,384.2000,2
53789897369025,14:56:29.897,384.2100,2
53790329544633,14:56:30.329,384.2200,1
53799305483532,14:56:39.305,384.2300,2
53799305948007,14:56:39.305,384.1100,1
53799305974433,14:56:39.305,384.1100,22
53802020341010,14:56:42.020,384.0000,100
53802020341010,14:56:42.020,384.0000,100
53802020480707,14:56:42.020,384.0000,100
53802047625212,14:56:42.047,384.0100,15
53802047625212,14:56:42.047,384.0100,43
53803146941823,14:56:43.146,384.0000,10
53803146941823,14:56:43.146,384.0000,10
53803146941823,14:56:43.146,384.0000,15
53810482191918,14:56:50.482,384.1900,64
53810683778794,14:56:50.683,384.1900,36
53810683949060,14:56:50.683,384.2400,1
53810683952391,14:56:50.683,384.2500,2
53810683959744,14:56:50.683,384.2600,2
53817193618704,14:56:57.193,384.2700,1
53860202772023,14:57:40.202,384.2800,1
53860205378095,14:57:40.205,384.2900,1
53860205404407,14:57:40.205,384.3000,1
53860205404407,14:57:40.205,384.3100,2
53860205404407,14:57:40.205,384.3400,1
53865430294839,14:57:45.430,384.3500,1
53900056046093,14:58:20.056,384.3600,1
53900056129829,14:58:20.056,384.3700,1
53900056165772,14:58:20.056,384.3800,1
53900056274197,14:58:20.056,384.4000,1
53900056499904,14:58:20.056,384.4100,1
53900056540093,14:58:20.056,384.4200,1
53900059443028,14:58:20.059,384.4600,4
54007207408478,15:00:07.207,384.4500,100
54009142562712,15:00:09.142,384.3000,100
54009142586293,15:00:09.142,384.3000,100
54035156677650,15:00:35.156,384.5200,1
54035156677650,15:00:35.156,384.5200,24
54035156719561,15:00:35.156,384.5200,19
54035156759360,15:00:35.156,384.5200,57
54035156759360,15:00:35.156,384.5200,4
54035156785637,15:00:35.156,384.5500,10
54058456810165,15:00:58.456,384.4200,100
54086216306073,15:01:26.216,384.3000,31
54086216330808,15:01:26.216,384.3000,169
54086216330808,15:01:26.216,384.3000,100
54086216341873,15:01:26.216,384.3000,60
54086216389661,15:01:26.216,384.3000,40
54088705486159,15:01:28.705,384.2400,100
54230958384857,15:03:50.958,384.0600,2
54230958384857,15:03:50.958,384.0600,27
54230958504879,15:03:50.958,384.0600,73
54230958504879,15:03:50.958,384.0600,29
54230958505640,15:03:50.958,384.0600,71
54230958505640,15:03:50.958,384.0600,27
54230958511701,15:03:50.958,384.0600,5
54230958535181,15:03:50.958,384.0600,4
54230958575120,15:03:50.958,384.0600,50
54230958614821,15:03:50.958,384.0600,14
54253052186641,15:04:13.052,383.8500,100
54266047312737,15:04:26.047,383.8300,100
54281887980305,15:04:41.887,383.9300,10
54281888005415,15:04:41.888,383.9500,10
54316599815646,15:05:16.599,384.0400,13
54317589902468,15:05:17.589,384.0600,5
54317589927612,15:05:17.589,384.0800,10
54317589927612,15:05:17.589,384.0900,1
54317589927612,15:05:17.589,384.1000,5
54383252473488,15:06:23.252,383.8600,100
54385873889914,15:06:25.873,383.7900,100
54385874408950,15:06:25.874,383.7800,100
54389834564555,15:06:29.834,383.7800,4
54389834564555,15:06:29.834,383.7800,8
54389834564555,15:06:29.834,383.7900,10
54389834564555,15:06:29.834,383.8000,10
54389834564555,15:06:29.834,383.8000,5
54389834603660,15:06:29.834,383.8100,10
54389834603660,15:06:29.834,383.8100,5
54480354959458,15:08:00.354,383.8100,14
54480355400462,15:08:00.355,383.8100,86
54480355400462,15:08:00.355,383.8300,5
54480355425869,15:08:00.355,383.8500,10
54480355633191,15:08:00.355,383.8800,50
54480355672280,15:08:00.355,383.8800,50
54480356040557,15:08:00.356,383.8900,4
54485557212797,15:08:05.557,383.9600,100
54485557258637,15:08:05.557,383.9600,4
54497722034183,15:08:17.722,384.2000,1
54497722034183,15:08:17.722,384.2100,1
54497722034183,15:08:17.722,384.2100,1
54497722034183,15:08:17.722,384.2200,2
54497722034183,15:08:17.722,384.2300,2
54497722034183,15:08:17.722,384.2400,50
54633691838906,15:10:33.691,383.6000,100
54633691847583,15:10:33.691,383.6000,100
54633691928515,15:10:33.691,383.6000,20
54633705610699,15:10:33.705,383.6000,80
54674898403790,15:11:14.898,383.2100,5
54674898403790,15:11:14.898,383.2100,95
54674898434620,15:11:14.898,383.2100,5
54674898499404,15:11:14.898,383.2100,5
54674898509113,15:11:14.898,383.2100,95
54674898509113,15:11:14.898,383.2100,2
54691561188138,15:11:31.561,383.4200,4
54691562685385,15:11:31.562,383.5600,100
54806745224457,15:13:26.745,383.4300,1
54806745224457,15:13:26.745,383.4300,100
54806745266786,15:13:26.745,383.4400,1
54806745375661,15:13:26.745,383.4300,30
54806745473353,15:13:26.745,383.4400,4
54814657629365,15:13:34.657,383.6000,3
54814657629365,15:13:34.657,383.6000,2
54816512068759,15:13:36.512,383.6000,5
54898705036835,15:14:58.705,383.5000,2
54926293682799,15:15:26.293,383.5900,47
54926293692906,15:15:26.293,383.5900,46
54926293692906,15:15:26.293,383.5900,100
54926293693948,15:15:26.293,383.6000,100
54926293693948,15:15:26.293,383.6000,3
54926293716146,15:15:26.293,383.6200,5
54926293716146,15:15:26.293,383.6300,33
54926293732286,15:15:26.293,383.6500,1
54926294113743,15:15:26.294,383.6600,1
54926294183892,15:15:26.294,383.6700,1
54926294545585,15:15:26.294,383.6900,1
54926294678914,15:15:26.294,383.7000,1
54926294840532,15:15:26.294,383.7100,1
54926298731022,15:15:26.298,383.7200,1
54926298756016,15:15:26.298,383.7300,1
54926298756016,15:15:26.298,383.7400,99
54926298800594,15:15:26.298,383.7400,1
54926298838736,15:15:26.298,383.7500,2
54939734470639,15:15:39.734,383.7700,1
54939734470639,15:15:39.734,383.7800,1
54939734474262,15:15:39.734,383.7900,1
54939734480089,15:15:39.734,383.8000,2
54939734519129,15:15:39.734,383.8100,1
54939738575367,15:15:39.738,383.8500,1
54939765661105,15:15:39.765,383.8600,1
54939765688669,15:15:39.765,383.8900,1
54939765688669,15:15:39.765,383.9000,1
54939765688669,15:15:39.765,383.9100,1
54979910731388,15:16:19.910,383.9200,1
54979910731388,15:16:19.910,383.9200,99
54979910759501,15:16:19.910,383.9200,1
54979910759501,15:16:19.910,383.9300,1
54979910759501,15:16:19.910,383.9400,1
54979910759501,15:16:19.910,383.9400,1
54979910759501,15:16:19.910,383.9500,1
54979910759501,15:16:19.910,383.9500,1
54979910759501,15:16:19.910,383.9600,1
54979910759501,15:16:19.910,383.9700,1
54979910759501,15:16:19.910,383.9700,1
54990978019076,15:16:30.978,383.7300,23
54990978076848,15:16:30.978,383.7100,10
54990978488828,15:16:30.978,383.7300,100
54990978857186,15:16:30.978,383.7000,100
54990980044850,15:16:30.980,383.7000,100
54990980765898,15:16:30.980,383.6300,100
54990983030938,15:16:30.983,383.5500,30
54990983057690,15:16:30.983,383.5500,170
54990983166139,15:16:30.983,383.5500,6
54990983205919,15:16:30.983,383.5500,30
54990989695202,15:16:30.989,383.5500,79
54990989720140,15:16:30.989,383.5500,85
54991123741478,15:16:31.123,383.4200,3
54991123765336,15:16:31.123,383.4200,97
54991123765336,15:16:31.123,383.4200,100
54991123767188,15:16:31.123,383.4200,100
55058426580178,15:17:38.426,383.3300,100
55058426601310,15:17:38.426,383.3000,10
55128005433599,15:18:48.005,383.0700,29
55128005482995,15:18:48.005,383.0700,71
55128005482995,15:18:48.005,383.0700,100
55128005628030,15:18:48.005,383.0500,10
55172211062334,15:19:32.211,383.2300,17
55172211062334,15:19:32.211,383.2300,2
55172211062334,15:19:32.211,383.2300,100
55172212705354,15:19:32.212,383.3200,89
55172213756881,15:19:32.213,383.3200,11
55172214828841,15:19:32.214,383.3600,1
55172214892089,15:19:32.214,383.3700,1
55172215277423,15:19:32.215,383.3800,2
55172217765094,15:19:32.217,383.4000,1
55172217828902,15:19:32.217,383.4100,100
55172218165110,15:19:32.218,383.4200,2
55172218165110,15:19:32.218,383.4300,2
55172219221717,15:19:32.219,383.4400,2
55172219264103,15:19:32.219,383.4600,2
55172219305999,15:19:32.219,383.4700,1
55175542322690,15:19:35.542,383.4800,2
55175542359077,15:19:35.542,383.4900,1
55175542360192,15:19:35.542,383.5100,1
55185277858866,15:19:45.277,383.5200,1
55185277924330,15:19:45.277,383.5500,1
55185278205962,15:19:45.278,383.5700,1
55207042746092,15:20:07.042,383.5700,3
55207043435341,15:20:07.043,383.5800,1
55207043666423,15:20:07.043,383.6000,2
55207043703296,15:20:07.043,383.6000,3
55212375789867,15:20:12.375,383.5200,50
55212375789867,15:20:12.375,383.5100,50
55220507584998,15:20:20.507,383.4900,60
55220507622044,15:20:20.507,383.4900,29
55220507625930,15:20:20.507,383.4900,5
55220507646602,15:20:20.507,383.4900,6
55232185832931,15:20:32.185,383.3500,100
55285732323975,15:21:25.732,383.3400,200
55285732345249,15:21:25.732,383.3400,200
55285732363403,15:21:25.732,383.3400,100
55318427763694,15:21:58.427,383.0800,100
55318427791828,15:21:58.427,383.0800,100
55342019874551,15:22:22.019,382.9200,1
55342019898713,15:22:22.019,382.9200,99
55395102186709,15:23:15.102,382.7400,14
55395863145798,15:23:15.863,382.7400,86
55395863145798,15:23:15.863,382.7400,14
55395885112339,15:23:15.885,382.7400,86
55395885112339,15:23:15.885,382.7400,100
55444285775389,15:24:04.285,382.5900,100
55446484580397,15:24:06.484,382.5500,100
55450499680648,15:24:10.499,382.3600,2
55454879408310,15:24:14.879,382.3600,98
55454879408310,15:24:14.879,382.3600,2
55457425765342,15:24:17.425,382.5000,50
55457425765342,15:24:17.425,382.5100,3
55457425765342,15:24:17.425,382.5100,3
55457425765342,15:24:17.425,382.5100,5
55457425864341,15:24:17.425,382.5100,95
55457425864341,15:24:17.425,382.5100,100
55457425864341,15:24:17.425,382.5100,71
55457425882141,15:24:17.425,382.5100,29
55457426504751,15:24:17.426,382.5200,10
55457441023881,15:24:17.441,382.6000,100
55457441023881,15:24:17.441,382.6000,1
55457442171463,15:24:17.442,382.6000,14
55468454563616,15:24:28.454,382.6600,5
55468455023499,15:24:28.455,382.6700,1
55468455023499,15:24:28.455,382.6900,1
55468455029241,15:24:28.455,382.7000,1
55468455051939,15:24:28.455,382.7100,1
55468456113853,15:24:28.456,382.7300,1
55468456137660,15:24:28.456,382.7500,1
55468456137660,15:24:28.456,382.7800,1
55491340015957,15:24:51.340,382.7900,1
55501015350650,15:25:01.015,382.5900,100
55501015528742,15:25:01.015,382.5900,2
55501016863186,15:25:01.016,382.5600,10
55501016886898,15:25:01.016,382.5100,100
55558922222076,15:25:58.922,382.2900,100
55558922222076,15:25:58.922,382.2900,100
55558922690101,15:25:58.922,382.2900,100
55611793499431,15:26:51.793,382.2900,100
55611793558446,15:26:51.793,382.2900,100
55611796736954,15:26:51.796,382.2900,24
55611796736954,15:26:51.796,382.2900,100
55611796736954,15:26:51.796,382.2900,76
55611796782230,15:26:51.796,382.2900,24
55611796789629,15:26:51.796,382.2900,15
55611796830190,15:26:51.796,382.2900,24
55611796858049,15:26:51.796,382.2900,15
55611797045527,15:26:51.797,382.2900,15
55611797109430,15:26:51.797,382.2900,15
55611797111137,15:26:51.797,382.2900,8
55611798383458,15:26:51.798,382.2900,8
55611798418974,15:26:51.798,382.2800,7
55611798453247,15:26:51.798,382.2800,8
55611798489087,15:26:51.798,382.2800,7
55611798515222,15:26:51.798,382.2800,8
55611798549942,15:26:51.798,382.2800,7
55611798584336,15:26:51.798,382.2800,8
55611798617833,15:26:51.798,382.2800,7
55611798651583,15:26:51.798,382.2800,8
55611798685749,15:26:51.798,382.2800,7
55611798720135,15:26:51.798,382.2800,8
55611798753992,15:26:51.798,382.2800,7
55611798788163,15:26:51.798,382.2800,8
55611798820762,15:26:51.798,382.2800,2
55611798822469,15:26:51.798,382.2800,8
55653157472557,15:27:33.157,382.0200,5
55653157472557,15:27:33.157,382.0200,100
55653157498373,15:27:33.157,382.0200,2
55653157498373,15:27:33.157,382.0200,24
55653157811701,15:27:33.157,382.0300,100
55653157811701,15:27:33.157,382.0300,100
55653157811701,15:27:33.157,382.0300,49
55653157814959,15:27:33.157,382.0300,5
55653157836550,15:27:33.157,382.0300,46
55653157842900,15:27:33.157,382.1100,35
55653157924757,15:27:33.157,382.1100,65
55653158273084,15:27:33.158,382.1700,100
55653159488733,15:27:33.159,382.1300,100
55653160626249,15:27:33.160,382.1300,3
55654200766514,15:27:34.200,382.2000,2
55654200766514,15:27:34.200,382.2000,2
55673111563187,15:27:53.111,382.3500,1
55673116590163,15:27:53.116,382.3800,1
55673116590163,15:27:53.116,382.3800,100
55673116590163,15:27:53.116,382.3900,17
55673117168073,15:27:53.117,382.3900,183
55673121820085,15:27:53.121,382.4100,1
55673129508348,15:27:53.129,382.3900,100
55673346505867,15:27:53.346,382.4400,18
55676977745164,15:27:56.977,382.4800,1
55676977813908,15:27:56.977,382.5000,1
55677002625831,15:27:57.002,382.5300,1
55678303678904,15:27:58.303,382.4400,50
55678303678904,15:27:58.303,382.3900,50
55688335099630,15:28:08.335,382.3900,100
55695873585512,15:28:15.873,382.5300,38
55695873645303,15:28:15.873,382.5300,62
55695873645303,15:28:15.873,382.5300,1
55695873645303,15:28:15.873,382.5300,1
55695874026101,15:28:15.874,382.5600,5
55695874026101,15:28:15.874,382.5600,100
55695874195315,15:28:15.874,382.5700,1
55695874346369,15:28:15.874,382.6000,1
55695875777937,15:28:15.875,382.5600,50
55695876104519,15:28:15.876,382.5600,4
55695876355110,15:28:15.876,382.5600,46
55746904400237,15:29:06.904,382.4400,100
55746904429081,15:29:06.904,382.4400,100
55746904509252,15:29:06.904,382.4200,10
55746904521168,15:29:06.904,382.4100,8
55746904577233,15:29:06.904,382.4100,2
55746904898478,15:29:06.904,382.3800,5
55802558591541,15:30:02.558,382.1400,7
55802558591541,15:30:02.558,382.1400,10
55802558599416,15:30:02.558,382.1300,10
55802558599416,15:30:02.558,382.1200,10
55802558615424,15:30:02.558,382.1100,8
55802558621125,15:30:02.558,382.1100,2
55802558621125,15:30:02.558,382.1100,57
55802558663208,15:30:02.558,382.1100,50
55802558693544,15:30:02.558,382.1100,8
55802558717966,15:30:02.558,382.1100,85
55802558816437,15:30:02.558,382.1100,92
55802558853634,15:30:02.558,382.1100,8
55809999325293,15:30:09.999,381.9700,6
55810000310358,15:30:10.000,381.9700,6
55826295760462,15:30:26.295,382.2100,32
55826309739183,15:30:26.309,382.2100,65
55826309739183,15:30:26.309,382.2300,35
55826309778944,15:30:26.309,382.2300,40
55829115068407,15:30:29.115,382.2300,25
55829115068407,15:30:29.115,382.2300,22
55829115100067,15:30:29.115,382.2400,1
55829115448944,15:30:29.115,382.2500,5
55829115448944,15:30:29.115,382.2500,5
55829115448944,15:30:29.115,382.2500,100
55867879837411,15:31:07.879,382.3100,1
55868157928839,15:31:08.157,382.3500,2
55868159049202,15:31:08.159,382.3600,1
55868165547894,15:31:08.165,382.3900,1
55868165547894,15:31:08.165,382.3900,39
55868165547894,15:31:08.165,382.3900,60
55868165617071,15:31:08.165,382.3900,40
55868189373566,15:31:08.189,382.4000,1
55870759128603,15:31:10.759,382.4200,1
55870760382565,15:31:10.760,382.4300,1
55871559666731,15:31:11.559,382.4400,1
55871560766228,15:31:11.560,382.4500,1
55872410022669,15:31:12.410,382.4800,1
55872424637938,15:31:12.424,382.4900,1
55872425706587,15:31:12.425,382.5000,1
55872442484469,15:31:12.442,382.5200,2
55872443592765,15:31:12.443,382.5300,1
55886624133474,15:31:26.624,382.5500,1
55886624133474,15:31:26.624,382.5500,1
55886624133474,15:31:26.624,382.5500,1
55917610630552,15:31:57.610,382.5700,40
55917610630552,15:31:57.610,382.5700,60
55917610631523,15:31:57.610,382.5700,2
55917610658570,15:31:57.610,382.5700,98
55917610696802,15:31:57.610,382.5800,1
55917610738701,15:31:57.610,382.5900,1
55917610776458,15:31:57.610,382.6300,1
55917610832116,15:31:57.610,382.6400,1
55917610895384,15:31:57.610,382.6500,1
55917611134203,15:31:57.611,382.6700,1
55917612257527,15:31:57.612,382.6800,1
55917612585241,15:31:57.612,382.6300,60
55917614335939,15:31:57.614,382.6300,7
55917614343989,15:31:57.614,382.6300,33
55921490986525,15:32:01.490,382.6800,10
55923351180640,15:32:03.351,382.6800,2
55980411423452,15:33:00.411,382.5200,100
55980411423452,15:33:00.411,382.5100,9
55980411426837,15:33:00.411,382.5100,100
55980411426837,15:33:00.411,382.5100,9
55980411443451,15:33:00.411,382.5100,91
55980416940711,15:33:00.416,382.4900,100
55980416984179,15:33:00.416,382.4800,5
56001857210709,15:33:21.857,382.3200,45
56001857238207,15:33:21.857,382.3200,55
56021783635558,15:33:41.783,382.1600,100
56021784288321,15:33:41.784,382.1600,100
56021784317397,15:33:41.784,382.1600,10
56021784367010,15:33:41.784,382.1600,10
56021786069002,15:33:41.786,382.1600,2
56028053531036,15:33:48.053,382.0700,100
56029373690375,15:33:49.373,382.0600,100
56029373747298,15:33:49.373,382.0600,100
56029373757191,15:33:49.373,382.0600,46
56029374151120,15:33:49.374,382.0400,91
56029374197633,15:33:49.374,382.0400,46
56040169576251,15:34:00.169,382.0400,63
56040169576251,15:34:00.169,382.0400,37
56040169842429,15:34:00.169,382.0400,63
56111078810310,15:35:11.078,381.8400,50
56111078810310,15:35:11.078,381.8200,50
56117454209201,15:35:17.454,381.8100,4
56132469737386,15:35:32.469,381.9700,100
56132472471187,15:35:32.472,381.9900,100
56132472498993,15:35:32.472,381.9900,10
56132568160994,15:35:32.568,382.0500,100
56135150969716,15:35:35.150,382.0500,1
56135151027022,15:35:35.151,382.0600,100
56135151031739,15:35:35.151,382.0600,18
56135151035129,15:35:35.151,382.0600,82
56135151035129,15:35:35.151,382.0600,1
56135151035129,15:35:35.151,382.0600,17
56135151042176,15:35:35.151,382.0600,29
56135151496122,15:35:35.151,382.0700,100
56135157773454,15:35:35.157,382.1000,100
56135158221049,15:35:35.158,382.1300,1
56135158221049,15:35:35.158,382.1300,54
56135811923519,15:35:35.811,382.1300,30
56135811954780,15:35:35.811,382.1300,16
56138763529151,15:35:38.763,382.1000,88
56138763529151,15:35:38.763,382.1400,8
56209029710569,15:36:49.029,382.1500,1
56209029710569,15:36:49.029,382.1500,100
56209034560062,15:36:49.034,382.1600,5
56209034560062,15:36:49.034,382.1600,35
56209039464250,15:36:49.039,382.1800,1
56209039464250,15:36:49.039,382.1800,100
56209042670317,15:36:49.042,382.1900,1
56209042670317,15:36:49.042,382.1900,100
56209043506396,15:36:49.043,382.2000,1
56209050180293,15:36:49.050,382.2100,2
56209056079081,15:36:49.056,382.2300,1
56209062345570,15:36:49.062,382.2400,1
56209068221880,15:36:49.068,382.2600,1
56209074399436,15:36:49.074,382.2700,1
56209080245601,15:36:49.080,382.2900,1
56209086280556,15:36:49.086,382.3000,1
56209092256941,15:36:49.092,382.3100,1
56209098437552,15:36:49.098,382.3200,2
56209104114144,15:36:49.104,382.3400,1
56209111270079,15:36:49.111,382.3500,2
56209118198105,15:36:49.118,382.3600,1
56211151355244,15:36:51.151,382.3700,1
56211154763233,15:36:51.154,382.3800,1
56219758022380,15:36:59.758,382.2700,100
56219758022380,15:36:59.758,382.2700,5
56238425783417,15:37:18.425,382.1700,100
56238426259152,15:37:18.426,382.1600,20
56238427678335,15:37:18.427,382.1600,56
56238427731807,15:37:18.427,382.1600,24
56256937087360,15:37:36.937,382.1800,50
56256937117212,15:37:36.937,382.1800,150
56256937117212,15:37:36.937,382.1800,100
56256937117212,15:37:36.937,382.1800,3
56256939019843,15:37:36.939,382.2900,50
56256939059540,15:37:36.939,382.2300,50
56323524360495,15:38:43.524,382.3100,5
56323524360495,15:38:43.524,382.3100,75
56323524393352,15:38:43.524,382.3100,20
56323524681592,15:38:43.524,382.3100,5
56323528102852,15:38:43.528,382.3000,25
56323528450198,15:38:43.528,382.3000,5
56323976354724,15:38:43.976,382.3200,100
56323977613694,15:38:43.977,382.3100,100
56358100165194,15:39:18.100,382.3100,25
56361428349695,15:39:21.428,382.2600,5
56362969564705,15:39:22.969,382.2500,100
56362969676725,15:39:22.969,382.2500,1
56362970631487,15:39:22.970,382.2400,30
56362970692733,15:39:22.970,382.2400,70
56410430547027,15:40:10.430,382.1000,3
56410432020103,15:40:10.432,382.0900,100
56410432020103,15:40:10.432,382.0900,31
56410432047012,15:40:10.432,382.0900,69
