timestamp,time,price,volume
34200613668021,09:30:00.613,0.0000,0
34364680132749,09:32:44.680,163.0100,100
34364680132749,09:32:44.680,163.0000,30
34364680132749,09:32:44.680,163.0000,48
34364680132749,09:32:44.680,163.0000,55
34364680179622,09:32:44.680,163.0000,45
34364680179622,09:32:44.680,163.0000,56
34364680255829,09:32:44.680,162.9500,51
34364680404972,09:32:44.680,162.9500,43
34364680414039,09:32:44.680,162.9500,6
34364680520127,09:32:44.680,163.0000,100
34364764542561,09:32:44.764,163.1600,27
34375432311247,09:32:55.432,162.7300,100
34377587661392,09:32:57.587,162.6000,6
34377603977776,09:32:57.603,162.6900,10
34387630909934,09:33:07.630,162.6700,100
34387631231491,09:33:07.631,162.6700,66
34387631298825,09:33:07.631,162.6700,100
34387631693460,09:33:07.631,162.6700,50
34387631697863,09:33:07.631,162.6700,50
34404380249754,09:33:24.380,162.7900,2
34404380318149,09:33:24.380,162.7900,100
34459870141285,09:34:19.870,162.7700,17
34459870791739,09:34:19.870,162.6900,100
34500032817921,09:35:00.032,162.4200,42
34530678444790,09:35:30.678,162.2900,100
34589371261611,09:36:29.371,162.3000,34
34761276134138,09:39:21.276,162.4500,1
34761276217518,09:39:21.276,162.4500,100
34761276249746,09:39:21.276,162.4700,100
34761276727937,09:39:21.276,162.4500,100
34772731046643,09:39:32.731,162.5000,38
34777928534417,09:39:37.928,162.5400,66
34779090865918,09:39:39.090,162.5400,34
34804941142194,09:40:04.941,162.6500,60
34804941534943,09:40:04.941,162.6600,60
34887016196829,09:41:27.016,162.3200,7
34887016222599,09:41:27.016,162.3200,93
34887017012614,09:41:27.017,162.3300,100
34887017960898,09:41:27.017,162.3300,25
34887040289145,09:41:27.040,162.3300,75
34887040289145,09:41:27.040,162.3300,25
34894093904328,09:41:34.093,162.3300,75
34894093904328,09:41:34.093,162.3300,25
34900557337574,09:41:40.557,162.3200,100
34900557337574,09:41:40.557,162.3200,100
34900574624365,09:41:40.574,162.3200,100
34901240674355,09:41:41.240,162.2500,31
34918090496286,09:41:58.090,162.3050,34
34979089378670,09:42:59.089,162.3600,34
34979089378670,09:42:59.089,162.3600,61
34979089590327,09:42:59.089,162.3600,39
34979089666828,09:42:59.089,162.3600,100
34981561173548,09:43:01.561,162.3800,40
34988089921276,09:43:08.089,162.3800,100
34990718084295,09:43:10.718,162.3800,100
34991278665129,09:43:11.278,162.3800,100
34991281988265,09:43:11.281,162.4400,100
35011033955114,09:43:31.033,162.2900,100
35011033955114,09:43:31.033,162.2900,100
35053089968225,09:44:13.089,162.4100,46
35053089968225,09:44:13.089,162.4500,34
35053090167906,09:44:13.090,162.4500,66
35053090253535,09:44:13.090,162.4100,100
35056266355558,09:44:16.266,162.2900,7
35057042733836,09:44:17.042,162.2900,7
35063283503086,09:44:23.283,162.2900,100
35070588760561,09:44:30.588,162.2800,100
35073972763660,09:44:33.972,162.2000,33
35076567856401,09:44:36.567,162.2000,12
35095091679521,09:44:55.091,162.4300,33
35095091679521,09:44:55.091,162.4300,67
35095091708061,09:44:55.091,162.4300,33
35104090967151,09:45:04.090,162.5400,3
35104090967151,09:45:04.090,162.5400,23
35122210236643,09:45:22.210,162.5400,100
35122211239184,09:45:22.211,162.6200,100
35126140313841,09:45:26.140,162.5200,9
35126140392446,09:45:26.140,162.5000,199
35126140404373,09:45:26.140,162.5000,70
35126140417685,09:45:26.140,162.5000,231
35126141760778,09:45:26.141,162.4500,100
35126141760778,09:45:26.141,162.4500,100
35132170946472,09:45:32.170,162.3100,9
35140860277092,09:45:40.860,162.4300,100
35140860444985,09:45:40.860,162.4300,100
35140860463148,09:45:40.860,162.4200,100
35189216669934,09:46:29.216,162.2800,41
35189216906177,09:46:29.216,162.2800,14
35189216946239,09:46:29.216,162.2800,45
35189217005054,09:46:29.217,162.2600,1
35231148489423,09:47:11.148,162.3200,1
35231149392163,09:47:11.149,162.3200,99
35231149392163,09:47:11.149,162.3200,100
35231149529249,09:47:11.149,162.3200,82
35231149682065,09:47:11.149,162.3400,57
35231150131129,09:47:11.150,162.3200,18
35231150146461,09:47:11.150,162.3200,18
35259526796982,09:47:39.526,162.2700,100
35259526825595,09:47:39.526,162.2600,1
35259526888937,09:47:39.526,162.2700,100
35265830831825,09:47:45.830,162.2700,100
35271848650555,09:47:51.848,162.2550,34
35287919396543,09:48:07.919,162.1500,49
35287920318791,09:48:07.920,162.1400,24
35287920366376,09:48:07.920,162.1400,76
35287920366376,09:48:07.920,162.1400,100
35292193896267,09:48:12.193,162.1800,100
35292193896267,09:48:12.193,162.1800,100
35292193896267,09:48:12.193,162.1700,2
35292193910045,09:48:12.193,162.1700,30
35292194090888,09:48:12.194,162.1700,70
35292194090888,09:48:12.194,162.1700,100
35292196267198,09:48:12.196,162.2400,10
35292196543716,09:48:12.196,162.2400,63
35305885773157,09:48:25.885,162.3100,100
35305885773157,09:48:25.885,162.3100,34
35305885834494,09:48:25.885,162.3100,100
35305885866104,09:48:25.885,162.3000,20
35320256080146,09:48:40.256,162.3600,4
35320256139579,09:48:40.256,162.3600,100
35320256416104,09:48:40.256,162.3000,10
35321256205654,09:48:41.256,162.2400,1
35330638095019,09:48:50.638,162.2100,100
35338770757938,09:48:58.770,162.3300,112
35338770815956,09:48:58.770,162.3300,100
35342255301960,09:49:02.255,162.3400,100
35342255380341,09:49:02.255,162.3400,100
35342268419809,09:49:02.268,162.3600,100
35362365785456,09:49:22.365,162.2900,100
35370594049968,09:49:30.594,162.2700,100
35370596621936,09:49:30.596,162.2700,100
35370596651796,09:49:30.596,162.2600,1
35373233442112,09:49:33.233,162.2500,8
35373233467709,09:49:33.233,162.2500,22
35392850349992,09:49:52.850,162.1900,100
35392850904831,09:49:52.850,162.2100,100
35427899810290,09:50:27.899,162.1800,3
35427900930132,09:50:27.900,162.1800,97
35427900930132,09:50:27.900,162.1800,100
35427901093267,09:50:27.901,162.1800,100
35427901638207,09:50:27.901,162.1800,15
35427901725834,09:50:27.901,162.1800,5
35427901779626,09:50:27.901,162.1800,5
35455917123735,09:50:55.917,162.1500,1
35455917988564,09:50:55.917,162.1200,100
35455919386397,09:50:55.919,162.1500,29
35455919420515,09:50:55.919,162.1500,71
35455929910243,09:50:55.929,162.2000,100
35455929922962,09:50:55.929,162.1500,10
35463346049396,09:51:03.346,162.2400,4
35463346304623,09:51:03.346,162.2500,19
35463348807524,09:51:03.348,162.3100,100
35463348807524,09:51:03.348,162.3100,100
35464116423391,09:51:04.116,162.3400,10
35464116726147,09:51:04.116,162.3500,10
35464116803029,09:51:04.116,162.3400,10
35468352577732,09:51:08.352,162.3800,60
35480483612706,09:51:20.483,162.3100,30
35480513903208,09:51:20.513,162.3000,100
35480514778497,09:51:20.514,162.3000,100
35480532323888,09:51:20.532,162.3000,100
35484636042519,09:51:24.636,162.2500,100
35484636042519,09:51:24.636,162.2500,100
35484638946360,09:51:24.638,162.2600,100
35484676084558,09:51:24.676,162.2800,25
35501813992825,09:51:41.813,162.1800,30
35522030936016,09:52:02.030,162.3000,100
35522030936016,09:52:02.030,162.3100,25
35522030936016,09:52:02.030,162.3100,75
35522030960119,09:52:02.030,162.3100,25
35522031446289,09:52:02.031,162.3500,60
35522031563501,09:52:02.031,162.3500,40
35522031563501,09:52:02.031,162.3100,60
35522031591721,09:52:02.031,162.3100,40
35523798563699,09:52:03.798,162.2900,100
35570419063852,09:52:50.419,162.3500,100
35570419063852,09:52:50.419,162.3600,100
35570419063852,09:52:50.419,162.3600,100
35570420516097,09:52:50.420,162.3900,100
35570420651650,09:52:50.420,162.4000,100
35579739281459,09:52:59.739,162.3300,1
35597282623862,09:53:17.282,162.3700,25
35597282623862,09:53:17.282,162.3700,75
35597282693216,09:53:17.282,162.3700,25
35632027175569,09:53:52.027,162.3300,1
35633945287170,09:53:53.945,162.3500,100
35655606765246,09:54:15.606,162.4500,50
35655606765246,09:54:15.606,162.4500,50
35655606768104,09:54:15.606,162.4500,42
35655606777648,09:54:15.606,162.4500,8
35656120014524,09:54:16.120,162.4900,100
35656120014524,09:54:16.120,162.5000,100
35667255584922,09:54:27.255,162.5400,67
35667319076751,09:54:27.319,162.4500,9
35680359511791,09:54:40.359,162.5400,33
35680532592362,09:54:40.532,162.4400,100
35696572470307,09:54:56.572,162.4600,1
35725119806554,09:55:25.119,162.5500,34
35725119806554,09:55:25.119,162.5500,66
35725119894038,09:55:25.119,162.5500,100
35725122545639,09:55:25.122,162.5500,100
35725122935615,09:55:25.122,162.5600,100
35725123130054,09:55:25.123,162.5200,10
35727814683317,09:55:27.814,162.6200,100
35728549378449,09:55:28.549,162.6600,100
35735119956293,09:55:35.119,162.6700,100
35745714050736,09:55:45.714,162.5300,100
35745714854708,09:55:45.714,162.5200,100
35745732831150,09:55:45.732,162.4900,100
35745732948434,09:55:45.732,162.4900,100
35746429381540,09:55:46.429,162.4600,1
35753901464503,09:55:53.901,162.3800,100
35753901919696,09:55:53.901,162.3700,91
35753902492558,09:55:53.902,162.3700,9
35753913354222,09:55:53.913,162.3800,100
35755169567445,09:55:55.169,162.3300,100
35755740333107,09:55:55.740,162.3200,100
35764526610748,09:56:04.526,162.2700,100
35767227563623,09:56:07.227,162.2500,100
35767227797664,09:56:07.227,162.2500,100
35767229326387,09:56:07.229,162.2400,100
35772947392384,09:56:12.947,162.2200,100
35776076464978,09:56:16.076,162.2200,100
35809117521166,09:56:49.117,162.3500,34
35858758389006,09:57:38.758,162.5100,100
35881766033588,09:58:01.766,162.3400,1
35906728326135,09:58:26.728,162.3100,300
35906728326135,09:58:26.728,162.3100,100
35906728326135,09:58:26.728,162.3000,100
35906728433809,09:58:26.728,162.2900,100
35906728465991,09:58:26.728,162.2900,100
35914984492996,09:58:34.984,162.4400,100
35914984641432,09:58:34.984,162.4400,100
35916118568873,09:58:36.118,162.4900,100
35926309714821,09:58:46.309,162.4400,96
35926310114985,09:58:46.310,162.4400,104
35926310114985,09:58:46.310,162.4300,96
35926310146126,09:58:46.310,162.4300,4
35926310146126,09:58:46.310,162.4300,100
35926310146126,09:58:46.310,162.4300,96
35926310223948,09:58:46.310,162.4300,100
35926310229158,09:58:46.310,162.4300,4
35926310311358,09:58:46.310,162.4100,1
35926311076520,09:58:46.311,162.4400,100
35927249760448,09:58:47.249,162.4100,10
35927249760448,09:58:47.249,162.4100,10
36000102411448,10:00:00.102,162.3600,30
36008476346033,10:00:08.476,162.3000,82
36008476348168,10:00:08.476,162.3000,18
36008476348168,10:00:08.476,162.3000,23
36008476360536,10:00:08.476,162.3000,90
36008476367848,10:00:08.476,162.3000,68
36008476373093,10:00:08.476,162.3000,32
36008476513325,10:00:08.476,162.3000,100
36015888081873,10:00:15.888,162.2000,100
36015888081873,10:00:15.888,162.1900,100
36015888081873,10:00:15.888,162.1900,100
36015888139870,10:00:15.888,162.1900,100
36015888139870,10:00:15.888,162.1900,100
36015888139870,10:00:15.888,162.1900,100
36015889098861,10:00:15.889,162.1200,8
36029852654880,10:00:29.852,162.2900,5
36029852654880,10:00:29.852,162.2900,78
36029852674552,10:00:29.852,162.2900,22
36029853030240,10:00:29.853,162.3000,34
36029853082903,10:00:29.853,162.3000,66
36029853082903,10:00:29.853,162.3000,34
36073256873279,10:01:13.256,162.3700,34
36073256896728,10:01:13.256,162.3700,20
36075288845498,10:01:15.288,162.4000,34
36087033019723,10:01:27.033,162.4100,100
36087033046316,10:01:27.033,162.4100,100
36087033046316,10:01:27.033,162.4100,100
36087033046316,10:01:27.033,162.4100,85
36087033071601,10:01:27.033,162.4100,15
36087033094417,10:01:27.033,162.4100,1
36087033095736,10:01:27.033,162.4100,84
36087033099890,10:01:27.033,162.4100,15
36087033141104,10:01:27.033,162.4100,50
36087033276748,10:01:27.033,162.4100,35
36087033276748,10:01:27.033,162.4100,15
36087033276748,10:01:27.033,162.4100,100
36087033706988,10:01:27.033,162.3800,100
36099413640772,10:01:39.413,162.3500,100
36155087123076,10:02:35.087,162.3300,100
36155087770873,10:02:35.087,162.3200,100
36158253969643,10:02:38.253,162.3300,100
36158254925251,10:02:38.254,162.3300,100
36158254925251,10:02:38.254,162.3300,211
36158288237364,10:02:38.288,162.3000,2
36158288237364,10:02:38.288,162.2900,98
36166687578765,10:02:46.687,162.1300,100
36166687578765,10:02:46.687,162.1200,100
36166689459386,10:02:46.689,162.1200,100
36166704409918,10:02:46.704,162.0500,5
36166706279476,10:02:46.706,162.0500,34
36166709692523,10:02:46.709,162.0500,10
36166710067870,10:02:46.710,162.0500,5
36173526218852,10:02:53.526,162.0800,34
36240772080780,10:04:00.772,162.1800,100
36240772113407,10:04:00.772,162.1800,4
36240772113407,10:04:00.772,162.1800,100
36240772147047,10:04:00.772,162.1800,100
36270231949096,10:04:30.231,162.1400,100
36323018804078,10:05:23.018,162.1100,1
36330252664652,10:05:30.252,162.0700,2
36330252664652,10:05:30.252,162.0600,4
36336832229611,10:05:36.832,162.1050,34
36385253766281,10:06:25.253,162.2400,4
36385253766281,10:06:25.253,162.2400,100
36385254861277,10:06:25.254,162.2500,100
36385254888069,10:06:25.254,162.2500,600
36385254888069,10:06:25.254,162.2500,6
36385256175761,10:06:25.256,162.2700,100
36413669180150,10:06:53.669,162.3100,50
36419762234394,10:06:59.762,162.3000,300
36419762910513,10:06:59.762,162.2900,100
36419764645005,10:06:59.764,162.3400,10
36419765829583,10:06:59.765,162.3500,100
36420034659470,10:07:00.034,162.3000,10
36420034659470,10:07:00.034,162.3000,10
36420034659470,10:07:00.034,162.3000,10
36437369313091,10:07:17.369,162.2400,100
36437377033063,10:07:17.377,162.2500,100
36534252582923,10:08:54.252,162.3200,100
36552879118763,10:09:12.879,162.2200,100
36553377314367,10:09:13.377,162.2300,10
36553377938794,10:09:13.377,162.2800,4
36557254212440,10:09:17.254,162.2800,100
36580665682030,10:09:40.665,162.3100,100
36580665682030,10:09:40.665,162.3100,100
36600613391382,10:10:00.613,162.3300,100
36612245819208,10:10:12.245,162.3500,4
36612585184471,10:10:12.585,162.3400,12
36617253148187,10:10:17.253,162.4100,100
36617253173547,10:10:17.253,162.4100,6
36617253173547,10:10:17.253,162.4100,100
36670972517854,10:11:10.972,162.3500,100
36701095843971,10:11:41.095,162.5200,34
36701110082287,10:11:41.110,162.5900,100
36701112404246,10:11:41.112,162.6200,100
36701455876717,10:11:41.455,162.5400,100
36701455876717,10:11:41.455,162.5400,100
36701455876717,10:11:41.455,162.5300,94
36701455876717,10:11:41.455,162.5300,6
36701456381767,10:11:41.456,162.5300,94
36701456381767,10:11:41.456,162.5300,6
36701456478522,10:11:41.456,162.5200,6
36701457528409,10:11:41.457,162.5200,94
36728253525921,10:12:08.253,162.6200,98
36736617336575,10:12:16.617,162.5100,100
36736617866076,10:12:16.617,162.4900,100
36767253305716,10:12:47.253,162.4400,100
36767254956191,10:12:47.254,162.4500,100
36767256802222,10:12:47.256,162.4800,5
36783147911765,10:13:03.147,162.6400,6
36783147911765,10:13:03.147,162.6400,100
36832057626189,10:13:52.057,162.5000,100
36832057782018,10:13:52.057,162.5000,100
36832057787022,10:13:52.057,162.4900,100
36832058519817,10:13:52.058,162.5000,15
36832058615680,10:13:52.058,162.5000,85
36852994730492,10:14:12.994,162.4600,100
36855779019155,10:14:15.779,162.4600,100
36858373010745,10:14:18.373,162.4400,100
36858873011274,10:14:18.873,162.4400,100
36874017974176,10:14:34.017,162.2900,15
36900105192278,10:15:00.105,162.2600,100
36900105554043,10:15:00.105,162.2600,100
36900123197490,10:15:00.123,162.2600,100
36917165284063,10:15:17.165,162.1400,100
36917165284063,10:15:17.165,162.1200,100
36917165311877,10:15:17.165,162.1200,100
36925111703605,10:15:25.111,162.0800,100
36925111947162,10:15:25.111,162.0700,100
36930954536932,10:15:30.954,162.0200,100
36930954552023,10:15:30.954,162.0100,95
36930954580332,10:15:30.954,162.0100,5
36934012776776,10:15:34.012,161.9600,4
36936349507739,10:15:36.349,161.9400,100
36936349855266,10:15:36.349,161.9300,100
36936350957442,10:15:36.350,161.9300,100
36940406213034,10:15:40.406,161.9700,2
36940406213034,10:15:40.406,161.9800,30
36940406213034,10:15:40.406,161.9800,68
36940406272042,10:15:40.406,161.9800,32
36940406272042,10:15:40.406,161.9800,68
36940406301322,10:15:40.406,161.9800,28
36944867326480,10:15:44.867,161.9900,100
36944867394629,10:15:44.867,161.9900,100
36947058854987,10:15:47.058,161.9900,5
36947080635926,10:15:47.080,162.0000,12
36949507773300,10:15:49.507,162.0000,38
36949507815046,10:15:49.507,162.0000,50
36949507815046,10:15:49.507,162.0000,50
36949507818101,10:15:49.507,162.0000,39
36949507837227,10:15:49.507,162.0000,11
37067152683228,10:17:47.152,161.9000,50
37069190790119,10:17:49.190,161.8900,100
37069191383350,10:17:49.191,161.8900,100
37069191383350,10:17:49.191,161.8900,100
37069191466841,10:17:49.191,161.9000,100
37069194140937,10:17:49.194,161.9400,10
37069194140937,10:17:49.194,161.9400,100
37087341385898,10:18:07.341,161.8800,200
37087341944817,10:18:07.341,161.8700,6
37087341945282,10:18:07.341,161.8700,20
37087341965089,10:18:07.341,161.8700,50
37087342084112,10:18:07.342,161.8700,24
37087342084112,10:18:07.342,161.8700,76
37087342179280,10:18:07.342,161.8700,24
37087447595474,10:18:07.447,161.8400,100
37087448355185,10:18:07.448,161.8400,1
37087448381180,10:18:07.448,161.8400,99
37095557673958,10:18:15.557,161.8400,1
37134343041228,10:18:54.343,161.7500,4
37164415556004,10:19:24.415,161.8800,200
37164415585435,10:19:24.415,161.8800,100
37164415585435,10:19:24.415,161.8800,3
37164415867148,10:19:24.415,161.9000,100
37173184726749,10:19:33.184,161.9600,100
37183194439932,10:19:43.194,162.0000,100
37200156431530,10:20:00.156,162.0100,10
37218099060297,10:20:18.099,162.0900,3
37218099060297,10:20:18.099,162.0900,10
37218099060297,10:20:18.099,162.0900,8
37220054708294,10:20:20.054,162.1100,100
37223640365967,10:20:23.640,162.1500,55
37229312020640,10:20:29.312,162.1700,50
37274857735055,10:21:14.857,162.1100,100
37306346213094,10:21:46.346,162.1500,200
37306346292045,10:21:46.346,162.1500,100
37306346342036,10:21:46.346,162.1500,20
37306346347503,10:21:46.346,162.1500,50
37306346396241,10:21:46.346,162.1400,100
37306346443589,10:21:46.346,162.1300,10
37306346560400,10:21:46.346,162.1300,10
37306346776015,10:21:46.346,162.1300,10
37350050865775,10:22:30.050,162.1000,50
37363214764361,10:22:43.214,162.0800,100
37373868839260,10:22:53.868,162.0600,100
37373870011890,10:22:53.870,162.0000,100
37373871945467,10:22:53.871,161.9900,100
37413293222199,10:23:33.293,162.1100,100
37413293975043,10:23:33.293,162.1300,100
37457334111297,10:24:17.334,162.0500,100
37457334111297,10:24:17.334,162.0500,100
37457334458445,10:24:17.334,162.0500,100
37482900016406,10:24:42.900,161.9700,100
37516566968356,10:25:16.566,161.9900,100
37516568775671,10:25:16.568,162.0000,3
37518654602707,10:25:18.654,162.0000,52
37531380967524,10:25:31.380,162.0100,4
37531381192968,10:25:31.381,162.0100,2
37560488535422,10:26:00.488,162.0100,94
37560488535422,10:26:00.488,162.0100,6
37560488646210,10:26:00.488,162.0100,94
37562056864742,10:26:02.056,162.0500,100
37563232773925,10:26:03.232,162.0700,100
37563232863744,10:26:03.232,162.0700,100
37563233963128,10:26:03.233,162.0800,52
37569456443450,10:26:09.456,162.1200,2
37569457452780,10:26:09.457,162.1800,100
37624242919768,10:27:04.242,162.1000,100
37624242919768,10:27:04.242,162.1000,100
37624243002402,10:27:04.243,162.1000,100
37624243019272,10:27:04.243,162.1000,100
37656809739191,10:27:36.809,162.0600,100
37656809832500,10:27:36.809,162.0600,13
37656809876153,10:27:36.809,162.0600,100
37695439231456,10:28:15.439,162.1300,2
37695439446690,10:28:15.439,162.1400,86
37695439457884,10:28:15.439,162.1400,2
37695439606210,10:28:15.439,162.1400,12
37698883008809,10:28:18.883,162.2000,100
37699844216925,10:28:19.844,162.2000,3
37721511572937,10:28:41.511,162.1600,6
37721511600600,10:28:41.511,162.1600,94
37721514383434,10:28:41.514,162.1400,100
37721514793563,10:28:41.514,162.1400,100
37736813913181,10:28:56.813,162.1600,3
37736813969683,10:28:56.813,162.1600,97
37763240602517,10:29:23.240,162.2500,34
37763240602517,10:29:23.240,162.2500,100
37788343552248,10:29:48.343,162.2500,100
37788345080788,10:29:48.345,162.2700,100
37789243069889,10:29:49.243,162.3000,100
37801674406555,10:30:01.674,162.3000,10
37803238511748,10:30:03.238,162.3600,4
37833030967065,10:30:33.030,162.3250,100
37833787966129,10:30:33.787,162.3250,100
37834759970905,10:30:34.759,162.3250,100
37835259959588,10:30:35.259,162.3250,100
37841243521485,10:30:41.243,162.3600,100
37841736964522,10:30:41.736,162.3250,100
37842236959091,10:30:42.236,162.3250,100
37852367303857,10:30:52.367,162.2800,100
37852368012883,10:30:52.368,162.2800,100
37860583073576,10:31:00.583,162.2700,100
37860583580627,10:31:00.583,162.2700,100
37860583807526,10:31:00.583,162.2700,100
37863929239424,10:31:03.929,162.3400,6
37863929675655,10:31:03.929,162.3500,100
37864442905316,10:31:04.442,162.3700,100
37864442931779,10:31:04.442,162.3700,3
37965428510096,10:32:45.428,162.4100,100
37965428599885,10:32:45.428,162.4100,100
37965430544987,10:32:45.430,162.4200,3
37999629277103,10:33:19.629,162.5100,100
37999629277103,10:33:19.629,162.5100,82
37999630710508,10:33:19.630,162.5200,100
38016964411278,10:33:36.964,162.5100,100
38016964411278,10:33:36.964,162.5100,100
38022539022455,10:33:42.539,162.5100,100
38044241330397,10:34:04.241,162.5600,100
38044241330397,10:34:04.241,162.5600,100
38044241766146,10:34:04.241,162.5600,100
38044241793402,10:34:04.241,162.5600,3
38091789648039,10:34:51.789,162.5800,31
38092800766333,10:34:52.800,162.5800,69
38095174642714,10:34:55.174,162.6000,100
38126710053746,10:35:26.710,162.6500,6
38126710053746,10:35:26.710,162.6500,9
38126710053746,10:35:26.710,162.6600,40
38126710053746,10:35:26.710,162.6700,100
38126711769263,10:35:26.711,162.6200,16
38134697761220,10:35:34.697,162.6800,5
38134698146101,10:35:34.698,162.6800,5
38134699563867,10:35:34.699,162.6800,5
38141584034443,10:35:41.584,162.6900,85
38154124689996,10:35:54.124,162.7200,100
38154124726860,10:35:54.124,162.7200,100
38154124726860,10:35:54.124,162.7200,13
38168450712880,10:36:08.450,162.7800,4
38181928231897,10:36:21.928,162.7800,4
38223248613302,10:37:03.248,162.7150,100
38231650015970,10:37:11.650,162.5900,100
38231650015970,10:37:11.650,162.5900,100
38231650015970,10:37:11.650,162.5900,100
38231650015970,10:37:11.650,162.5900,100
38231651641993,10:37:11.651,162.5500,3
38231653532917,10:37:11.653,162.5500,100
38233239745882,10:37:13.239,162.5400,100
38233921191911,10:37:13.921,162.5100,100
38233921191911,10:37:13.921,162.5100,100
38237556534463,10:37:17.556,162.5400,100
38250327008770,10:37:30.327,162.4400,2
38250327026001,10:37:30.327,162.4400,98
38259092454287,10:37:39.092,162.3200,100
38259138965876,10:37:39.138,162.3100,100
38281452850236,10:38:01.452,162.1700,100
38287293885878,10:38:07.293,162.2600,100
38287293885878,10:38:07.293,162.2600,2
38289730817534,10:38:09.730,162.3100,100
38289730817534,10:38:09.730,162.3100,79
38289731831670,10:38:09.731,162.3100,21
38289731831670,10:38:09.731,162.3100,100
38290768010449,10:38:10.768,162.3300,45
38290768045010,10:38:10.768,162.3300,55
38290768045010,10:38:10.768,162.3300,100
38291259477785,10:38:11.259,162.3400,100
38296581350787,10:38:16.581,162.3800,66
38296581378141,10:38:16.581,162.3800,34
38296581381256,10:38:16.581,162.3800,34
38296581381880,10:38:16.581,162.3800,3
38296581424492,10:38:16.581,162.3800,34
38296581434753,10:38:16.581,162.3800,29
38297554411559,10:38:17.554,162.3900,33
38332296682795,10:38:52.296,162.5400,100
38332296682795,10:38:52.296,162.5400,100
38412255674549,10:40:12.255,162.5600,100
38412255674549,10:40:12.255,162.5600,100
38412256038278,10:40:12.256,162.5600,100
38412256064385,10:40:12.256,162.5600,100
38424895121265,10:40:24.895,162.5000,100
38433424956480,10:40:33.424,162.5600,3
38433424956480,10:40:33.424,162.5600,100
38434259479644,10:40:34.259,162.6000,100
38492301626936,10:41:32.301,162.5300,100
38492302595158,10:41:32.302,162.5100,100
38494924781958,10:41:34.924,162.5500,100
38581025043423,10:43:01.025,162.6000,100
38581025043423,10:43:01.025,162.6000,100
38581025043423,10:43:01.025,162.6000,3
38581025493872,10:43:01.025,162.6100,32
38581025519661,10:43:01.025,162.6100,18
38581025545650,10:43:01.025,162.6100,50
38581025931206,10:43:01.025,162.5900,100
38581027933726,10:43:01.027,162.6200,100
38605777000075,10:43:25.777,162.6900,100
38605795271377,10:43:25.795,162.7100,100
38605795298746,10:43:25.795,162.7100,100
38610450047938,10:43:30.450,162.7300,100
38619698765788,10:43:39.698,162.7000,100
38657473616978,10:44:17.473,162.8200,4
38687547226425,10:44:47.547,162.7900,100
38687578677018,10:44:47.578,162.7500,42
38687578820438,10:44:47.578,162.7400,28
38697072057752,10:44:57.072,162.8200,100
38722485454338,10:45:22.485,162.8200,100
38737442773704,10:45:37.442,162.9300,39
38748620380380,10:45:48.620,162.8300,2
38748620400928,10:45:48.620,162.8300,2
38760492080144,10:46:00.492,162.7700,60
38782195891158,10:46:22.195,162.7700,40
38782195891158,10:46:22.195,162.7700,100
38782196700141,10:46:22.196,162.7600,100
38782196700141,10:46:22.196,162.7600,40
38782196727550,10:46:22.196,162.7600,60
38798200036012,10:46:38.200,162.7700,25
38798200060968,10:46:38.200,162.7700,75
38798200060968,10:46:38.200,162.7700,25
38798200090519,10:46:38.200,162.7700,25
38824212451138,10:47:04.212,162.6400,100
38872897900431,10:47:52.897,162.6200,100
38926976933081,10:48:46.976,162.6200,100
38926978871844,10:48:46.978,162.6300,100
38926986522988,10:48:46.986,162.6400,3
38959560542597,10:49:19.560,162.6500,64
38959561896374,10:49:19.561,162.6600,91
38959561924277,10:49:19.561,162.6600,9
39015428523034,10:50:15.428,162.6900,200
39015429381322,10:50:15.429,162.7000,100
39015429405315,10:50:15.429,162.7000,4
39017461525203,10:50:17.461,162.7300,100
39035936253192,10:50:35.936,162.7100,100
39035936253192,10:50:35.936,162.6800,4
39035936253192,10:50:35.936,162.6800,100
39035936280959,10:50:35.936,162.6800,100
39042905675836,10:50:42.905,162.6400,100
39042905854063,10:50:42.905,162.6300,100
39060597789341,10:51:00.597,162.6200,100
39062001260337,10:51:02.001,162.6100,21
39062001288668,10:51:02.001,162.6100,79
39082230046767,10:51:22.230,162.6500,97
39082230072467,10:51:22.230,162.6500,3
39082236178772,10:51:22.236,162.7000,100
39082236178772,10:51:22.236,162.7100,100
39117940916049,10:51:57.940,162.7800,100
39164742093880,10:52:44.742,162.6600,100
39172576150264,10:52:52.576,162.6000,100
39176014155339,10:52:56.014,162.6200,100
39176014155339,10:52:56.014,162.6200,100
39176014600353,10:52:56.014,162.6300,100
39191762993664,10:53:11.762,162.5400,12
39241255677545,10:54:01.255,162.4700,4
39244859290074,10:54:04.859,162.5500,100
39244859359141,10:54:04.859,162.5500,3
39246066437828,10:54:06.066,162.5600,100
39301901140486,10:55:01.901,162.5000,151
39301901140486,10:55:01.901,162.5000,100
39301915831673,10:55:01.915,162.5000,30
39303080972889,10:55:03.080,162.5000,10
39320157728883,10:55:20.157,162.5700,100
39320157774454,10:55:20.157,162.5700,100
39322360122525,10:55:22.360,162.5900,100
39322362639709,10:55:22.362,162.6000,100
39322366252980,10:55:22.366,162.6100,100
39339497101927,10:55:39.497,162.5600,30
39339497132385,10:55:39.497,162.5600,70
39339497497718,10:55:39.497,162.5500,5
39390964188931,10:56:30.964,162.5200,100
39390964188931,10:56:30.964,162.5200,100
39390964271910,10:56:30.964,162.5200,100
39390964293071,10:56:30.964,162.5200,100
39390964748907,10:56:30.964,162.5200,100
39410471677375,10:56:50.471,162.5200,31
39423789759105,10:57:03.789,162.5600,3
39423789759105,10:57:03.789,162.5600,100
39425038717097,10:57:05.038,162.5800,12
39426247474537,10:57:06.247,162.5800,31
39426247659732,10:57:06.247,162.5700,31
39432842102048,10:57:12.842,162.5500,5
39432842273641,10:57:12.842,162.5500,5
39435294580281,10:57:15.294,162.5500,100
39435295293741,10:57:15.295,162.5600,100
39450553520502,10:57:30.553,162.5600,19
39455227201203,10:57:35.227,162.6000,9
39467246411818,10:57:47.246,162.5700,100
39467676451942,10:57:47.676,162.6000,100
39467706894574,10:57:47.706,162.5500,100
39467706894574,10:57:47.706,162.5500,100
39467707419859,10:57:47.707,162.5800,10
39474433191389,10:57:54.433,162.5600,100
39478471724451,10:57:58.471,162.6100,100
39478471724451,10:57:58.471,162.6100,100
39478471724451,10:57:58.471,162.6100,100
39481251640990,10:58:01.251,162.6600,100
39481251640990,10:58:01.251,162.6600,100
39481251674070,10:58:01.251,162.6600,100
39481251674070,10:58:01.251,162.6600,100
39481251674070,10:58:01.251,162.6600,100
39481251706657,10:58:01.251,162.6700,100
39490023371086,10:58:10.023,162.7000,4
39508851725074,10:58:28.851,162.6700,150
39508851852677,10:58:28.851,162.6700,11
39508851908879,10:58:28.851,162.6700,50
39508852188237,10:58:28.852,162.6600,50
39514052758143,10:58:34.052,162.6500,27
39514052793963,10:58:34.052,162.6500,73
39514052917841,10:58:34.052,162.6500,23
39514053437198,10:58:34.053,162.6500,22
39535447400235,10:58:55.447,162.6800,100
39537928180679,10:58:57.928,162.7400,100
39585105200591,10:59:45.105,162.7700,100
39585105477950,10:59:45.105,162.7700,100
39588430449519,10:59:48.430,162.7700,100
39588430449519,10:59:48.430,162.7700,100
39588461508455,10:59:48.461,162.8100,100
39588786885912,10:59:48.786,162.8200,100
39604249710921,11:00:04.249,162.8700,100
39606241679297,11:00:06.241,162.8800,4
39609204641999,11:00:09.204,163.0000,1040
39609204641999,11:00:09.204,163.0000,230
39609204641999,11:00:09.204,163.0000,199
39609204641999,11:00:09.204,163.0000,31
39609205500654,11:00:09.205,163.0000,69
39612887089332,11:00:12.887,162.9700,16
39661028221877,11:01:01.028,162.8200,4
39661028328666,11:01:01.028,162.8100,4
39662027916848,11:01:02.027,162.7700,35
39662283484353,11:01:02.283,162.8100,31
39662822407852,11:01:02.822,162.8600,100
39663048579509,11:01:03.048,162.9300,90
39663048984379,11:01:03.048,162.9300,110
39663463340534,11:01:03.463,163.0100,100
39663463340534,11:01:03.463,163.0100,100
39666848831550,11:01:06.848,163.0400,4
39666861751102,11:01:06.861,163.0100,6
39667002980821,11:01:07.002,162.9800,100
39667004105745,11:01:07.004,162.9800,100
39667031095227,11:01:07.031,162.9500,100
39715391731941,11:01:55.391,162.9400,100
39715391762927,11:01:55.391,162.9400,25
39723105282257,11:02:03.105,162.9900,100
39723105282257,11:02:03.105,162.9900,100
39723105374680,11:02:03.105,162.9900,100
39724700015615,11:02:04.700,163.0000,61
39724700182756,11:02:04.700,163.0000,39
39724700182756,11:02:04.700,163.0000,100
39724700182756,11:02:04.700,163.0000,4
39761276273568,11:02:41.276,162.9200,100
39801329597318,11:03:21.329,162.8900,100
39801329597318,11:03:21.329,162.8900,71
39801329624924,11:03:21.329,162.8900,29
39836275922488,11:03:56.275,163.0100,100
39836275922488,11:03:56.275,163.0100,100
39836275922488,11:03:56.275,163.0100,100
39836276041086,11:03:56.276,163.0100,100
39836276169675,11:03:56.276,163.0100,100
39844711171108,11:04:04.711,163.0850,100
39893281551681,11:04:53.281,163.0200,6
39893281565689,11:04:53.281,163.0200,25
39893283063916,11:04:53.283,163.0000,100
39934526823961,11:05:34.526,162.8900,100
39948098351626,11:05:48.098,162.9700,31
39968307466395,11:06:08.307,162.8700,173
39968307466395,11:06:08.307,162.8700,100
39987453445592,11:06:27.453,162.8100,100
39987453974586,11:06:27.453,162.8000,31
39987454254374,11:06:27.454,162.8000,100
40003357858619,11:06:43.357,162.8100,35
40014079251901,11:06:54.079,162.8000,100
40032496253688,11:07:12.496,162.7900,100
40032496331861,11:07:12.496,162.7900,50
40032496334751,11:07:12.496,162.7900,50
40032496334751,11:07:12.496,162.7900,50
40032496339995,11:07:12.496,162.7900,50
40032496410663,11:07:12.496,162.7900,50
40032928823747,11:07:12.928,162.7900,100
40032928846414,11:07:12.928,162.7900,100
40032928846414,11:07:12.928,162.7900,100
40058734673163,11:07:38.734,162.7000,100
40078937060419,11:07:58.937,162.6900,100
40114787749425,11:08:34.787,162.7200,300
40114787857279,11:08:34.787,162.7200,100
40114793169553,11:08:34.793,162.7800,200
40125444822957,11:08:45.444,162.8200,3
40125444822957,11:08:45.444,162.8200,100
40134799186838,11:08:54.799,162.8000,100
40174319028542,11:09:34.319,162.9000,100
40174319028542,11:09:34.319,162.9000,100
40174319028542,11:09:34.319,162.9000,27
40175801183079,11:09:35.801,162.8400,100
40193619327025,11:09:53.619,162.8900,4
40193620242584,11:09:53.620,162.8800,4
40225672720757,11:10:25.672,162.9000,3
40225673204240,11:10:25.673,162.9000,3
40225673571703,11:10:25.673,162.9000,3
40225673575877,11:10:25.673,162.9000,5
40225673998016,11:10:25.673,162.9000,5
40225674688393,11:10:25.674,162.9000,3
40225675312815,11:10:25.675,162.9000,3
40225677861185,11:10:25.677,162.9100,3
40232114269331,11:10:32.114,162.8700,9
40282461128471,11:11:22.461,162.7600,100
40288460495724,11:11:28.460,162.7400,20
40288460505499,11:11:28.460,162.7400,61
40288460527756,11:11:28.460,162.7400,19
40288460527756,11:11:28.460,162.7400,4
40288460545123,11:11:28.460,162.7400,19
40288460588952,11:11:28.460,162.7400,100
40292599805895,11:11:32.599,162.7500,100
40312607734282,11:11:52.607,162.8000,24
40312607752939,11:11:52.607,162.8000,20
40312607820496,11:11:52.607,162.8000,56
40312607820496,11:11:52.607,162.8000,100
40312607820496,11:11:52.607,162.8000,100
40312607820496,11:11:52.607,162.8000,20
40312607853211,11:11:52.607,162.8000,80
40312608855927,11:11:52.608,162.8100,100
40324272186816,11:12:04.272,162.8600,100
40324272212576,11:12:04.272,162.8600,3
40335776340971,11:12:15.776,162.8700,100
40349492320724,11:12:29.492,162.9300,100
40349494186383,11:12:29.494,162.9300,100
40355940074589,11:12:35.940,162.9800,100
40355940389990,11:12:35.940,162.9800,100
40355940389990,11:12:35.940,162.9800,100
40369343246309,11:12:49.343,163.0000,100
40369343539552,11:12:49.343,162.9800,2
40371831337386,11:12:51.831,163.0000,100
40380043035655,11:13:00.043,163.0100,100
40380043035655,11:13:00.043,163.0100,100
40401238024748,11:13:21.238,162.9700,19
40401238024748,11:13:21.238,162.9700,12
40425875182402,11:13:45.875,162.9100,400
40425875229145,11:13:45.875,162.9100,104
40425875229145,11:13:45.875,162.9400,96
40425875265655,11:13:45.875,162.9400,4
40425877267943,11:13:45.877,162.9100,20
40425879873609,11:13:45.879,162.9100,80
40429436379497,11:13:49.436,162.8500,48
40429436915244,11:13:49.436,162.8400,34
40461586868097,11:14:21.586,162.8850,200
40463070633359,11:14:23.070,162.8850,5
40467989622588,11:14:27.989,162.8500,100
40467989674942,11:14:27.989,162.8500,100
40467989702570,11:14:27.989,162.8500,100
40491200919554,11:14:51.200,162.8900,100
40491200919554,11:14:51.200,162.9000,100
40491200945021,11:14:51.200,162.9000,100
40493554044127,11:14:53.554,162.9200,100
40493554044127,11:14:53.554,162.9200,100
40493554044127,11:14:53.554,162.9200,4
40493554105480,11:14:53.554,162.9200,4
40516011034294,11:15:16.011,162.8900,100
40516011034294,11:15:16.011,162.8900,13
40532041717589,11:15:32.041,162.8300,100
40532044172083,11:15:32.044,162.8000,100
40532044172083,11:15:32.044,162.8000,100
40534617125001,11:15:34.617,162.7600,31
40561281830345,11:16:01.281,162.8700,31
40561812922746,11:16:01.812,162.8700,169
40626897657977,11:17:06.897,162.8800,7
40660599979406,11:17:40.599,162.7900,100
40673981509771,11:17:53.981,162.7900,100
40673981509771,11:17:53.981,162.7900,4
40673981509771,11:17:53.981,162.7900,18
40673989738822,11:17:53.989,162.7700,100
40674004760747,11:17:54.004,162.7500,100
40678092356800,11:17:58.092,162.8200,100
40727947863160,11:18:47.947,162.6800,100
40727966742920,11:18:47.966,162.7100,100
40730199220382,11:18:50.199,162.7200,100
40730199220382,11:18:50.199,162.7200,100
40730199220382,11:18:50.199,162.7200,3
40730199220382,11:18:50.199,162.7200,300
40731562855405,11:18:51.562,162.7800,100
40760087199070,11:19:20.087,162.8400,100
40775534562894,11:19:35.534,162.8400,100
40776535982499,11:19:36.535,162.8400,100
40795483539560,11:19:55.483,162.7900,41
40807277646171,11:20:07.277,162.8300,9
40820324451123,11:20:20.324,162.8700,3
40820325759123,11:20:20.325,162.8700,121
40869553282057,11:21:09.553,162.8200,15
40869553282057,11:21:09.553,162.8200,85
40869553314452,11:21:09.553,162.8200,15
40889699167202,11:21:29.699,162.7800,100
40889956284878,11:21:29.956,162.7800,100
40890021930884,11:21:30.021,162.7700,100
40890021930884,11:21:30.021,162.7700,53
40890022018344,11:21:30.022,162.7700,47
40926949956406,11:22:06.949,162.7400,2
40930187325908,11:22:10.187,162.7400,100
40930187325908,11:22:10.187,162.7400,100
40936041520897,11:22:16.041,162.7900,100
41028208536646,11:23:48.208,162.8200,15
41028265324584,11:23:48.265,162.8200,85
41028265324584,11:23:48.265,162.8200,100
41090697089562,11:24:50.697,162.8200,100
41090697089562,11:24:50.697,162.8300,3
41090697089562,11:24:50.697,162.8300,97
41090697494549,11:24:50.697,162.8300,3
41128605371086,11:25:28.605,162.8000,17
41189097015383,11:26:29.097,162.7000,31
41199248464179,11:26:39.248,162.7500,100
41199248478846,11:26:39.248,162.7500,100
41214139418000,11:26:54.139,162.8000,100
41214139418000,11:26:54.139,162.8000,3
41282344232672,11:28:02.344,162.8900,50
41282344299653,11:28:02.344,162.8900,15
41282344492770,11:28:02.344,162.8900,35
41303309976383,11:28:23.309,162.8500,100
41303310604506,11:28:23.310,162.8200,100
41303310604506,11:28:23.310,162.8200,100
41303314993716,11:28:23.314,162.8200,100
41303314993716,11:28:23.314,162.7800,100
41303315298251,11:28:23.315,162.7800,100
41341345614018,11:29:01.345,162.8000,100
41342939453462,11:29:02.939,162.7900,100
41394485302283,11:29:54.485,162.8600,31
41397384007155,11:29:57.384,162.8900,100
41401276639881,11:30:01.276,162.8900,50
41403358339724,11:30:03.358,162.8900,50
41403358339724,11:30:03.358,162.8900,3
41404987326137,11:30:04.987,162.9200,100
41404987326137,11:30:04.987,162.9200,50
41404987353332,11:30:04.987,162.9200,50
41404987419516,11:30:04.987,162.9200,100
41415357010547,11:30:15.357,162.9400,29
41427059462133,11:30:27.059,162.9500,21
41502315156409,11:31:42.315,162.9600,100
41538330951669,11:32:18.330,162.9200,100
41538330951669,11:32:18.330,162.9200,100
41554468464980,11:32:34.468,162.8500,100
41554468947353,11:32:34.468,162.8400,16
41554473543594,11:32:34.473,162.8400,84
41554758055795,11:32:34.758,162.8500,10
41595934182745,11:33:15.934,162.8800,3
41647893768774,11:34:07.893,162.8200,100
41789889518298,11:36:29.889,162.8600,15
41816237996945,11:36:56.237,162.7900,100
41834171405963,11:37:14.171,162.7900,58
41854246644581,11:37:34.246,162.7900,42
41924594160811,11:38:44.594,162.7400,100
41924613698536,11:38:44.613,162.7800,10
41938942595754,11:38:58.942,162.7400,10
41938942595754,11:38:58.942,162.7400,10
41938942595754,11:38:58.942,162.7400,10
41938942595754,11:38:58.942,162.7400,10
41938942595754,11:38:58.942,162.7400,10
41938942595754,11:38:58.942,162.7300,33
41938942595754,11:38:58.942,162.7200,17
41948793347337,11:39:08.793,162.6600,100
41991654028167,11:39:51.654,162.6450,100
41992922034339,11:39:52.922,162.6400,100
41998744245568,11:39:58.744,162.7000,10
42004423344637,11:40:04.423,162.7200,100
42004423369603,11:40:04.423,162.7200,3
42019870372812,11:40:19.870,162.7400,100
42038081210141,11:40:38.081,162.7000,100
42038081731582,11:40:38.081,162.6900,14
42060432328319,11:41:00.432,162.7500,75
42060432329938,11:41:00.432,162.7500,25
42071287586271,11:41:11.287,162.8000,31
42071287627290,11:41:11.287,162.8000,69
42129019743335,11:42:09.019,162.8300,100
42142276736798,11:42:22.276,162.8700,100
42142276736798,11:42:22.276,162.8700,3
42154324021820,11:42:34.324,162.8500,100
42155606019802,11:42:35.606,162.8500,100
42160094030172,11:42:40.094,162.8500,100
42195244976040,11:43:15.244,162.9200,100
42196053293117,11:43:16.053,162.9500,100
42196053318428,11:43:16.053,162.9500,100
42196053318428,11:43:16.053,162.9500,100
42196053319259,11:43:16.053,162.9500,100
42264326955901,11:44:24.326,163.0300,3
42331099257778,11:45:31.099,163.1600,100
42350394387064,11:45:50.394,163.1100,100
42350394387064,11:45:50.394,163.1100,100
42350394485707,11:45:50.394,163.1100,100
42350394485707,11:45:50.394,163.1100,28
42350394485707,11:45:50.394,163.1100,12
42350394512700,11:45:50.394,163.1100,88
42378506933457,11:46:18.506,163.1500,4
42464391266772,11:47:44.391,163.2300,62
42464391294882,11:47:44.391,163.2300,38
42464391294882,11:47:44.391,163.2300,100
42469315557038,11:47:49.315,163.2600,1
42469315583720,11:47:49.315,163.2600,99
42469315583720,11:47:49.315,163.2600,100
42469315583720,11:47:49.315,163.2600,100
42469315584689,11:47:49.315,163.2600,100
42498017385029,11:48:18.017,163.2000,100
42550310511773,11:49:10.310,163.2300,100
42560941976498,11:49:20.941,163.2700,19
42595117351059,11:49:55.117,163.2800,4
42595117351059,11:49:55.117,163.2800,4
42595117385765,11:49:55.117,163.2800,100
42595117385765,11:49:55.117,163.2900,100
42595117462005,11:49:55.117,163.2900,100
42612288551067,11:50:12.288,163.2800,65
42612288828377,11:50:12.288,163.2800,35
42612290614077,11:50:12.290,163.2500,100
42688120976284,11:51:28.120,163.2700,100
42689026019084,11:51:29.026,163.3100,51
42728167331670,11:52:08.167,163.2900,4
42791983761088,11:53:11.983,163.3100,50
42791983783989,11:53:11.983,163.3100,22
42791983835638,11:53:11.983,163.3100,28
42814730635787,11:53:34.730,163.3400,57
42814730676453,11:53:34.730,163.3400,43
42814730676453,11:53:34.730,163.3400,57
42814730703299,11:53:34.730,163.3400,43
42842322569834,11:54:02.322,163.3200,100
42882959307140,11:54:42.959,163.2600,100
42938332140022,11:55:38.332,163.3600,100
42938332140022,11:55:38.332,163.3700,100
42967181126223,11:56:07.181,163.2600,12
43002854561437,11:56:42.854,163.2100,8
43002854869701,11:56:42.854,163.2000,8
43003442891918,11:56:43.442,163.1900,100
43017254423428,11:56:57.254,163.2200,4
43017254423428,11:56:57.254,163.2200,60
43017254453747,11:56:57.254,163.2200,40
43017254453747,11:56:57.254,163.2200,100
43033385286885,11:57:13.385,163.1900,100
43038959565521,11:57:18.959,163.2600,100
43038959565521,11:57:18.959,163.2600,100
43038959565521,11:57:18.959,163.2600,100
43058185008771,11:57:38.185,163.2800,100
43083543429841,11:58:03.543,163.3200,100
43083543429841,11:58:03.543,163.3300,4
43083543457982,11:58:03.543,163.3300,100
43086648716773,11:58:06.648,163.2500,100
43086648716773,11:58:06.648,163.2500,100
43093386428821,11:58:13.386,163.3000,70
43093386465098,11:58:13.386,163.3000,30
43093386465098,11:58:13.386,163.3000,51
43093386465098,11:58:13.386,163.3000,49
43141715747248,11:59:01.715,163.3600,4
43198681295670,11:59:58.681,163.4200,12
43198681321030,11:59:58.681,163.4200,88
43214695273706,12:00:14.695,163.4400,4
43230049621059,12:00:30.049,163.3900,21
43230050161708,12:00:30.050,163.3900,79
43230050161708,12:00:30.050,163.3900,100
43230050224083,12:00:30.050,163.3900,100
43249563006280,12:00:49.563,163.4300,100
43280951898134,12:01:20.951,163.3700,100
43285739216838,12:01:25.739,163.3400,2
43285739250752,12:01:25.739,163.3400,32
43285739252155,12:01:25.739,163.3400,4
43285739290283,12:01:25.739,163.3400,62
43297096366166,12:01:37.096,163.2700,31
43297135820037,12:01:37.135,163.2700,100
43305908339398,12:01:45.908,163.2700,100
43320267250051,12:02:00.267,163.3100,64
43320267265260,12:02:00.267,163.3100,36
43320268324634,12:02:00.268,163.3300,100
43326452784207,12:02:06.452,163.3400,4
43339729944929,12:02:19.729,163.3600,36
43339730183055,12:02:19.730,163.3600,64
43339730183055,12:02:19.730,163.3600,100
43356347503540,12:02:36.347,163.3800,100
43356664139473,12:02:36.664,163.4100,100
43356664146968,12:02:36.664,163.4100,100
43356687301251,12:02:36.687,163.4200,100
43356687326738,12:02:36.687,163.4200,100
43356703268509,12:02:36.703,163.4300,100
43379887292122,12:02:59.887,163.4600,55
43381037245867,12:03:01.037,163.5400,100
43381037245867,12:03:01.037,163.5500,100
43381037685600,12:03:01.037,163.5600,100
43388242305915,12:03:08.242,163.5900,65
43388242305915,12:03:08.242,163.5900,35
43388242335115,12:03:08.242,163.5900,65
43414203047259,12:03:34.203,163.6600,100
43446559123568,12:04:06.559,163.6300,1
43557154904419,12:05:57.154,163.5500,100
43557154904419,12:05:57.154,163.5400,1
43557154904419,12:05:57.154,163.5400,100
43557154934019,12:05:57.154,163.5400,100
43558562098762,12:05:58.562,163.5400,100
43573162643984,12:06:13.162,163.5300,100
43573162643984,12:06:13.162,163.5200,100
43577845514618,12:06:17.845,163.5200,100
43582953332339,12:06:22.953,163.5100,100
43582973107045,12:06:22.973,163.4900,1
43582973107045,12:06:22.973,163.4900,100
43584200623301,12:06:24.200,163.4900,100
43594180791232,12:06:34.180,163.4600,48
43594597400381,12:06:34.597,163.4400,1
43594597400381,12:06:34.597,163.4300,99
43596448772093,12:06:36.448,163.4300,1
43608423261140,12:06:48.423,163.4200,1
43608423261140,12:06:48.423,163.4100,31
43612484162185,12:06:52.484,163.3900,1
43612484162185,12:06:52.484,163.3900,99
43612484192247,12:06:52.484,163.3900,1
43622636515214,12:07:02.636,163.4300,4
43652854552664,12:07:32.854,163.4700,100
43691492766160,12:08:11.492,163.5000,100
43691492770260,12:08:11.492,163.5000,2
43691492790388,12:08:11.492,163.5000,2
43718998565808,12:08:38.998,163.4900,100
43743338343465,12:09:03.338,163.5400,8
43743338357652,12:09:03.338,163.5400,53
43743338438215,12:09:03.338,163.5400,39
43743348138186,12:09:03.348,163.5600,50
43744070619232,12:09:04.070,163.5600,50
43751304660921,12:09:11.304,163.6200,100
43751304660921,12:09:11.304,163.6200,100
43804474063999,12:10:04.474,163.5500,4
43859246792439,12:10:59.246,163.6000,100
43884569478442,12:11:24.569,163.6200,100
43884569478442,12:11:24.569,163.6200,100
43943052469151,12:12:23.052,163.6600,1
43943052469151,12:12:23.052,163.6600,4
43943052469151,12:12:23.052,163.6600,100
43993708447892,12:13:13.708,163.7000,43
43993708473131,12:13:13.708,163.7000,57
43993708473131,12:13:13.708,163.7000,87
44059940382858,12:14:19.940,163.6600,100
44059940382858,12:14:19.940,163.6600,100
44060905274819,12:14:20.905,163.6100,6
44060905274819,12:14:20.905,163.6100,97
44060905322980,12:14:20.905,163.6100,3
44066815412644,12:14:26.815,163.6100,100
44123302566090,12:15:23.302,163.6800,4
44146290399548,12:15:46.290,163.6900,100
44157152681203,12:15:57.152,163.6500,31
44201515949803,12:16:41.515,163.7100,4
44209421546980,12:16:49.421,163.7100,61
44209421572233,12:16:49.421,163.7100,39
44212005769290,12:16:52.005,163.7200,25
44212005794776,12:16:52.005,163.7200,75
44263447508243,12:17:43.447,163.8000,100
44266646267312,12:17:46.646,163.8300,100
44266646325579,12:17:46.646,163.8400,100
44287994034366,12:18:07.994,163.9400,50
44320392146519,12:18:40.392,163.8400,40
44320392146519,12:18:40.392,163.8400,1
44320392146519,12:18:40.392,163.8400,100
44320392146519,12:18:40.392,163.8400,100
44330498054616,12:18:50.498,163.8100,64
44330498068605,12:18:50.498,163.8100,36
44330498068605,12:18:50.498,163.8000,1
44330498070435,12:18:50.498,163.8000,37
44330498074109,12:18:50.498,163.8000,37
44330498092416,12:18:50.498,163.8000,26
44330498548353,12:18:50.498,163.7900,100
44338896025278,12:18:58.896,163.8600,1
44378539706875,12:19:38.539,163.8700,4
44396833095026,12:19:56.833,163.7800,100
44396833095026,12:19:56.833,163.7800,10
44396833657427,12:19:56.833,163.7700,48
44445039798053,12:20:45.039,163.8300,5
44445039798053,12:20:45.039,163.8300,100
44445039798053,12:20:45.039,163.8300,100
44445039883833,12:20:45.039,163.8400,2
44505234844979,12:21:45.234,163.7300,1
44512799342239,12:21:52.799,163.7200,100
44519511317196,12:21:59.511,163.7100,100
44525075901310,12:22:05.075,163.7000,1
44525075901310,12:22:05.075,163.7000,99
44535401502393,12:22:15.401,163.7500,65
44535401526636,12:22:15.401,163.7500,35
44535401526636,12:22:15.401,163.7500,5
44559080605957,12:22:39.080,163.8200,100
44559080605957,12:22:39.080,163.8400,100
44559080605957,12:22:39.080,163.8400,100
44559080605957,12:22:39.080,163.8400,100
44565023292416,12:22:45.023,163.9000,100
44571090376240,12:22:51.090,163.9100,100
44583159333343,12:23:03.159,163.9400,35
44639241947811,12:23:59.241,163.8300,100
44639241947811,12:23:59.241,163.8300,100
44689076387415,12:24:49.076,163.7800,5
44706795028807,12:25:06.795,163.8800,5
44715261210547,12:25:15.261,163.8200,27
44716652457587,12:25:16.652,163.8200,18
44808137222744,12:26:48.137,163.7700,100
44808137747658,12:26:48.137,163.7700,14
44808137747658,12:26:48.137,163.7700,100
44808137763057,12:26:48.137,163.7700,54
44808137802476,12:26:48.137,163.7700,46
44811712996900,12:26:51.712,163.7100,100
44813291911696,12:26:53.291,163.7000,100
44819904314636,12:26:59.904,163.6700,35
44820212050631,12:27:00.212,163.7600,13
44820212050631,12:27:00.212,163.7600,100
44820212050631,12:27:00.212,163.7600,100
44823937128855,12:27:03.937,163.8000,5
44837917475374,12:27:17.917,163.7100,23
44841738190372,12:27:21.738,163.7100,77
44841738190372,12:27:21.738,163.7000,23
44841862657421,12:27:21.862,163.7900,100
44841864577442,12:27:21.864,163.7400,100
44842358687093,12:27:22.358,163.8100,1
44842867115781,12:27:22.867,163.7900,100
44849194166288,12:27:29.194,163.8300,100
44853733488676,12:27:33.733,163.8800,100
44861698592120,12:27:41.698,163.8900,100
44863076376577,12:27:43.076,163.9100,100
44876532733963,12:27:56.532,163.9300,100
44876532774865,12:27:56.532,163.9300,4
44885011995024,12:28:05.011,164.0200,6
44901176439765,12:28:21.176,164.0200,37
44938055766632,12:28:58.055,164.0700,3
44982529171564,12:29:42.529,164.0000,100
44982800088594,12:29:42.800,163.9900,100
44990183154985,12:29:50.183,163.9000,100
45000255812416,12:30:00.255,163.9000,81
45034253277866,12:30:34.253,163.8500,100
45034253277866,12:30:34.253,163.8500,92
45034253343490,12:30:34.253,163.8500,8
45067923144400,12:31:07.923,163.7700,1
45067923582013,12:31:07.923,163.7700,48
45067923593999,12:31:07.923,163.7700,28
45067923593999,12:31:07.923,163.7700,23
45067923606446,12:31:07.923,163.7700,8
45067923606446,12:31:07.923,163.7700,31
45081608511913,12:31:21.608,163.7100,2
45093397264006,12:31:33.397,163.6500,31
45093397264006,12:31:33.397,163.6500,69
45103451446419,12:31:43.451,163.6200,100
45103451446419,12:31:43.451,163.6200,12
45105796683199,12:31:45.796,163.6000,100
45126616326896,12:32:06.616,163.5700,153
45136223029394,12:32:16.223,163.5200,100
45136223111539,12:32:16.223,163.5200,32
45138291748881,12:32:18.291,163.5400,2
45138291748881,12:32:18.291,163.5500,100
45138291748881,12:32:18.291,163.5500,3
45138291777928,12:32:18.291,163.5500,2
45138291820192,12:32:18.291,163.5500,2
45147333355027,12:32:27.333,163.4900,100
45147689902293,12:32:27.689,163.5300,16
45160577154965,12:32:40.577,163.5500,54
45160577171399,12:32:40.577,163.5500,46
45164336023729,12:32:44.336,163.5700,100
45182861591051,12:33:02.861,163.5100,100
45198642119452,12:33:18.642,163.5800,31
45215721999351,12:33:35.721,163.5000,87
45215721999351,12:33:35.721,163.5000,100
45215721999351,12:33:35.721,163.5000,100
45314452167734,12:35:14.452,163.5400,5
45314452167734,12:35:14.452,163.5400,100
45374430090742,12:36:14.430,163.4700,100
45375029930210,12:36:15.029,163.4400,100
45407310867491,12:36:47.310,163.3200,100
45407310867491,12:36:47.310,163.3100,100
45408521843942,12:36:48.521,163.2700,100
45408522656272,12:36:48.522,163.2600,52
45408523166216,12:36:48.523,163.2600,48
45434002148419,12:37:14.002,163.3400,8
45434002577565,12:37:14.002,163.3400,22
45467341243502,12:37:47.341,163.2500,36
45480256541888,12:38:00.256,163.3500,100
45480256541888,12:38:00.256,163.3500,100
45480256793610,12:38:00.256,163.3600,57
45480256830451,12:38:00.256,163.3600,43
45480257371494,12:38:00.257,163.3700,1
45480257445195,12:38:00.257,163.3900,96
45480257669811,12:38:00.257,163.3400,13
45480257989340,12:38:00.257,163.3900,4
45480258275784,12:38:00.258,163.4100,1
45487089226385,12:38:07.089,163.4200,4
45504151638675,12:38:24.151,163.4300,36
45504151673478,12:38:24.151,163.4300,64
45504151958441,12:38:24.151,163.4000,100
45504151972180,12:38:24.151,163.4300,100
45527887324927,12:38:47.887,163.4700,100
45602963759972,12:40:02.963,163.5400,100
45602987875274,12:40:02.987,163.5500,1
45631092168457,12:40:31.092,163.4900,48
45631092177609,12:40:31.092,163.4900,50
45631092186413,12:40:31.092,163.4900,2
45638290952288,12:40:38.290,163.5300,5
45638291343649,12:40:38.291,163.5400,6
45692564575376,12:41:32.564,163.4500,9
45692564599442,12:41:32.564,163.4500,91
45708881638622,12:41:48.881,163.3500,100
45708881660276,12:41:48.881,163.3500,100
45708882380171,12:41:48.882,163.3400,100
45708882380171,12:41:48.882,163.3400,100
45708882380171,12:41:48.882,163.3400,100
45726880944063,12:42:06.880,163.1800,100
45742800937902,12:42:22.800,163.1300,31
45742800937902,12:42:22.800,163.1300,100
45773137026964,12:42:53.137,163.1900,5
45773137026964,12:42:53.137,163.1900,100
45773137026964,12:42:53.137,163.1900,100
45773137026964,12:42:53.137,163.1900,100
45773141508281,12:42:53.141,163.1900,100
45782999514407,12:43:02.999,163.2700,34
45843967221155,12:44:03.967,163.1300,5
45843968005319,12:44:03.968,163.1300,5
45903406938077,12:45:03.406,163.2000,100
45903406938077,12:45:03.406,163.2000,1
45903406951253,12:45:03.406,163.2000,50
45903406959189,12:45:03.406,163.2000,49
45903406959189,12:45:03.406,163.2000,2
45903406967866,12:45:03.406,163.2000,98
45928234570247,12:45:28.234,163.2800,4
45983398815622,12:46:23.398,163.2500,100
46043250907182,12:47:23.250,163.3000,6
46043250907182,12:47:23.250,163.3000,5
46056480085104,12:47:36.480,163.3300,100
46077285085670,12:47:57.285,163.3300,34
46191152288354,12:49:51.152,163.3400,5
46191152288354,12:49:51.152,163.3400,95
46191152319359,12:49:51.152,163.3400,5
46191152319359,12:49:51.152,163.3400,100
46255608909660,12:50:55.608,163.3900,83
46255608909660,12:50:55.608,163.3900,5
46302231126596,12:51:42.231,163.3600,100
46404515219248,12:53:24.515,163.4000,12
46404515219248,12:53:24.515,163.4000,5
46404515219248,12:53:24.515,163.4000,15
46443340195038,12:54:03.340,163.3100,100
46443462038210,12:54:03.462,163.2800,100
46443462038210,12:54:03.462,163.2800,100
46443462894737,12:54:03.462,163.3100,10
46443463507683,12:54:03.463,163.2800,10
46444988166275,12:54:04.988,163.2500,100
46453372836917,12:54:13.372,163.2000,100
46467503765822,12:54:27.503,163.1700,100
46468873591618,12:54:28.873,163.1500,100
46475113137076,12:54:35.113,163.1200,100
46485502202213,12:54:45.502,163.1700,5
46485502550470,12:54:45.502,163.1800,100
46536775325115,12:55:36.775,163.0800,18
46536775336615,12:55:36.775,163.0800,82
46569203398067,12:56:09.203,163.1500,8
46569203398067,12:56:09.203,163.1500,4
46569203398067,12:56:09.203,163.1500,40
46569203540292,12:56:09.203,163.1500,60
46584002669965,12:56:24.002,163.2100,8
46604421536045,12:56:44.421,163.2100,92
46624306471322,12:57:04.306,163.2200,100
46638353030873,12:57:18.353,163.2400,10
46688093834063,12:58:08.093,163.1400,100
46782064208016,12:59:42.064,162.9900,100
46806256845622,13:00:06.256,163.0300,100
46806256845622,13:00:06.256,163.0400,100
46806256845622,13:00:06.256,163.0400,3
46806256845622,13:00:06.256,163.0400,100
46806258244152,13:00:06.258,163.0500,100
46806259255508,13:00:06.259,163.0800,100
46806259255508,13:00:06.259,163.0800,100
46806260693904,13:00:06.260,163.1100,97
46806260719690,13:00:06.260,163.1100,3
46806363706923,13:00:06.363,163.0400,7
46806363953416,13:00:06.363,163.0400,7
46839526774706,13:00:39.526,163.0000,100
46865935013323,13:01:05.935,163.0500,100
46865935175757,13:01:05.935,163.0600,9
46865935229047,13:01:05.935,163.0500,50
46867240710920,13:01:07.240,163.0500,7
46900958764394,13:01:40.958,163.1000,100
46900958841493,13:01:40.958,163.1000,100
46900958967404,13:01:40.958,163.1000,100
46921037262846,13:02:01.037,163.0800,100
46921037262846,13:02:01.037,163.0700,100
46989741815816,13:03:09.741,163.1400,38
47014669708786,13:03:34.669,163.0800,50
47014669768813,13:03:34.669,163.0800,18
47014670280692,13:03:34.670,163.0800,32
47014670280692,13:03:34.670,163.0800,36
47014670918922,13:03:34.670,163.0800,64
47014670918922,13:03:34.670,163.0800,36
47014671049171,13:03:34.671,163.0800,64
47014673828761,13:03:34.673,163.0700,100
47031227921638,13:03:51.227,163.0000,21
47031229916616,13:03:51.229,162.9900,19
47047042014469,13:04:07.042,162.9500,100
47116673441030,13:05:16.673,162.9600,100
47116673483382,13:05:16.673,162.9700,12
47196773097358,13:06:36.773,163.0100,100
47196773097358,13:06:36.773,163.0100,3
47196773097358,13:06:36.773,163.0100,100
47266953315870,13:07:46.953,162.9500,100
47285797337037,13:08:05.797,162.9200,100
47332925762890,13:08:52.925,162.9600,100
47332925762890,13:08:52.925,162.9600,100
47344673664275,13:09:04.673,163.0100,3
47389557246802,13:09:49.557,163.1000,1
47430254936514,13:10:30.254,163.0300,155
47469357175164,13:11:09.357,163.0500,100
47469357189014,13:11:09.357,163.0600,10
47548007300942,13:12:28.007,163.1100,3
47615009981270,13:13:35.009,163.2000,59
47658097501717,13:14:18.097,163.1500,100
47658097501717,13:14:18.097,163.1200,100
47658097501717,13:14:18.097,163.1200,100
47658097501717,13:14:18.097,163.1200,100
47658097645954,13:14:18.097,163.1100,100
47658097729217,13:14:18.097,163.1100,100
47658097797185,13:14:18.097,163.1100,100
47658610533302,13:14:18.610,163.0700,1
47659340354607,13:14:19.340,163.0500,100
47663990266237,13:14:23.990,163.0100,1
47692311729570,13:14:52.311,162.9400,1
47705943102844,13:15:05.943,162.9300,1
47705943133229,13:15:05.943,162.9200,57
47705943723372,13:15:05.943,162.9300,1
47710288469504,13:15:10.288,162.9200,43
47710895224084,13:15:10.895,162.8900,2
47733639685846,13:15:33.639,162.8900,98
47733639729223,13:15:33.639,162.8800,1
47739796553654,13:15:39.796,162.8200,1
47739796553654,13:15:39.796,162.8100,99
47795180736197,13:16:35.180,162.8100,1
47817297413454,13:16:57.297,162.8800,100
47817299100817,13:16:57.299,162.8900,100
47817299100817,13:16:57.299,162.8900,9
47817669150686,13:16:57.669,162.8900,100
47817669238762,13:16:57.669,162.9000,10
47817670110676,13:16:57.670,162.8900,10
47847158924304,13:17:27.158,162.9100,48
47847158950957,13:17:27.158,162.9100,52
47847158950957,13:17:27.158,162.9100,2
47895213714993,13:18:15.213,162.8700,100
47917232896701,13:18:37.232,162.8500,100
47990672977138,13:19:50.672,162.8400,100
47990674469680,13:19:50.674,162.8200,100
47999207542204,13:19:59.207,162.7700,48
48024353832512,13:20:24.353,162.6700,70
48034771760824,13:20:34.771,162.6900,1
48034771760824,13:20:34.771,162.6900,3
48043473037094,13:20:43.473,162.6700,100
48053146182576,13:20:53.146,162.7500,5
48053146238487,13:20:53.146,162.7500,5
48053146461187,13:20:53.146,162.7500,5
48053146643478,13:20:53.146,162.7500,5
48053147340117,13:20:53.147,162.7500,5
48072221114146,13:21:12.221,162.7200,100
48103594607184,13:21:43.594,162.7700,200
48103594607184,13:21:43.594,162.7700,100
48103596085602,13:21:43.596,162.8000,100
48104111874127,13:21:44.111,162.7800,100
48132787702567,13:22:12.787,162.8100,2
48144003627312,13:22:24.003,162.7200,40
48144003653436,13:22:24.003,162.7200,60
48144791716651,13:22:24.791,162.7000,100
48269366183732,13:24:29.366,162.6700,100
48269366249738,13:24:29.366,162.6700,1
48274063192992,13:24:34.063,162.7000,100
48412148317449,13:26:52.148,162.7500,100
48412148317449,13:26:52.148,162.7500,2
48459305662472,13:27:39.305,162.8600,35
48484183193643,13:28:04.183,162.8700,70
48491867496702,13:28:11.867,162.8900,32
48539893248033,13:28:59.893,162.8900,68
48539893248033,13:28:59.893,162.8900,3
48539893248033,13:28:59.893,162.8900,3
48539893439982,13:28:59.893,162.9000,100
48539893439982,13:28:59.893,162.9000,39
48539893508549,13:28:59.893,162.9000,61
48552996925950,13:29:12.996,162.9000,100
48553005968822,13:29:13.005,162.8400,43
48603567367472,13:30:03.567,162.9100,20
48625997819696,13:30:25.997,162.9200,3
48638834674924,13:30:38.834,162.9400,4
48638834702764,13:30:38.834,162.9400,96
48644076680679,13:30:44.076,162.9500,100
48644076696673,13:30:44.076,162.9600,9
48659172579748,13:30:59.172,162.9900,100
48666364041609,13:31:06.364,163.0100,27
48666364076933,13:31:06.364,163.0100,73
48666364076933,13:31:06.364,163.0100,100
48777594828200,13:32:57.594,163.0200,13
48777594828200,13:32:57.594,163.0200,3
48777595402665,13:32:57.595,163.0300,100
48779099236529,13:32:59.099,163.0600,100
48779099977757,13:32:59.099,163.0200,100
48779100452222,13:32:59.100,163.0700,100
48779100452222,13:32:59.100,163.0700,100
48779100452222,13:32:59.100,163.0700,100
48779102014934,13:32:59.102,163.0800,100
48780750907514,13:33:00.750,163.1200,100
48781917168663,13:33:01.917,163.1600,100
48782074777115,13:33:02.074,163.1100,92
48782074800689,13:33:02.074,163.1100,8
48784560236852,13:33:04.560,163.0800,100
48784560236852,13:33:04.560,163.0800,200
48784564514194,13:33:04.564,163.0600,100
48848539116407,13:34:08.539,163.0400,48
48848539116407,13:34:08.539,163.0400,100
48848539722609,13:34:08.539,163.0400,100
48848539722609,13:34:08.539,163.0300,100
48848539789968,13:34:08.539,163.0300,100
48883422053781,13:34:43.422,163.0000,100
48889934753823,13:34:49.934,162.9700,100
48889946059335,13:34:49.946,162.9600,100
48889946059335,13:34:49.946,162.9400,1
48889946059335,13:34:49.946,162.9400,100
48889946068151,13:34:49.946,162.9400,100
48890344361931,13:34:50.344,162.9200,1
48896783763116,13:34:56.783,162.9000,1
48940481924652,13:35:40.481,162.9400,4
48940481924652,13:35:40.481,162.9400,9
48940481951585,13:35:40.481,162.9400,91
48940482178400,13:35:40.482,162.9500,17
49011265031088,13:36:51.265,162.9900,100
49011265031088,13:36:51.265,162.9900,3
49011265031088,13:36:51.265,162.9900,100
49011265031088,13:36:51.265,162.9900,44
49053358669855,13:37:33.358,163.0400,100
49053370211282,13:37:33.370,163.0100,100
49122839571721,13:38:42.839,163.1000,31
49122839571721,13:38:42.839,163.1000,4
49122839571721,13:38:42.839,163.1000,54
49196594774971,13:39:56.594,163.0000,100
49196594774971,13:39:56.594,163.0000,100
49208371921132,13:40:08.371,162.8800,100
49230257794595,13:40:30.257,162.9700,100
49230257794595,13:40:30.257,162.9700,3
49230257794595,13:40:30.257,162.9700,46
49230258349296,13:40:30.258,162.9800,50
49230258376361,13:40:30.258,162.9800,50
49230258376361,13:40:30.258,162.9800,100
49276150873649,13:41:16.150,162.9000,100
49326998491341,13:42:06.998,162.8600,100
49326998491341,13:42:06.998,162.8600,100
49326999022287,13:42:06.999,162.8400,1
49329456524720,13:42:09.456,162.7800,100
49329456524720,13:42:09.456,162.7800,100
49329456524720,13:42:09.456,162.7800,100
49352544806248,13:42:32.544,162.7300,100
49381595435911,13:43:01.595,162.7100,100
49388475562788,13:43:08.475,162.7700,3
49407104901085,13:43:27.104,162.7800,41
49407104926082,13:43:27.104,162.7800,9
49455213433992,13:44:15.213,162.8000,45
49455213601301,13:44:15.213,162.8000,255
49455213601301,13:44:15.213,162.8000,100
49455278262145,13:44:15.278,162.7500,100
49458008432427,13:44:18.008,162.7400,100
49460118317010,13:44:20.118,162.7400,100
49460118426012,13:44:20.118,162.7600,10
49460118650288,13:44:20.118,162.7400,10
49501880388063,13:45:01.880,162.6800,1
49509851332543,13:45:09.851,162.6800,45
49509851739673,13:45:09.851,162.6800,54
49509852172265,13:45:09.852,162.6800,54
49509855501224,13:45:09.855,162.6800,46
49509855535184,13:45:09.855,162.6800,54
49531126639879,13:45:31.126,162.7100,100
49572866586368,13:46:12.866,162.7400,1
49585964351509,13:46:25.964,162.8000,100
49631607631622,13:47:11.607,162.7200,100
49631607631622,13:47:11.607,162.7200,100
49654288718129,13:47:34.288,162.6800,100
49705127394543,13:48:25.127,162.7200,1
49705127394543,13:48:25.127,162.7200,32
49705127395278,13:48:25.127,162.7200,38
49705127403501,13:48:25.127,162.7200,30
49709688431204,13:48:29.688,162.6900,100
49749844027599,13:49:09.844,162.6500,35
49749844040152,13:49:09.844,162.6500,30
49749844045992,13:49:09.844,162.6500,35
49762336018692,13:49:22.336,162.6500,100
49762836011776,13:49:22.836,162.6500,100
49773694819911,13:49:33.694,162.6800,100
49809568254447,13:50:09.568,162.6900,1
49809568254447,13:50:09.568,162.6900,100
49809568254447,13:50:09.568,162.6900,81
49839858273845,13:50:39.858,162.6500,3
49843330219142,13:50:43.330,162.6800,100
49853801090656,13:50:53.801,162.7000,100
49875804198043,13:51:15.804,162.7400,100
49875804198043,13:51:15.804,162.7400,1
49879601763371,13:51:19.601,162.7200,4
49879601948444,13:51:19.601,162.7200,4
49883597409149,13:51:23.597,162.7600,66
49883597435468,13:51:23.597,162.7600,34
49891595998145,13:51:31.595,162.7800,100
49943224012500,13:52:23.224,162.7300,5
49979587339808,13:52:59.587,162.7800,100
49979587339808,13:52:59.587,162.7800,2
49979587339808,13:52:59.587,162.7800,100
49999330636365,13:53:19.330,162.7800,5
49999330636365,13:53:19.330,162.7800,100
49999360734979,13:53:19.360,162.7700,100
50034450390945,13:53:54.450,162.8400,44
50034450416515,13:53:54.450,162.8400,56
50057632871486,13:54:17.632,162.8600,100
50057632871486,13:54:17.632,162.8600,3
50064671471591,13:54:24.671,162.8700,4
50073458881481,13:54:33.458,162.8700,31
50105982647387,13:55:05.982,162.8900,5
50105982647387,13:55:05.982,162.8900,200
50105983128252,13:55:05.983,162.8900,100
50112813630250,13:55:12.813,162.8900,100
50155000986469,13:55:55.000,162.8800,40
50155102941276,13:55:55.102,162.8700,100
50162930800575,13:56:02.930,162.9300,150
50162930809531,13:56:02.930,162.9300,50
50162930809531,13:56:02.930,162.9400,11
50162931174771,13:56:02.931,162.9500,100
50166946569048,13:56:06.946,162.9300,100
50166946598442,13:56:06.946,162.9300,4
50207597839759,13:56:47.597,162.9900,100
50218597223865,13:56:58.597,163.0700,100
50221050939973,13:57:01.050,163.0800,31
50221050979050,13:57:01.050,163.0800,69
50221050979050,13:57:01.050,163.0800,21
50221051380620,13:57:01.051,163.0800,10
50245874934881,13:57:25.874,163.1000,5
50253201351226,13:57:33.201,163.1300,100
50253201351226,13:57:33.201,163.1300,22
50253201351226,13:57:33.201,163.1300,9
50253209489529,13:57:33.209,163.1300,25
50255854552761,13:57:35.854,163.0900,100
50256348248709,13:57:36.348,163.1000,100
50306166137321,13:58:26.166,163.1300,4
50307657006859,13:58:27.657,163.1700,56
50330782399631,13:58:50.782,163.0900,69
50330782429611,13:58:50.782,163.0900,31
50330782429611,13:58:50.782,163.0900,100
50330801036458,13:58:50.801,163.0700,100
50330802494560,13:58:50.802,163.0600,60
50330804501160,13:58:50.804,163.0600,7
50330807252949,13:58:50.807,163.0600,33
50331692140890,13:58:51.692,163.0400,100
50340181712742,13:59:00.181,163.0400,1
50363818002696,13:59:23.818,163.0600,100
50363818002696,13:59:23.818,163.0600,100
50363818002696,13:59:23.818,163.0600,5
50363819389917,13:59:23.819,163.0800,9
50363819601689,13:59:23.819,163.0800,5
50363820216292,13:59:23.820,163.0800,86
50363824797612,13:59:23.824,163.0600,50
50363824798284,13:59:23.824,163.0600,44
50363824837503,13:59:23.824,163.0600,6
50363824896299,13:59:23.824,163.0600,4
50363828469570,13:59:23.828,163.0400,100
50366977308877,13:59:26.977,163.0600,5
50375209650540,13:59:35.209,163.0800,100
50393325572338,13:59:53.325,163.0900,100
50401290272632,14:00:01.290,163.1100,38
50401290314101,14:00:01.290,163.1100,62
50401291165218,14:00:01.291,163.1500,100
50402597035961,14:00:02.597,163.1600,100
50402597035961,14:00:02.597,163.1600,100
50402690166374,14:00:02.690,163.1000,5
50402690166374,14:00:02.690,163.1000,45
50402709497305,14:00:02.709,163.1800,100
50402709804009,14:00:02.709,163.2100,100
50402722221037,14:00:02.722,163.1800,100
50402723846187,14:00:02.723,163.1000,100
50402729267606,14:00:02.729,163.1800,12
50402736112621,14:00:02.736,163.1200,100
50402736112621,14:00:02.736,163.1000,155
50402736112621,14:00:02.736,163.1000,45
50402759142294,14:00:02.759,163.1700,87
50403149911071,14:00:03.149,163.2200,100
50403198402607,14:00:03.198,163.2200,42
50403198445016,14:00:03.198,163.2200,58
50403354188008,14:00:03.354,163.2100,5
50404016028798,14:00:04.016,163.1900,100
50404016154260,14:00:04.016,163.1900,29
50404016187509,14:00:04.016,163.1900,42
50404016242171,14:00:04.016,163.1900,29
50404016354255,14:00:04.016,163.1800,16
50404139257958,14:00:04.139,163.2100,61
50404139339780,14:00:04.139,163.2100,100
50404597665985,14:00:04.597,163.2300,100
50404597936103,14:00:04.597,163.2300,100
50405719150160,14:00:05.719,163.3300,100
50405719404369,14:00:05.719,163.3300,100
50409444123736,14:00:09.444,163.6800,100
50409444123736,14:00:09.444,163.6800,100
50409445130320,14:00:09.445,163.6800,74
50410146307271,14:00:10.146,163.6800,26
50410146307271,14:00:10.146,163.6800,74
50410146779167,14:00:10.146,163.6800,26
50410146845127,14:00:10.146,163.6700,100
50410146845127,14:00:10.146,163.6700,24
50410146859927,14:00:10.146,163.6700,50
50410147226523,14:00:10.147,163.6700,26
50410147226523,14:00:10.147,163.6600,74
50412504669637,14:00:12.504,164.0500,100
50412504669637,14:00:12.504,164.1200,100
50412504669637,14:00:12.504,164.2000,20
50413055669458,14:00:13.055,164.1300,10
50413066821002,14:00:13.066,164.2000,200
50415240491195,14:00:15.240,164.1800,29
50415240507812,14:00:15.240,164.1800,31
50415243026094,14:00:15.243,164.1400,11
50415243064090,14:00:15.243,164.1400,89
50415243314819,14:00:15.243,164.1300,100
50415243314819,14:00:15.243,164.1300,54
50415243465457,14:00:15.243,164.1300,134
50415243502736,14:00:15.243,164.1300,37
50415243507641,14:00:15.243,164.1300,75
50416835482717,14:00:16.835,164.1000,60
50417604006504,14:00:17.604,164.0400,100
50423307051131,14:00:23.307,164.0400,100
50423340182604,14:00:23.340,163.9400,100
50423340974511,14:00:23.340,163.8400,100
50423345893221,14:00:23.345,163.9000,100
50423345893221,14:00:23.345,163.9400,100
50423346151321,14:00:23.346,163.9400,100
50431248726842,14:00:31.248,163.8500,100
50442130096426,14:00:42.130,163.9900,100
50446480158836,14:00:46.480,163.8400,9
50446480168380,14:00:46.480,163.8400,28
50446480175055,14:00:46.480,163.8400,41
50446507856622,14:00:46.507,163.8400,57
50446507856622,14:00:46.507,163.8200,57
50446507890389,14:00:46.507,163.8200,41
50446509131356,14:00:46.509,163.8200,2
50447417084010,14:00:47.417,163.7400,50
50447417469941,14:00:47.417,163.7400,50
50447418001355,14:00:47.418,163.7400,100
50448162696426,14:00:48.162,163.6900,100
50448410764572,14:00:48.410,163.6800,37
50448412955832,14:00:48.412,163.6800,63
50448855516081,14:00:48.855,163.7700,100
50451057871605,14:00:51.057,163.8900,100
50466766100327,14:01:06.766,163.9500,100
50474628133281,14:01:14.628,163.9900,3
50474628141785,14:01:14.628,163.9900,97
50535685374336,14:02:15.685,163.7200,5
50535685387393,14:02:15.685,163.7100,143
50535685398786,14:02:15.685,163.7100,4
50536348715620,14:02:16.348,163.7200,100
50540965435865,14:02:20.965,163.6400,100
50566402102057,14:02:46.402,163.7700,50
50566402107797,14:02:46.402,163.7700,50
50566402107797,14:02:46.402,163.7800,6
50566402107797,14:02:46.402,163.7800,44
50566402117667,14:02:46.402,163.7800,56
50566402117667,14:02:46.402,163.7800,60
50566402122356,14:02:46.402,163.7800,6
50566402122848,14:02:46.402,163.7800,34
50598844177349,14:03:18.844,163.9300,100
50608040699604,14:03:28.040,164.1900,61
50611934930323,14:03:31.934,164.2200,100
50615081360308,14:03:35.081,164.2300,100
50648865682980,14:04:08.865,164.2700,44
50648865685433,14:04:08.865,164.2700,31
50648866546704,14:04:08.866,164.3300,6
50648866546704,14:04:08.866,164.3300,3
50649226725206,14:04:09.226,164.3800,100
50649226725206,14:04:09.226,164.3900,100
50670908441483,14:04:30.908,164.5500,3
50670908687480,14:04:30.908,164.5500,3
50670908691810,14:04:30.908,164.5500,3
50670908753095,14:04:30.908,164.5500,12
50670910154515,14:04:30.910,164.5500,100
50670913198675,14:04:30.913,164.5000,100
50703963544824,14:05:03.963,164.6500,59
50703963550995,14:05:03.963,164.6500,41
50703963550995,14:05:03.963,164.6500,8
50703963553980,14:05:03.963,164.6500,33
50703963553980,14:05:03.963,164.6500,8
50703963557459,14:05:03.963,164.6500,81
50703963580722,14:05:03.963,164.6500,2
50703963739278,14:05:03.963,164.6500,9
50703964605487,14:05:03.964,164.6500,9
50703964605487,14:05:03.964,164.6500,44
50703965917411,14:05:03.965,164.6500,100
50710953461232,14:05:10.953,164.7400,19
50760063646847,14:06:00.063,164.7000,70
50760063646847,14:06:00.063,164.6900,31
50760063688451,14:06:00.063,164.6900,101
50760063697590,14:06:00.063,164.6900,68
50760063697590,14:06:00.063,164.6900,33
50760063701040,14:06:00.063,164.6900,25
50760063891687,14:06:00.063,164.6900,42
50760063891687,14:06:00.063,164.6800,1
50760063891687,14:06:00.063,164.6800,26
50760063919217,14:06:00.063,164.6800,74
50760064504789,14:06:00.064,164.6800,1
50824285138814,14:07:04.285,164.6900,6
50824285138814,14:07:04.285,164.6900,77
50824285153794,14:07:04.285,164.6900,61
50824285154470,14:07:04.285,164.6900,100
50824285176284,14:07:04.285,164.6900,40
50824285187178,14:07:04.285,164.6900,22
50824285187178,14:07:04.285,164.6900,100
50824285188018,14:07:04.285,164.6900,100
50824285195573,14:07:04.285,164.7100,76
50824286127561,14:07:04.286,164.7100,24
50824286218378,14:07:04.286,164.7200,2
50825419122873,14:07:05.419,164.7200,98
50825419122873,14:07:05.419,164.7200,100
50825419122873,14:07:05.419,164.7200,6
50825420203898,14:07:05.420,164.7200,1
50826595740432,14:07:06.595,164.6200,13
50826595766813,14:07:06.595,164.6200,87
50826595766813,14:07:06.595,164.6200,100
50862969597212,14:07:42.969,164.5400,1
50862974783029,14:07:42.974,164.5200,100
50862975534292,14:07:42.975,164.5100,100
50874542010691,14:07:54.542,164.4700,161
50874544886613,14:07:54.544,164.4300,10
50874544886613,14:07:54.544,164.4300,100
50878928813295,14:07:58.928,164.3800,100
50882575277550,14:08:02.575,164.4500,100
50882575340212,14:08:02.575,164.4600,100
50918368676817,14:08:38.368,164.5600,1
50918368676817,14:08:38.368,164.5600,41
50918369160126,14:08:38.369,164.5600,41
50918369205849,14:08:38.369,164.5600,15
50918369205849,14:08:38.369,164.5600,26
50918369240685,14:08:38.369,164.5600,74
50918369716248,14:08:38.369,164.5700,5
50919610228956,14:08:39.610,164.5600,30
50926091889434,14:08:46.091,164.4700,63
50926091990364,14:08:46.091,164.4700,37
50926091990364,14:08:46.091,164.4600,64
50926092019216,14:08:46.092,164.4600,36
50926092019216,14:08:46.092,164.4600,1
50943897704798,14:09:03.897,164.6500,11
50943897830502,14:09:03.897,164.6500,11
50955718398061,14:09:15.718,164.5700,1
50955718414086,14:09:15.718,164.5700,1
50977861364591,14:09:37.861,164.5400,100
50977861364591,14:09:37.861,164.5400,100
50977863916084,14:09:37.863,164.5400,100
50977867417911,14:09:37.867,164.5400,100
50978025465423,14:09:38.025,164.5400,24
50979029807063,14:09:39.029,164.5200,100
50979099028429,14:09:39.099,164.5600,100
50998063166761,14:09:58.063,164.4700,145
51005356818045,14:10:05.356,164.5200,3
51028738129215,14:10:28.738,164.4300,1
51028749727540,14:10:28.749,164.4200,12
51028749727540,14:10:28.749,164.4200,80
51028749727540,14:10:28.749,164.4200,100
51059120449776,14:10:59.120,164.5000,100
51059120449776,14:10:59.120,164.5000,12
51059120582609,14:10:59.120,164.5000,88
51059120582609,14:10:59.120,164.5000,100
51059120582609,14:10:59.120,164.5000,100
51059120617688,14:10:59.120,164.5000,100
51063960452823,14:11:03.960,164.5800,30
51068026437365,14:11:08.026,164.6900,100
51068026437365,14:11:08.026,164.6900,100
51093074213552,14:11:33.074,164.6800,100
51093074213552,14:11:33.074,164.6700,1
51093074242123,14:11:33.074,164.6700,99
51093074242123,14:11:33.074,164.6700,1
51130209960311,14:12:10.209,164.6200,1
51137983895693,14:12:17.983,164.5800,100
51137983895693,14:12:17.983,164.5800,100
51137983895693,14:12:17.983,164.5800,23
51137983925045,14:12:17.983,164.5800,77
51140009627267,14:12:20.009,164.5700,100
51140009714804,14:12:20.009,164.5700,100
51140009968244,14:12:20.009,164.5700,93
51140009993905,14:12:20.009,164.5700,7
51140010013480,14:12:20.010,164.5700,100
51152275495115,14:12:32.275,164.6800,100
51152275495115,14:12:32.275,164.6800,100
51152275495115,14:12:32.275,164.6800,100
51152275520071,14:12:32.275,164.6800,100
51169671005620,14:12:49.671,164.7100,3
51176967678676,14:12:56.967,164.7500,100
51206049980194,14:13:26.049,164.6800,100
51206049980194,14:13:26.049,164.6700,1
51206050008376,14:13:26.050,164.6700,99
51206050008376,14:13:26.050,164.6700,1
51206054590074,14:13:26.054,164.6700,100
51206054590074,14:13:26.054,164.6600,100
51206054615808,14:13:26.054,164.6600,100
51212731732899,14:13:32.731,164.6100,100
51213549847096,14:13:33.549,164.6400,53
51213549867622,14:13:33.549,164.6400,47
51242013461596,14:14:02.013,164.6800,100
51242013543513,14:14:02.013,164.6800,100
51242013581562,14:14:02.013,164.6800,100
51242013689602,14:14:02.013,164.6800,100
51242116512328,14:14:02.116,164.6800,100
51242116512328,14:14:02.116,164.6800,31
51242116512328,14:14:02.116,164.6800,100
51243028048449,14:14:03.028,164.6900,1
51243028048449,14:14:03.028,164.6900,2
51243170296749,14:14:03.170,164.7100,50
51243625447105,14:14:03.625,164.7100,50
51258560826632,14:14:18.560,164.7400,3
51258560826632,14:14:18.560,164.7400,4
51300232337288,14:15:00.232,164.5500,5
51300250724497,14:15:00.250,164.5500,95
51300250724497,14:15:00.250,164.5500,5
51300250785686,14:15:00.250,164.5500,95
51300250785686,14:15:00.250,164.5500,100
51300287783973,14:15:00.287,164.5500,100
51305564821277,14:15:05.564,164.5900,100
51305564821277,14:15:05.564,164.5900,7
51305564946467,14:15:05.564,164.5900,8
51305564946467,14:15:05.564,164.5900,100
51305565413672,14:15:05.565,164.5900,100
51305577587588,14:15:05.577,164.6100,9
51305776284919,14:15:05.776,164.6400,100
51330553977255,14:15:30.553,164.5400,9
51330554843467,14:15:30.554,164.5500,100
51330555408237,14:15:30.555,164.5500,1
51348188394982,14:15:48.188,164.5300,50
51348188524040,14:15:48.188,164.5300,50
51348188524843,14:15:48.188,164.5300,50
51348188716559,14:15:48.188,164.5300,100
51348189882564,14:15:48.189,164.5300,100
51382568377124,14:16:22.568,164.6400,3
51385483102439,14:16:25.483,164.6800,100
51391518117497,14:16:31.518,164.6900,50
51400192468283,14:16:40.192,164.7600,97
51400195139831,14:16:40.195,164.7600,3
51405815218895,14:16:45.815,164.7400,1
51405817615741,14:16:45.817,164.7300,50
51405817647681,14:16:45.817,164.7300,50
51405818143422,14:16:45.818,164.7300,1
51407797461949,14:16:47.797,164.7100,100
51408032730185,14:16:48.032,164.6900,100
51420537273204,14:17:00.537,164.6300,100
51420537298625,14:17:00.537,164.6300,100
51429647539417,14:17:09.647,164.6900,100
51429647940943,14:17:09.647,164.6900,200
51429648971003,14:17:09.648,164.7000,100
51488014667107,14:18:08.014,164.6800,100
51491010490438,14:18:11.010,164.6800,2
51496251916972,14:18:16.251,164.6400,100
51499466008633,14:18:19.466,164.7100,47
51529261440388,14:18:49.261,164.6800,100
51534454406945,14:18:54.454,164.6900,118
51534454450237,14:18:54.454,164.6900,50
51534454450890,14:18:54.454,164.6900,32
51534454450890,14:18:54.454,164.6900,3
51534454450890,14:18:54.454,164.6900,15
51534454596393,14:18:54.454,164.6900,42
51534454714660,14:18:54.454,164.6900,43
51543031910748,14:19:03.031,164.7300,100
51543031910748,14:19:03.031,164.7300,100
51577707526459,14:19:37.707,164.8400,1
51577710318274,14:19:37.710,164.8400,99
51577710318274,14:19:37.710,164.8400,300
51629314694798,14:20:29.314,164.8800,8
51629314694798,14:20:29.314,164.8800,92
51629314766391,14:20:29.314,164.8800,8
51629314766391,14:20:29.314,164.8800,100
51629314766391,14:20:29.314,164.8800,100
51629315417701,14:20:29.315,164.8700,100
51629315417701,14:20:29.315,164.8700,2
51629315907013,14:20:29.315,164.8600,100
51629326875820,14:20:29.326,164.8600,39
51633827956065,14:20:33.827,164.8500,30
51633827965888,14:20:33.827,164.8500,70
51633850207335,14:20:33.850,164.8400,100
51635664809850,14:20:35.664,164.8300,42
51635664851083,14:20:35.664,164.8300,58
51635664851083,14:20:35.664,164.8300,42
51635664931290,14:20:35.664,164.8300,43
51635666257222,14:20:35.666,164.8300,15
51635667574787,14:20:35.667,164.8300,100
51635669274955,14:20:35.669,164.8300,15
51635672636002,14:20:35.672,164.8300,85
51636246474645,14:20:36.246,164.8800,13
51636246507444,14:20:36.246,164.8800,19
51636246507444,14:20:36.246,164.8800,81
51636246689874,14:20:36.246,164.8800,8
51636246888884,14:20:36.246,164.8800,7
51636246921502,14:20:36.246,164.8800,4
51646412347361,14:20:46.412,164.9300,66
51646412368594,14:20:46.412,164.9300,34
51646412377772,14:20:46.412,164.9300,34
51653988131596,14:20:53.988,164.9700,3
51653994028853,14:20:53.994,165.0000,100
51654004121339,14:20:54.004,165.0200,59
51654293681801,14:20:54.293,165.0700,100
51654293681801,14:20:54.293,165.0700,41
51654293696798,14:20:54.293,165.0700,43
51654293711679,14:20:54.293,165.0700,16
51654294678730,14:20:54.294,165.0800,100
51654296229363,14:20:54.296,165.0300,10
51654400509529,14:20:54.400,165.0800,1
51654400509529,14:20:54.400,165.0800,10
51683665164966,14:21:23.665,165.1000,100
51694274634321,14:21:34.274,165.0900,1
51715214778928,14:21:55.214,165.2000,40
51715214780439,14:21:55.214,165.2000,16
51715214903238,14:21:55.214,165.2000,44
51715214903238,14:21:55.214,165.2000,56
51715215033718,14:21:55.215,165.2000,43
51715215057118,14:21:55.215,165.2000,1
51715215057118,14:21:55.215,165.2000,40
51715215069467,14:21:55.215,165.2000,50
51715215272188,14:21:55.215,165.2000,10
51715218080875,14:21:55.218,165.2000,1
51718193583906,14:21:58.193,165.2600,5
51718193732950,14:21:58.193,165.2600,5
51718194190855,14:21:58.194,165.2600,5
51718194404446,14:21:58.194,165.2600,5
51718194543306,14:21:58.194,165.2600,5
51718194595310,14:21:58.194,165.2600,5
51718194664476,14:21:58.194,165.2600,5
51722498686552,14:22:02.498,165.2600,5
51722498874114,14:22:02.498,165.2600,5
51722499104761,14:22:02.499,165.2600,5
51726080487190,14:22:06.080,165.2600,5
51759076233927,14:22:39.076,165.2700,100
51759076233927,14:22:39.076,165.2800,11
51759079326341,14:22:39.079,165.2800,100
51759082711116,14:22:39.082,165.2900,100
51759082711116,14:22:39.082,165.2900,100
51759085765351,14:22:39.085,165.2900,50
51759087663195,14:22:39.087,165.2900,50
51759087702650,14:22:39.087,165.2900,100
51760281898485,14:22:40.281,165.3200,3
51803797797007,14:23:23.797,165.3600,100
51853492389729,14:24:13.492,165.3600,2
51853495214482,14:24:13.495,165.3400,22
51853495537829,14:24:13.495,165.3400,22
51857293408034,14:24:17.293,165.3300,22
51857295096771,14:24:17.295,165.3200,100
51857295122349,14:24:17.295,165.3200,19
51864126104008,14:24:24.126,165.2700,100
51864127529197,14:24:24.127,165.2600,200
51864141216006,14:24:24.141,165.2400,100
51866357250162,14:24:26.357,165.3000,100
51907029582264,14:25:07.029,165.2500,3
51907029582264,14:25:07.029,165.2500,77
51907029609926,14:25:07.029,165.2500,23
51907029609926,14:25:07.029,165.2500,80
51907029663646,14:25:07.029,165.2500,100
51907030022537,14:25:07.030,165.2500,65
51907030033569,14:25:07.030,165.2500,17
51907030326805,14:25:07.030,165.2500,18
51907030326805,14:25:07.030,165.2500,82
51907030497725,14:25:07.030,165.2500,18
51907030497725,14:25:07.030,165.2500,17
51907068530156,14:25:07.068,165.2500,3
51916565678254,14:25:16.565,165.2500,7
51936197921790,14:25:36.197,165.1900,12
51936199438638,14:25:36.199,165.1500,57
51936199652917,14:25:36.199,165.1500,15
51971499966825,14:26:11.499,165.1500,28
51971500826382,14:26:11.500,165.1300,100
51984468474156,14:26:24.468,165.0900,100
51991268375363,14:26:31.268,165.0900,100
51991281465885,14:26:31.281,165.0800,17
51995413272585,14:26:35.413,165.0800,83
52053170085793,14:27:33.170,164.9300,100
52064193118733,14:27:44.193,164.8500,100
52070228875176,14:27:50.228,164.8000,100
52070228985513,14:27:50.228,164.8000,100
52195674744665,14:29:55.674,164.8700,100
52195675189203,14:29:55.675,164.8700,20
52195675189797,14:29:55.675,164.8700,20
52195675216338,14:29:55.675,164.8700,10
52195675218468,14:29:55.675,164.8700,50
52195675218468,14:29:55.675,164.8700,10
52195675222431,14:29:55.675,164.8700,60
52195675253963,14:29:55.675,164.8700,30
52195677348482,14:29:55.677,164.8800,20
52195677874197,14:29:55.677,164.8500,10
52195678202255,14:29:55.678,164.8800,10
52195678564844,14:29:55.678,164.8800,1
52195678564844,14:29:55.678,164.8800,1
52195678564844,14:29:55.678,164.8800,8
52195678590801,14:29:55.678,164.8800,2
52195678590801,14:29:55.678,164.8800,1
52196108496381,14:29:56.108,164.8900,100
52196108547175,14:29:56.108,164.8900,2
52200923731611,14:30:00.923,164.9000,50
52200923764812,14:30:00.923,164.9000,50
52200923764812,14:30:00.923,164.9000,100
52201456559676,14:30:01.456,164.9300,100
52203247725214,14:30:03.247,164.8600,100
52203247725214,14:30:03.247,164.8600,100
52203251185211,14:30:03.251,164.8300,90
52203251229849,14:30:03.251,164.8300,10
52204773273107,14:30:04.773,164.7700,100
52204775926320,14:30:04.775,164.7600,33
52204775988950,14:30:04.775,164.7600,20
52204777122131,14:30:04.777,164.7600,47
52204777122131,14:30:04.777,164.7600,53
52204777674466,14:30:04.777,164.7600,47
52299337020622,14:31:39.337,164.9000,100
52305981021686,14:31:45.981,164.9050,100
52309360026756,14:31:49.360,164.9050,100
52310313027452,14:31:50.313,164.9000,100
52310709911507,14:31:50.709,164.9000,10
52310709998021,14:31:50.709,164.8700,10
52310710098530,14:31:50.710,164.9000,10
52310710392140,14:31:50.710,164.9500,100
52310713281187,14:31:50.713,164.8700,10
52311812190039,14:31:51.812,164.8400,2
52348557188145,14:32:28.557,164.9400,100
52348557210284,14:32:28.557,164.9500,3
52348557210284,14:32:28.557,164.9500,46
52348557238892,14:32:28.557,164.9500,54
52348557577168,14:32:28.557,164.9600,100
52348559349392,14:32:28.559,164.9600,100
52396224033784,14:33:16.224,164.9150,100
52396757031595,14:33:16.757,164.9150,100
52397257030560,14:33:17.257,164.9150,100
52399441790276,14:33:19.441,164.9800,35
52421356195632,14:33:41.356,164.9800,100
52421356195632,14:33:41.356,164.9800,200
52421356195632,14:33:41.356,164.9800,100
52421356493010,14:33:41.356,164.9900,100
52423092841708,14:33:43.092,164.9700,10
52423092867731,14:33:43.092,164.9700,90
52429281140458,14:33:49.281,165.0800,5
52429281249691,14:33:49.281,165.0800,57
52429281371371,14:33:49.281,165.0800,5
52429281658668,14:33:49.281,165.0800,5
52429281996656,14:33:49.281,165.0800,5
52429283112874,14:33:49.283,165.0800,5
52429283218092,14:33:49.283,165.0800,5
52429283261088,14:33:49.283,165.0800,5
52429283423277,14:33:49.283,165.0800,5
52429283536397,14:33:49.283,165.0800,3
52429283536397,14:33:49.283,165.0800,2
52429805269123,14:33:49.805,165.0800,5
52429805379209,14:33:49.805,165.0800,5
52430290696005,14:33:50.290,165.0800,88
52438158311275,14:33:58.158,165.1400,100
52445108958559,14:34:05.108,165.1900,3
52445108958559,14:34:05.108,165.1900,32
52445108958559,14:34:05.108,165.1900,3
52450158058830,14:34:10.158,165.2400,8
52450158058830,14:34:10.158,165.2400,92
52450158088296,14:34:10.158,165.2400,8
52450158088296,14:34:10.158,165.2400,100
52450158088296,14:34:10.158,165.2400,2
52467907298017,14:34:27.907,165.2400,28
52496877032108,14:34:56.877,165.3000,39
52496877352590,14:34:56.877,165.3000,39
52496877450151,14:34:56.877,165.3000,22
52500192401453,14:35:00.192,165.2700,100
52500192471551,14:35:00.192,165.2700,100
52518221430532,14:35:18.221,165.2700,100
52518221430532,14:35:18.221,165.2700,100
52518229645917,14:35:18.229,165.2500,100
52537701891657,14:35:37.701,165.2300,100
52538022219187,14:35:38.022,165.2200,38
52538022304169,14:35:38.022,165.2200,62
52538025745279,14:35:38.025,165.1900,100
52538040178839,14:35:38.040,165.1900,100
52538040202762,14:35:38.040,165.1900,100
52538040241022,14:35:38.040,165.1900,100
52540005946671,14:35:40.005,165.1900,100
52540005970063,14:35:40.005,165.1900,100
52544033284184,14:35:44.033,165.1900,100
52544062128836,14:35:44.062,165.1600,100
52544761807399,14:35:44.761,165.1600,1
52564297041488,14:36:04.297,165.1200,100
52576085379229,14:36:16.085,165.0500,100
52576085438524,14:36:16.085,165.0500,100
52576085449715,14:36:16.085,165.0500,100
52578276779770,14:36:18.276,165.1100,78
52578276789509,14:36:18.276,165.1100,22
52578276789509,14:36:18.276,165.1100,54
52578276962663,14:36:18.276,165.1100,46
52578276962663,14:36:18.276,165.1100,100
52578276962663,14:36:18.276,165.1100,3
52629939468303,14:37:09.939,164.9900,100
52629939483590,14:37:09.939,164.9900,100
52629940204218,14:37:09.940,165.0400,100
52629940515986,14:37:09.940,165.0100,10
52629940628024,14:37:09.940,165.0400,10
52629987018302,14:37:09.987,165.0300,10
52638850559710,14:37:18.850,165.0600,100
52638850583330,14:37:18.850,165.0700,100
52643509928767,14:37:23.509,165.1300,100
52657739621016,14:37:37.739,165.2300,37
52689932880927,14:38:09.932,165.3100,8
52689933336957,14:38:09.933,165.3300,3
52701367189138,14:38:21.367,165.3100,45
52710339561401,14:38:30.339,165.2100,39
52710339631753,14:38:30.339,165.2100,61
52720015890095,14:38:40.015,165.2800,50
52720016271864,14:38:40.016,165.2800,50
52720029311859,14:38:40.029,165.3400,100
52720440184537,14:38:40.440,165.3000,61
52720742230355,14:38:40.742,165.3800,100
52727541561472,14:38:47.541,165.4100,100
52755505634034,14:39:15.505,165.4000,76
52755505769086,14:39:15.505,165.4000,24
52755517456521,14:39:15.517,165.3900,100
52755517456521,14:39:15.517,165.3800,42
52755518638499,14:39:15.518,165.3800,100
52763137592305,14:39:23.137,165.3100,100
52763138162595,14:39:23.138,165.3100,31
52864476302508,14:41:04.476,165.2300,100
52864649253520,14:41:04.649,165.2200,100
52864649253520,14:41:04.649,165.2200,100
52864649669456,14:41:04.649,165.2100,100
52875886960561,14:41:15.886,165.2100,100
52875889919822,14:41:15.889,165.1700,100
52875889949024,14:41:15.889,165.1700,56
52875912996525,14:41:15.912,165.1600,100
52890298967953,14:41:30.298,165.0400,1
52890449816787,14:41:30.449,165.0200,1
52890553408149,14:41:30.553,165.0100,1
52892284138790,14:41:32.284,165.0700,50
52892284165293,14:41:32.284,165.0700,50
52892284197610,14:41:32.284,165.0700,50
52892292259035,14:41:32.292,165.0700,100
52896912612836,14:41:36.912,165.0800,100
52896912642081,14:41:36.912,165.0800,2
52896912642081,14:41:36.912,165.0800,100
52897179641505,14:41:37.179,165.1000,2
52897179641505,14:41:37.179,165.1000,5
52911714273450,14:41:51.714,165.1300,100
52913837512380,14:41:53.837,165.1900,100
52913837512380,14:41:53.837,165.1900,100
52939582948768,14:42:19.582,165.2200,4
52944153453572,14:42:24.153,165.1600,100
52956084471070,14:42:36.084,165.1500,100
52956084471070,14:42:36.084,165.1500,100
52960038816545,14:42:40.038,165.0900,50
52963997211299,14:42:43.997,165.1400,4
52995040080770,14:43:15.040,165.0700,100
52995041952567,14:43:15.041,165.0600,100
52995064074743,14:43:15.064,165.0300,48
52995064177257,14:43:15.064,165.0100,100
52995067328908,14:43:15.067,165.0100,100
53016346942512,14:43:36.346,165.1200,100
53016346991357,14:43:36.346,165.1200,225
53016347037163,14:43:36.347,165.1200,75
53060951047455,14:44:20.951,165.2000,3
53067261200387,14:44:27.261,165.2300,100
53090255023965,14:44:50.255,165.2700,90
53090255036478,14:44:50.255,165.2700,10
53090255036478,14:44:50.255,165.2700,18
53090255049177,14:44:50.255,165.2700,82
53090255049177,14:44:50.255,165.2700,100
53115870692239,14:45:15.870,165.2900,62
53115870724025,14:45:15.870,165.2900,38
53115875237367,14:45:15.875,165.2800,100
53115875237367,14:45:15.875,165.2800,80
53189256094454,14:46:29.256,165.4000,66
53189256639819,14:46:29.256,165.4000,34
53189256639819,14:46:29.256,165.4000,43
53189261044442,14:46:29.261,165.4100,100
53189261044442,14:46:29.261,165.4100,100
53189290184641,14:46:29.290,165.4100,100
53189290268766,14:46:29.290,165.4100,100
53190075054841,14:46:30.075,165.4000,5
53215839405726,14:46:55.839,165.4700,17
53240380408169,14:47:20.380,165.4900,31
53240380408169,14:47:20.380,165.4900,69
53240392134411,14:47:20.392,165.4900,200
53243924035558,14:47:23.924,165.4200,100
53243924035558,14:47:23.924,165.4200,100
53243924066036,14:47:23.924,165.4200,100
53243924095499,14:47:23.924,165.4200,100
53243924117577,14:47:23.924,165.4200,100
53244736903909,14:47:24.736,165.3900,50
53244736928050,14:47:24.736,165.3900,50
53244736928050,14:47:24.736,165.3900,26
53244736929849,14:47:24.736,165.3900,74
53244736929849,14:47:24.736,165.3900,76
53244736931835,14:47:24.736,165.3900,24
53244738144455,14:47:24.738,165.3600,100
53244738144455,14:47:24.738,165.3600,100
53244738150753,14:47:24.738,165.3600,100
53245955666878,14:47:25.955,165.3500,1
53252539355618,14:47:32.539,165.3100,1
53295218802164,14:48:15.218,165.2700,1
53295218802164,14:48:15.218,165.2700,100
53298345523616,14:48:18.345,165.1500,1
53300008043918,14:48:20.008,165.1200,100
53300153943067,14:48:20.153,165.1100,1
53300153943067,14:48:20.153,165.0900,54
53309396606816,14:48:29.396,165.1600,3
53309396606816,14:48:29.396,165.1600,73
53309396617790,14:48:29.396,165.1600,17
53309396633846,14:48:29.396,165.1600,2
53309396636576,14:48:29.396,165.1600,8
53309397726462,14:48:29.397,165.1800,100
53309397751842,14:48:29.397,165.1800,97
53319272565468,14:48:39.272,165.2500,100
53319272565468,14:48:39.272,165.2600,100
53319272565468,14:48:39.272,165.2600,100
53319272565468,14:48:39.272,165.2600,100
53325864394262,14:48:45.864,165.2800,100
53329370799030,14:48:49.370,165.2600,29
53329370799030,14:48:49.370,165.2600,71
53341798781817,14:49:01.798,165.3000,100
53341798926969,14:49:01.798,165.3000,100
53341800532175,14:49:01.800,165.3000,10
53395157094381,14:49:55.157,165.3900,100
53398157683589,14:49:58.157,165.4000,100
53398157728294,14:49:58.157,165.4000,100
53401161409798,14:50:01.161,165.4500,100
53404159736356,14:50:04.159,165.4800,100
53414315946495,14:50:14.315,165.4900,10
53427128617743,14:50:27.128,165.4000,3
53430057577953,14:50:30.057,165.4000,100
53441740105904,14:50:41.740,165.3800,31
53442245906437,14:50:42.245,165.3700,2
53442245906437,14:50:42.245,165.3700,98
53446762226681,14:50:46.762,165.3800,2
53446762791001,14:50:46.762,165.3700,2
53449266529304,14:50:49.266,165.3400,100
53453050666862,14:50:53.050,165.3400,100
53465002387176,14:51:05.002,165.3000,1
53465002387176,14:51:05.002,165.3000,48
53465002402505,14:51:05.002,165.2800,1
53465002454674,14:51:05.002,165.2500,86
53465002532198,14:51:05.002,165.2500,14
53465002752975,14:51:05.002,165.2300,2
53465972907129,14:51:05.972,165.2100,1
53467798456506,14:51:07.798,165.1600,34
53471854043758,14:51:11.854,165.1400,100
53478049467938,14:51:18.049,165.1300,100
53478459866987,14:51:18.459,165.1100,1
53489638309714,14:51:29.638,165.0900,1
53489638309714,14:51:29.638,165.0700,89
53489638545052,14:51:29.638,165.0700,11
53489639002658,14:51:29.639,165.0700,2
53495214612104,14:51:35.214,165.0600,1
53495214612104,14:51:35.214,165.0300,99
53496913827381,14:51:36.913,165.0900,100
53496913827381,14:51:36.913,165.0900,2
53496913984878,14:51:36.913,165.1000,100
53496913990444,14:51:36.913,165.1000,77
53497050740337,14:51:37.050,165.1000,23
53511096128834,14:51:51.096,165.1600,35
53511096129250,14:51:51.096,165.1600,2
53511096970429,14:51:51.096,165.1600,15
53511097499581,14:51:51.097,165.1600,48
53525708391490,14:52:05.708,165.2600,3
53530966550901,14:52:10.966,165.3100,100
53530966550901,14:52:10.966,165.3100,100
53530967120152,14:52:10.967,165.3200,100
53555487319770,14:52:35.487,165.5300,100
53555487356972,14:52:35.487,165.5300,100
53596001399393,14:53:16.001,165.6600,2
53596001399393,14:53:16.001,165.6700,22
53596001414087,14:53:16.001,165.6700,25
53596001415541,14:53:16.001,165.6700,53
53596001415541,14:53:16.001,165.6700,21
53596001448758,14:53:16.001,165.6700,31
53596001642006,14:53:16.001,165.6700,50
53596001785660,14:53:16.001,165.6700,98
53597530110043,14:53:17.530,165.6300,100
53597530588428,14:53:17.530,165.6300,10
53625613245095,14:53:45.613,165.7500,100
53625614893274,14:53:45.614,165.7600,100
53638489216572,14:53:58.489,165.7900,100
53638489216572,14:53:58.489,165.7900,10
53653057751007,14:54:13.057,165.8400,2
53653058740089,14:54:13.058,165.8500,3
53653061475792,14:54:13.061,165.8500,5
53653062031502,14:54:13.062,165.8500,5
53671823036579,14:54:31.823,165.8100,32
53671823900042,14:54:31.823,165.8000,31
53672089630486,14:54:32.089,165.8000,1
53680935690427,14:54:40.935,165.9000,2
53680936760659,14:54:40.936,165.9100,12
53680936815313,14:54:40.936,165.9100,5
53680936900580,14:54:40.936,165.9100,6
53686483675533,14:54:46.483,165.9100,5
53686484012834,14:54:46.484,165.9100,5
53686484111646,14:54:46.484,165.9100,5
53686488331345,14:54:46.488,165.9100,5
53686488421753,14:54:46.488,165.9100,5
53686488640479,14:54:46.488,165.9100,5
53686488816393,14:54:46.488,165.9100,5
53688484743379,14:54:48.484,165.9100,42
53688490776028,14:54:48.490,165.9100,20
53716031075944,14:55:16.031,165.9400,100
53766153588284,14:56:06.153,165.9100,100
53766153588284,14:56:06.153,165.9000,100
53766153588284,14:56:06.153,165.9000,100
53766153615902,14:56:06.153,165.9000,100
53766157296993,14:56:06.157,165.8700,100
53766157322213,14:56:06.157,165.8700,100
53766157327552,14:56:06.157,165.8700,100
53770363182282,14:56:10.363,165.8400,100
53779555951514,14:56:19.555,165.7300,13
53798532617369,14:56:38.532,165.8300,100
53798532617369,14:56:38.532,165.8300,68
53798532620332,14:56:38.532,165.8300,73
53798532647182,14:56:38.532,165.8300,59
53798532647182,14:56:38.532,165.8300,100
53798535139565,14:56:38.535,165.8400,2
53798535289879,14:56:38.535,165.8500,4
53799295452866,14:56:39.295,165.8500,4
53799296005378,14:56:39.296,165.8900,100
53799296005378,14:56:39.296,165.8900,5
53824022064815,14:57:04.022,165.9900,143
53824022064815,14:57:04.022,165.9900,100
53824022313585,14:57:04.022,165.9700,132
53901374951497,14:58:21.374,165.9900,200
53901374951497,14:58:21.374,165.9900,44
53901374951497,14:58:21.374,165.9900,100
53901374951497,14:58:21.374,166.0100,100
53901374951497,14:58:21.374,166.0100,4
53901374951497,14:58:21.374,166.0100,4
53901419491983,14:58:21.419,166.0600,100
53901437976079,14:58:21.437,166.0800,100
53902561357075,14:58:22.561,166.0800,46
53913338852199,14:58:33.338,166.0900,73
53913338863334,14:58:33.338,166.0900,27
53944217651226,14:59:04.217,166.0900,100
53965030550482,14:59:25.030,166.0100,100
53965030556607,14:59:25.030,166.0100,100
53965030556607,14:59:25.030,166.0100,100
53965030579576,14:59:25.030,166.0100,100
53965913907909,14:59:25.913,165.9900,100
53965914355567,14:59:25.914,165.9800,100
53965914355567,14:59:25.914,165.9800,100
53965917631481,14:59:25.917,165.9600,4
53965917656167,14:59:25.917,165.9600,37
53965918061199,14:59:25.918,165.9600,59
53981591862995,14:59:41.591,166.0000,100
54020540635414,15:00:20.540,165.9600,100
54022215103604,15:00:22.215,165.9300,100
54022227709584,15:00:22.227,165.8800,1
54022227709584,15:00:22.227,165.8800,100
54022240959338,15:00:22.240,165.9300,31
54070876934089,15:01:10.876,165.8700,100
54070877042787,15:01:10.877,165.8700,100
54070877042787,15:01:10.877,165.8700,100
54070907417570,15:01:10.907,165.8500,1
54075839484020,15:01:15.839,165.8000,1
54088723581670,15:01:28.723,165.7700,1
54088723581670,15:01:28.723,165.7600,1
54120721583697,15:02:00.721,165.7300,1
54120721583697,15:02:00.721,165.7300,36
54120721583697,15:02:00.721,165.7300,83
54120721593649,15:02:00.721,165.7300,17
54120722591100,15:02:00.722,165.7200,1
54120722591100,15:02:00.722,165.7200,100
54123164064374,15:02:03.164,165.7000,1
54125770892403,15:02:05.770,165.7500,88
54125770892403,15:02:05.770,165.7500,12
54125770971003,15:02:05.770,165.7500,33
54125772115069,15:02:05.772,165.7700,3
54125772115069,15:02:05.772,165.7700,97
54125772140859,15:02:05.772,165.7700,3
54125772140859,15:02:05.772,165.7700,1
54141945081851,15:02:21.945,165.7200,100
54141945106552,15:02:21.945,165.7200,2
54141945107900,15:02:21.945,165.7200,98
54142802904413,15:02:22.802,165.7200,100
54144194133392,15:02:24.194,165.7500,100
54156214814602,15:02:36.214,165.8000,100
54156217555476,15:02:36.217,165.8200,90
54187430073633,15:03:07.430,165.7600,100
54195859657603,15:03:15.859,165.6900,1
54195859657603,15:03:15.859,165.6800,1
54195859657603,15:03:15.859,165.6800,98
54195859690174,15:03:15.859,165.6800,2
54195859690174,15:03:15.859,165.6800,42
54195861876574,15:03:15.861,165.6600,1
54195861876574,15:03:15.861,165.6600,100
54195861876574,15:03:15.861,165.6600,100
54196055811828,15:03:16.055,165.6500,1
54200795990698,15:03:20.795,165.6300,1
54200797081747,15:03:20.797,165.6200,1
54200810573626,15:03:20.810,165.5800,1
54200818046932,15:03:20.818,165.5700,1
54200818142829,15:03:20.818,165.5600,1
54200818142829,15:03:20.818,165.5600,100
54249834416992,15:04:09.834,165.4200,100
54249834416992,15:04:09.834,165.4200,100
54252213097854,15:04:12.213,165.5100,100
54253315946966,15:04:13.315,165.5500,100
54253315946966,15:04:13.315,165.5500,1
54253316437306,15:04:13.316,165.5500,100
54253316437306,15:04:13.316,165.5500,100
54253316437306,15:04:13.316,165.5500,85
54253316461864,15:04:13.316,165.5500,15
54260337459024,15:04:20.337,165.5200,20
54260337459024,15:04:20.337,165.5100,37
54260338094934,15:04:20.338,165.5100,63
54331801630690,15:05:31.801,165.4400,100
54350962629077,15:05:50.962,165.4100,1
54350962740682,15:05:50.962,165.4100,2
54350962793186,15:05:50.962,165.4100,15
54350962820164,15:05:50.962,165.4100,83
54350962874498,15:05:50.962,165.4000,1
54352035717145,15:05:52.035,165.3900,1
54352035797821,15:05:52.035,165.3800,1
54352037228411,15:05:52.037,165.3700,2
54352646332632,15:05:52.646,165.3600,2
54352647283062,15:05:52.647,165.3500,1
54352657302469,15:05:52.657,165.3300,1
