timestamp,time,price,volume
34200337876310,09:30:00.337,10.2100,1413
34421740510907,09:33:41.740,10.2400,100
34563350379272,09:36:03.350,10.2700,47
34563350379272,09:36:03.350,10.2700,100
34572989841391,09:36:12.989,10.2200,5
34656867930126,09:37:36.867,10.2700,1
34983612967764,09:43:03.612,10.2700,2
35072370359151,09:44:32.370,10.2200,15
35072370443246,09:44:32.370,10.2200,85
35295397600137,09:48:15.397,10.2300,1
35591094092038,09:53:11.094,10.2300,2
35880924570911,09:58:00.924,10.2300,1
36190759434938,10:03:10.759,10.2300,2
36354753708327,10:05:54.753,10.1900,100
36382021589701,10:06:22.021,10.2200,90
36382021639839,10:06:22.021,10.2200,10
36386281205361,10:06:26.281,10.2500,100
36408036424456,10:06:48.036,10.2600,51
36541226162538,10:09:01.226,10.2900,30
36865865480451,10:14:25.865,10.2800,100
37086500036338,10:18:06.500,10.2700,2
37233533773776,10:20:33.533,10.2800,100
37396057894751,10:23:16.057,10.2800,1
37899150455695,10:31:39.150,10.3100,100
38002082205229,10:33:22.082,10.3400,1
38039882206609,10:33:59.882,10.3700,100
38039882206609,10:33:59.882,10.3700,100
38271526945342,10:37:51.526,10.3800,100
38275778949015,10:37:55.778,10.4000,100
38286033678618,10:38:06.033,10.3800,10
38297897883827,10:38:17.897,10.3900,100
38300537398585,10:38:20.537,10.3900,100
38306459614170,10:38:26.459,10.4100,100
38306464214274,10:38:26.464,10.4200,100
38306586963805,10:38:26.586,10.4000,2
38321487485099,10:38:41.487,10.4100,25
38414423344854,10:40:14.423,10.4300,100
38417144238866,10:40:17.144,10.4000,100
38417144534151,10:40:17.144,10.4000,100
38417145388445,10:40:17.145,10.3900,1
38418653238905,10:40:18.653,10.3700,200
38418654017889,10:40:18.654,10.3700,100
38419404167688,10:40:19.404,10.3600,100
38427014329238,10:40:27.014,10.3700,100
38431099989312,10:40:31.099,10.3700,100
38431106612363,10:40:31.106,10.3800,100
38490269728929,10:41:30.269,10.3600,100
38493592735321,10:41:33.592,10.3300,100
38506838279447,10:41:46.838,10.3400,100
38508810715664,10:41:48.810,10.3400,100
38591048321329,10:43:11.048,10.3400,2
38917354788074,10:48:37.354,10.3600,1
39046432714656,10:50:46.432,10.3300,100
39046432714656,10:50:46.432,10.3300,100
39046432714656,10:50:46.432,10.3300,1
39046433486587,10:50:46.433,10.3200,100
39046437396679,10:50:46.437,10.3000,100
39046437405594,10:50:46.437,10.3000,100
39046437405594,10:50:46.437,10.3000,100
39046487729328,10:50:46.487,10.2900,100
39180626139236,10:53:00.626,10.3200,2
39493110480628,10:58:13.110,10.3200,1
40017623207967,11:06:57.623,10.3100,10
40017623282948,11:06:57.623,10.3100,90
40017623282948,11:06:57.623,10.3100,100
40017623282948,11:06:57.623,10.3100,100
40023625836917,11:07:03.625,10.2800,1
40522884699768,11:15:22.884,10.2000,100
40522943727206,11:15:22.943,10.2200,100
40522943727206,11:15:22.943,10.2200,100
40693664355508,11:18:13.664,10.2300,2
40787915552353,11:19:47.915,10.2000,100
40787915870579,11:19:47.915,10.2000,100
40787917389115,11:19:47.917,10.2000,100
40787917423931,11:19:47.917,10.2000,100
40829944600619,11:20:29.944,10.1900,80
40829944635728,11:20:29.944,10.1900,20
40829944958528,11:20:29.944,10.1900,80
40829944980026,11:20:29.944,10.1900,20
41006041652763,11:23:26.041,10.1900,1
41277006314352,11:27:57.006,10.1700,10
41390794267318,11:29:50.794,10.1700,90
41583673572367,11:33:03.673,10.1800,2
41589043267044,11:33:09.043,10.1800,97
41589043267044,11:33:09.043,10.1800,3
41589043684845,11:33:09.043,10.1800,97
41899464264471,11:38:19.464,10.2500,1
42199790147204,11:43:19.790,10.2500,90
42199790190100,11:43:19.790,10.2500,10
42211248407054,11:43:31.248,10.2800,2
42428255885975,11:47:08.255,10.2800,95
42507252362872,11:48:27.252,10.3000,1
42790911399663,11:53:10.911,10.2800,100
43081323453715,11:58:01.323,10.3100,1
43137016782842,11:58:57.016,10.2800,1
43137060705857,11:58:57.060,10.2700,100
43197131721071,11:59:57.131,10.2600,5
43413272825862,12:03:33.272,10.2900,2
43688070918783,12:08:08.070,10.2800,2
43989114081522,12:13:09.114,10.2900,1
44160763278154,12:16:00.763,10.2600,5
44280239804060,12:18:00.239,10.2700,2
44546508068899,12:22:26.508,10.2700,76
44546508082890,12:22:26.508,10.2700,23
44760411943312,12:26:00.411,10.2600,100
44760986263539,12:26:00.986,10.2500,100
44886782251560,12:28:06.782,10.2600,2
44937807147590,12:28:57.807,10.2300,1
45504393650250,12:38:24.393,10.2400,9
45790402761998,12:43:10.402,10.2400,1
45790402761998,12:43:10.402,10.2500,1
46014077825960,12:46:54.077,10.2200,5
46392940258467,12:53:12.940,10.2400,2
46535396263095,12:55:35.396,10.2100,5
46703566396162,12:58:23.566,10.2300,1
46703566473212,12:58:23.566,10.2300,99
46703654198922,12:58:23.654,10.2400,13
46978533563789,13:02:58.533,10.3000,2
47091997325377,13:04:51.997,10.3000,14
47130290156972,13:05:30.290,10.3100,15
47159220861464,13:05:59.220,10.3100,100
47159220861464,13:05:59.220,10.3100,21
47159220911359,13:05:59.220,10.3100,19
47159220938859,13:05:59.220,10.3100,60
47159221658057,13:05:59.221,10.3000,100
47159677027517,13:05:59.677,10.2900,1
47310451993086,13:08:30.451,10.3000,2
47592078138014,13:13:12.078,10.3000,1
48180245441629,13:23:00.245,10.2600,1
48180245520215,13:23:00.245,10.2400,50
48180245520215,13:23:00.245,10.2600,99
48180245520215,13:23:00.245,10.2600,99
48180245520215,13:23:00.245,10.2600,200
48505414714685,13:28:25.414,10.2700,2
48667076786756,13:31:07.076,10.2700,10
48667076866608,13:31:07.076,10.2700,188
48667076866608,13:31:07.076,10.2700,16
48667076866608,13:31:07.076,10.2700,2
49111868079176,13:38:31.868,10.3100,1
49111868079176,13:38:31.868,10.3100,19
49111869862746,13:38:31.869,10.3100,100
49387153212257,13:43:07.153,10.3200,2
49487737779810,13:44:47.737,10.3200,50
49492953360636,13:44:52.953,10.3200,21
49812957481191,13:50:12.957,10.3200,21
49927218251789,13:52:07.218,10.3200,100
50305184839135,13:58:25.184,10.3400,1
50409027819004,14:00:09.027,10.3400,20
50426870099350,14:00:26.870,10.3500,4
50897116022042,14:08:17.116,10.4100,2
50925004220518,14:08:45.004,10.3800,100
50925010220693,14:08:45.010,10.3700,100
50925010220693,14:08:45.010,10.3700,100
51115624444421,14:11:55.624,10.3700,19
51115624444421,14:11:55.624,10.3700,100
51385576796673,14:16:25.576,10.3900,100
51417328411015,14:16:57.328,10.4000,22
51730667389252,14:22:10.667,10.4100,20
52094001092411,14:28:14.001,10.4200,2
52137033774146,14:28:57.033,10.3900,1
52137033774146,14:28:57.033,10.3900,5
52137033774146,14:28:57.033,10.3900,1
52507416766483,14:35:07.416,10.4000,100
52728315157538,14:38:48.315,10.4000,25
53002326208204,14:43:22.326,10.3900,200
53002326208204,14:43:22.326,10.3900,100
53216256326293,14:46:56.256,10.4000,26
53292647130588,14:48:12.647,10.4200,1
53605229634651,14:53:25.229,10.4000,100
53609220186807,14:53:29.220,10.4100,29
53896527744364,14:58:16.527,10.4300,1
53911833811287,14:58:31.833,10.4300,29
53997287271293,14:59:57.287,10.4300,12
53998481001435,14:59:58.481,10.4300,109
54200924568159,15:03:20.924,10.4200,99
54200924586156,15:03:20.924,10.4200,1
54200924586156,15:03:20.924,10.4200,1
54200924586156,15:03:20.924,10.4200,65
54200924944015,15:03:20.924,10.4200,35
54200925519491,15:03:20.925,10.4100,100
54481076015248,15:08:01.076,10.4100,2
54656703268812,15:10:56.703,10.3900,5
54788648622644,15:13:08.648,10.4000,1
55719142978970,15:28:39.142,10.3900,100
55719143067787,15:28:39.143,10.3900,100
55719143067787,15:28:39.143,10.3900,136
55719143067787,15:28:39.143,10.3900,50
55733013580611,15:28:53.013,10.4100,50
55809629088309,15:30:09.629,10.3900,100
55809629088309,15:30:09.629,10.3900,100
55809629133761,15:30:09.629,10.3900,1
56482410130312,15:41:22.410,10.3800,100
56482410130312,15:41:22.410,10.3800,200
56482410130312,15:41:22.410,10.3800,100
56482410130312,15:41:22.410,10.3800,100
56482461583645,15:41:22.461,10.3700,100
56482461621324,15:41:22.461,10.3700,1
56482514067917,15:41:22.514,10.3900,100
56681905066493,15:44:41.905,10.3900,5
56681905066493,15:44:41.905,10.3900,1
56794468804251,15:46:34.468,10.4000,100
56794468804251,15:46:34.468,10.4000,100
56794468804251,15:46:34.468,10.4000,100
56794564518799,15:46:34.564,10.4000,100
56821574506782,15:47:01.574,10.4000,100
56823079186303,15:47:03.079,10.4100,100
57060563352206,15:51:00.563,10.4000,100
57154911473016,15:52:34.911,10.3900,100
57233137241790,15:53:53.137,10.3900,100
57233137241790,15:53:53.137,10.3900,31
57233137241790,15:53:53.137,10.3900,100
57233137241790,15:53:53.137,10.3900,25
57233204965731,15:53:53.204,10.3900,100
57234656018014,15:53:54.656,10.3900,100
57300879345413,15:55:00.879,10.3800,16
57397606494722,15:56:37.606,10.3900,100
57397607355020,15:56:37.607,10.3900,64
57401582679157,15:56:41.582,10.4000,100
57406474065682,15:56:46.474,10.4100,100
57406474065682,15:56:46.474,10.4100,100
57413023685262,15:56:53.023,10.4100,100
57416202647321,15:56:56.202,10.4100,100
57416202647321,15:56:56.202,10.4100,100
57416202723872,15:56:56.202,10.4100,56
57416202723872,15:56:56.202,10.4100,1
57424372543681,15:57:04.372,10.4200,200
57424372543681,15:57:04.372,10.4200,100
57424372543681,15:57:04.372,10.4200,100
57430956489450,15:57:10.956,10.4200,100
57442024812794,15:57:22.024,10.4200,100
57442024897987,15:57:22.024,10.4200,56
57442024897987,15:57:22.024,10.4200,100
57551127078809,15:59:11.127,10.4100,100
57551127108969,15:59:11.127,10.4100,67
57551127108969,15:59:11.127,10.4100,100
57551127108969,15:59:11.127,10.4100,85
57551127108969,15:59:11.127,10.4100,156
57551127153716,15:59:11.127,10.4100,100
57551133485002,15:59:11.133,10.4100,82
57551479888768,15:59:11.479,10.4100,70
57565259911988,15:59:25.259,10.4000,100
57566960713023,15:59:26.960,10.4000,100
57566960713023,15:59:26.960,10.4000,156
57566960713023,15:59:26.960,10.4000,167
57566960713023,15:59:26.960,10.4000,77
57566960743571,15:59:26.960,10.4000,23
57566960743571,15:59:26.960,10.4000,2
57566960803208,15:59:26.960,10.4000,25
57570274099767,15:59:30.274,10.4000,10
57583052368733,15:59:43.052,10.3900,100
57583052368733,15:59:43.052,10.3900,30
57583054858528,15:59:43.054,10.4000,60
57583054858528,15:59:43.054,10.4000,2
57589136185217,15:59:49.136,10.4100,10
57590928019577,15:59:50.928,10.4000,12
57595234078075,15:59:55.234,10.4000,97
57599908074201,15:59:59.908,10.4200,200
57599908074201,15:59:59.908,10.4200,100
57599908074201,15:59:59.908,10.4200,100
57600585121718,16:00:00.585,10.4200,10495
