timestamp,time,price,volume
34200808065972,09:30:00.808,0.0000,0
34290978739684,09:31:30.978,106.5600,100
34301520308700,09:31:41.520,106.6900,91
34301520834553,09:31:41.520,106.6900,9
34301520834553,09:31:41.520,106.6900,100
34301520913810,09:31:41.520,106.6900,74
34301520915045,09:31:41.520,106.6900,26
34301520915045,09:31:41.520,106.6900,20
34301520915045,09:31:41.520,106.7200,28
34301520917282,09:31:41.520,106.7200,46
34337536532534,09:32:17.536,107.0000,5
34337536532534,09:32:17.536,107.0000,100
34359379630876,09:32:39.379,107.2200,100
34362263489621,09:32:42.263,107.3400,9
34375752462321,09:32:55.752,107.4100,70
34375752462321,09:32:55.752,107.4900,30
34386144550207,09:33:06.144,107.4800,9
34386144550207,09:33:06.144,107.4800,61
34387140531860,09:33:07.140,107.4800,39
34387140531860,09:33:07.140,107.4800,61
34387140645885,09:33:07.140,107.4200,100
34390217374358,09:33:10.217,107.5500,77
34413581449767,09:33:33.581,107.5600,95
34438269873919,09:33:58.269,107.5600,5
34438269873919,09:33:58.269,107.5600,49
34438270412626,09:33:58.270,107.5900,2
34438270480045,09:33:58.270,107.5900,2
34438270695509,09:33:58.270,107.5400,100
34442140176411,09:34:02.140,107.6800,9
34452349045144,09:34:12.349,107.8000,63
34478451943234,09:34:38.451,107.7900,37
34478451943234,09:34:38.451,107.8100,54
34478451943234,09:34:38.451,107.8100,5
34501897460950,09:35:01.897,107.7200,85
34501897460950,09:35:01.897,107.7000,1
34501984222778,09:35:01.984,107.7200,54
34505388955800,09:35:05.388,107.7200,31
34505388955800,09:35:05.388,107.7000,54
34505388981409,09:35:05.388,107.7000,31
34505389471383,09:35:05.389,107.7000,10
34509922424110,09:35:09.922,107.7000,85
34525377353100,09:35:25.377,107.7700,2
34525377418946,09:35:25.377,107.7400,100
34527980638167,09:35:27.980,107.6800,20
34527980639837,09:35:27.980,107.6800,20
34532770307190,09:35:32.770,107.6700,20
34532770380864,09:35:32.770,107.6600,100
34532770385815,09:35:32.770,107.6600,100
34532770449078,09:35:32.770,107.6500,100
34569183401525,09:36:09.183,107.6300,100
34569491825876,09:36:09.491,107.6300,13
34569491846383,09:36:09.491,107.6400,80
34569491890373,09:36:09.491,107.6300,20
34569491890373,09:36:09.491,107.6300,20
34569491890373,09:36:09.491,107.6400,10
34569492026365,09:36:09.492,107.6300,80
34569492297233,09:36:09.492,107.6600,51
34584695452482,09:36:24.695,107.6300,10
34602425454029,09:36:42.425,107.5300,100
34602426018400,09:36:42.426,107.5000,100
34602426058322,09:36:42.426,107.4800,100
34671984726231,09:37:51.984,107.4500,100
34671986034764,09:37:51.986,107.4500,59
34671986034764,09:37:51.986,107.4500,41
34671986063475,09:37:51.986,107.4500,59
34671986296214,09:37:51.986,107.4400,28
34671986321215,09:37:51.986,107.4400,72
34671989077287,09:37:51.989,107.4000,100
34692887162847,09:38:12.887,107.2700,100
34776669667560,09:39:36.669,107.1700,5
34776671155784,09:39:36.671,107.2100,57
34776671344578,09:39:36.671,107.2100,43
34904924519043,09:41:44.924,107.7000,100
35009043344311,09:43:29.043,107.6200,100
35009044085644,09:43:29.044,107.6100,100
35009044789257,09:43:29.044,107.6000,100
35009044789257,09:43:29.044,107.6000,100
35009060461060,09:43:29.060,107.6100,100
35009061436991,09:43:29.061,107.6100,100
35032439036525,09:43:52.439,107.6400,100
35089972799832,09:44:49.972,107.6700,85
35089972831118,09:44:49.972,107.6700,15
35094828060206,09:44:54.828,107.6100,100
35209365055867,09:46:49.365,107.6700,100
35209366501548,09:46:49.366,107.6900,31
35209366502828,09:46:49.366,107.6900,31
35209366527074,09:46:49.366,107.6900,69
35209373887342,09:46:49.373,107.6700,100
35221114589411,09:47:01.114,107.7000,1
35221114688107,09:47:01.114,107.7000,100
35237657743398,09:47:17.657,107.6900,5
35250125352157,09:47:30.125,107.7200,1
35254935190788,09:47:34.935,107.7000,1
35254936780001,09:47:34.936,107.6900,13
35254936825221,09:47:34.936,107.6800,100
35254936915668,09:47:34.936,107.6700,36
35286825114416,09:48:06.825,107.6300,73
35303842145328,09:48:23.842,107.6200,100
35309239145801,09:48:29.239,107.5800,100
35309239171227,09:48:29.239,107.5700,100
35309241807818,09:48:29.241,107.5300,100
35309245462565,09:48:29.245,107.5100,100
35309247232816,09:48:29.247,107.5000,19
35335999907532,09:48:55.999,107.5200,1
35340814915818,09:49:00.814,107.4600,100
35340815415944,09:49:00.815,107.4500,2
35368047834491,09:49:28.047,107.4300,100
35368047834491,09:49:28.047,107.4300,100
35368077925756,09:49:28.077,107.4200,161
35416201230152,09:50:16.201,107.3400,2
35530856249377,09:52:10.856,107.4000,100
35539521027173,09:52:19.521,107.4200,100
35546512718830,09:52:26.512,107.4500,50
35546512718830,09:52:26.512,107.4600,50
35546512750578,09:52:26.512,107.4600,250
35546512928139,09:52:26.512,107.4600,300
35546513488834,09:52:26.513,107.4600,100
35546513488834,09:52:26.513,107.4600,300
35546513499054,09:52:26.513,107.4600,100
35546513541617,09:52:26.513,107.4600,46
35546513541617,09:52:26.513,107.4700,54
35550980887078,09:52:30.980,107.4400,100
35550981777114,09:52:30.981,107.4100,3
35550981803325,09:52:30.981,107.4100,97
35554208533008,09:52:34.208,107.3900,2
35628721859121,09:53:48.721,107.2200,2
35628726116894,09:53:48.726,107.2000,100
35628743024856,09:53:48.743,107.1800,100
35711906394937,09:55:11.906,107.1300,75
35727155125926,09:55:27.155,107.1800,1
35739524361080,09:55:39.524,107.1900,5
35756190224332,09:55:56.190,107.1600,100
35768278143869,09:56:08.278,107.2000,100
35768278143869,09:56:08.278,107.2000,100
35785260337362,09:56:25.260,107.2100,100
35833547322780,09:57:13.547,107.1800,1
35854638511528,09:57:34.638,107.2300,100
35854642766081,09:57:34.642,107.2200,61
35892414448839,09:58:12.414,107.4700,46
35935776211178,09:58:55.776,107.4900,100
35935874173007,09:58:55.874,107.4700,100
35935874228478,09:58:55.874,107.4600,100
35935874256653,09:58:55.874,107.4600,100
35953447768962,09:59:13.447,107.5400,100
35999067262940,09:59:59.067,107.7500,100
35999067262940,09:59:59.067,107.7500,100
35999110726459,09:59:59.110,107.7900,100
36113514941164,10:01:53.514,107.8900,22
36113514969208,10:01:53.514,107.8900,78
36113514969208,10:01:53.514,107.8900,34
36113514969208,10:01:53.514,107.8900,66
36113514969208,10:01:53.514,107.8900,21
36125413373258,10:02:05.413,107.9900,20
36147170781874,10:02:27.170,107.8600,84
36147170884716,10:02:27.170,107.8600,16
36147170884716,10:02:27.170,107.8600,100
36147170884716,10:02:27.170,107.8600,3
36147170884716,10:02:27.170,107.8600,185
36147171411421,10:02:27.171,107.8400,100
36147185152510,10:02:27.185,107.8200,100
36147185209445,10:02:27.185,107.8100,100
36153551101666,10:02:33.551,107.7400,10
36153551101666,10:02:33.551,107.7400,54
36153555144851,10:02:33.555,107.7400,46
36153557057539,10:02:33.557,107.7100,100
36153655135142,10:02:33.655,107.7800,3
36226637314366,10:03:46.637,107.7700,10
36275137352606,10:04:35.137,107.7800,100
36275137352606,10:04:35.137,107.7800,26
36275137352606,10:04:35.137,107.7800,100
36275139638512,10:04:35.139,107.7900,100
36275139740705,10:04:35.139,107.7900,100
36279359419568,10:04:39.359,107.8200,3
36282414544736,10:04:42.414,107.8700,22
36331369398317,10:05:31.369,107.7600,100
36331369398317,10:05:31.369,107.7600,100
36331369398317,10:05:31.369,107.7600,100
36374009008963,10:06:14.009,107.7600,100
36374009012880,10:06:14.009,107.7600,8
36385029738805,10:06:25.029,107.9100,100
36407014570165,10:06:47.014,107.9000,3
36407029523299,10:06:47.029,107.9500,10
36407029620728,10:06:47.029,107.9000,10
36407029778665,10:06:47.029,107.9000,10
36407029778665,10:06:47.029,107.9000,10
36407029804109,10:06:47.029,107.9000,10
36407029893454,10:06:47.029,107.9000,10
36428411942182,10:07:08.411,108.0000,25
36432809566048,10:07:12.809,108.0000,70
36432809640183,10:07:12.809,108.0000,30
36432809640183,10:07:12.809,108.0000,14
36539045305628,10:08:59.045,107.9400,22
36539046169092,10:08:59.046,107.9200,100
36539046169092,10:08:59.046,107.9200,100
36539046169092,10:08:59.046,107.9100,100
36539046169092,10:08:59.046,107.9100,100
36539048477445,10:08:59.048,107.9100,100
36539048477445,10:08:59.048,107.9100,100
36539048477445,10:08:59.048,107.9100,77
36539048568570,10:08:59.048,107.9100,23
36539048792282,10:08:59.048,107.9000,100
36604563077174,10:10:04.563,108.0500,8
36604570415273,10:10:04.570,108.1400,21
36604570415273,10:10:04.570,108.1500,79
36604576457682,10:10:04.576,108.1500,21
36604580698374,10:10:04.580,108.0900,20
36604580820247,10:10:04.580,108.0900,100
36671412058018,10:11:11.412,108.1800,100
36674034531128,10:11:14.034,108.1800,100
36674412558966,10:11:14.412,108.1800,1
36674412558966,10:11:14.412,108.1800,99
36679413657369,10:11:19.413,108.1800,100
36679413795201,10:11:19.413,108.1300,10
36686032815451,10:11:26.032,108.1800,10
36698562507312,10:11:38.562,108.2000,25
36707031772966,10:11:47.031,108.2600,100
36712245162052,10:11:52.245,108.1200,100
36712245162052,10:11:52.245,108.1200,100
36712297270255,10:11:52.297,108.0700,100
36722751273725,10:12:02.751,108.0600,200
36722752025418,10:12:02.752,108.0400,100
36722757351684,10:12:02.757,108.0400,100
36732050703258,10:12:12.050,108.0700,8
36792413108287,10:13:12.413,108.1900,9
36792413249736,10:13:12.413,108.1200,10
36795413303860,10:13:15.413,108.1900,10
36795413303860,10:13:15.413,108.2200,90
36795413423983,10:13:15.413,108.1100,100
36796939745444,10:13:16.939,108.0800,100
36796940306118,10:13:16.940,108.0700,100
36796943314634,10:13:16.943,108.0700,100
36796943373336,10:13:16.943,108.0600,100
36796944415659,10:13:16.944,108.0500,100
36797144829019,10:13:17.144,108.0400,22
36904176071227,10:15:04.176,107.9900,8
36934495478177,10:15:34.495,107.9200,100
36934495478177,10:15:34.495,107.9100,100
36982630757316,10:16:22.630,107.9100,100
36982630757316,10:16:22.630,107.9100,100
36982645457583,10:16:22.645,107.8400,100
37042617776992,10:17:22.617,107.8100,100
37042908355370,10:17:22.908,107.7400,100
37042908355370,10:17:22.908,107.7400,100
37045252639256,10:17:25.252,107.7900,8
37045252639256,10:17:25.252,107.7900,5
37063676347421,10:17:43.676,107.7200,100
37078382983079,10:17:58.382,107.7100,100
37080037205520,10:18:00.037,107.6900,100
37080037205520,10:18:00.037,107.6900,100
37120391819112,10:18:40.391,107.6500,100
37140180414587,10:19:00.180,107.6300,100
37140181184450,10:19:00.181,107.6200,44
37140181838444,10:19:00.181,107.6200,16
37140181888632,10:19:00.181,107.6200,40
37234047340910,10:20:34.047,107.4900,100
37234047340910,10:20:34.047,107.4900,100
37234047340910,10:20:34.047,107.4900,21
37272233766606,10:21:12.233,107.4400,11
37282268642430,10:21:22.268,107.5300,5
37285104252248,10:21:25.104,107.5300,23
37373909765954,10:22:53.909,107.5300,77
37388551109126,10:23:08.551,107.5200,20
37388551109126,10:23:08.551,107.5200,100
37388551109126,10:23:08.551,107.5200,100
37461423158446,10:24:21.423,107.4500,200
37504129634464,10:25:04.129,107.4400,100
37505228378658,10:25:05.228,107.4300,100
37505228539791,10:25:05.228,107.4300,200
37505228592675,10:25:05.228,107.4300,24
37505228592675,10:25:05.228,107.4300,76
37505229035738,10:25:05.229,107.4300,24
37505229035738,10:25:05.229,107.4300,100
37505229035738,10:25:05.229,107.4300,76
37505229047439,10:25:05.229,107.4300,24
37505229047439,10:25:05.229,107.4300,25
37540027132944,10:25:40.027,107.4000,20
37540027132944,10:25:40.027,107.3800,3
37543033247774,10:25:43.033,107.3700,93
37543543415805,10:25:43.543,107.3600,100
37543543415805,10:25:43.543,107.3600,100
37565706209702,10:26:05.706,107.4900,5
37565706359480,10:26:05.706,107.5000,100
37565727751198,10:26:05.727,107.4800,20
37650765152247,10:27:30.765,107.7700,100
37729039016885,10:28:49.039,107.8200,60
37729039059173,10:28:49.039,107.8300,7
37729039084875,10:28:49.039,107.8300,7
37729039084875,10:28:49.039,107.8200,33
37729039117067,10:28:49.039,107.8300,40
37729039538213,10:28:49.039,107.8200,7
37729095309832,10:28:49.095,107.8200,100
37738413435837,10:28:58.413,107.9000,35
37741412682517,10:29:01.412,107.9600,100
37761742771540,10:29:21.742,107.8400,200
37761742771540,10:29:21.742,107.8400,100
37761742852050,10:29:21.742,107.8400,100
37783145039094,10:29:43.145,107.8300,200
37783145428900,10:29:43.145,107.8300,100
37783158541563,10:29:43.158,107.8300,100
37800413070899,10:30:00.413,107.9700,100
37880489550597,10:31:20.489,107.8700,100
37893765886109,10:31:33.765,107.8400,100
37893766565498,10:31:33.766,107.8300,38
37893766591377,10:31:33.766,107.8300,62
37893768390608,10:31:33.768,107.8200,100
37898229836287,10:31:38.229,107.8000,100
37944578641271,10:32:24.578,107.7800,100
37944608376906,10:32:24.608,107.7700,100
37956162464884,10:32:36.162,107.7200,100
38027410794101,10:33:47.410,107.7400,14
38027410794101,10:33:47.410,107.7400,14
38027697765053,10:33:47.697,107.7700,1
38027697800362,10:33:47.697,107.7700,6
38027697889701,10:33:47.697,107.7700,1
38052140495588,10:34:12.140,107.7200,100
38052140495588,10:34:12.140,107.7200,100
38052140495588,10:34:12.140,107.7200,100
38052140495588,10:34:12.140,107.7200,100
38052140717939,10:34:12.140,107.7200,100
38052141114916,10:34:12.141,107.7200,100
38072050960443,10:34:32.050,107.6800,100
38076396853699,10:34:36.396,107.6600,100
38104121773007,10:35:04.121,107.6800,6
38104122163128,10:35:04.122,107.6700,10
38104122360427,10:35:04.122,107.6800,28
38174448366128,10:36:14.448,107.6600,21
38174448366128,10:36:14.448,107.6600,100
38175065364789,10:36:15.065,107.6000,56
38175066257774,10:36:15.066,107.5800,100
38176379360876,10:36:16.379,107.6100,2
38235227811412,10:37:15.227,107.7200,100
38319397019715,10:38:39.397,107.8300,6
38328823644038,10:38:48.823,107.7900,100
38328823644038,10:38:48.823,107.7900,100
38328824059827,10:38:48.824,107.7900,100
38328824081025,10:38:48.824,107.7900,100
38336460411563,10:38:56.460,107.8300,100
38365988106057,10:39:25.988,107.7800,100
38442926153709,10:40:42.926,107.7700,100
38442927332241,10:40:42.927,107.7600,100
38442927359526,10:40:42.927,107.7600,10
38442927655984,10:40:42.927,107.7600,68
38483378575040,10:41:23.378,107.6900,100
38500624058250,10:41:40.624,107.7400,6
38527219696225,10:42:07.219,107.6800,100
38527219696225,10:42:07.219,107.6800,100
38527466856972,10:42:07.466,107.6900,100
38527466856972,10:42:07.466,107.6900,31
38527471808672,10:42:07.471,107.7000,20
38527471808672,10:42:07.471,107.7000,100
38588090797313,10:43:08.090,107.6800,11
38588090797313,10:43:08.090,107.6800,100
38588090797313,10:43:08.090,107.6800,100
38612142465036,10:43:32.142,107.6700,100
38612142465036,10:43:32.142,107.6700,100
38612143268619,10:43:32.143,107.6500,100
38626281212793,10:43:46.281,107.6300,100
38635385412878,10:43:55.385,107.6900,100
38635385441520,10:43:55.385,107.6900,500
38635385449170,10:43:55.385,107.6900,118
38635385947325,10:43:55.385,107.6900,500
38635385950749,10:43:55.385,107.6900,382
38635385950749,10:43:55.385,107.6900,100
38635386534995,10:43:55.386,107.7000,5
38635387883266,10:43:55.387,107.6700,10
38640077657823,10:44:00.077,107.6500,100
38645703692924,10:44:05.703,107.6500,100
38652413548832,10:44:12.413,107.6900,40
38654556398043,10:44:14.556,107.6600,100
38655288605650,10:44:15.288,107.6500,100
38655288759488,10:44:15.288,107.6500,39
38659802873007,10:44:19.802,107.6300,500
38659802873007,10:44:19.802,107.6300,175
38661171751590,10:44:21.171,107.6300,100
38664510954914,10:44:24.510,107.6300,100
38666298439517,10:44:26.298,107.6300,300
38666298444697,10:44:26.298,107.6300,300
38666298717363,10:44:26.298,107.6300,98
38666308389528,10:44:26.308,107.6300,6
38672051906161,10:44:32.051,107.6700,100
38754211397162,10:45:54.211,107.7900,100
38801286352172,10:46:41.286,107.8700,96
38822313079320,10:47:02.313,107.8100,38
38824213252521,10:47:04.213,107.8000,100
38831412742439,10:47:11.412,107.8500,20
38831412742439,10:47:11.412,107.8500,10
38892412826236,10:48:12.412,107.9000,6
38953916130624,10:49:13.916,107.9400,100
38953916553951,10:49:13.916,107.9400,22
38953917656360,10:49:13.917,107.9600,27
38953917681283,10:49:13.917,107.9600,28
39001369361005,10:50:01.369,107.9300,100
39001369361005,10:50:01.369,107.9200,100
39001370475325,10:50:01.370,107.9200,100
39074863037305,10:51:14.863,107.9300,100
39074863037305,10:51:14.863,107.9300,100
39152944750789,10:52:32.944,108.0400,100
39160353115475,10:52:40.353,108.0300,100
39169559849382,10:52:49.559,107.9800,100
39219421030964,10:53:39.421,107.9800,100
39219619089631,10:53:39.619,107.9600,100
39223344192742,10:53:43.344,107.8900,100
39229655051765,10:53:49.655,107.8600,100
39229919506456,10:53:49.919,107.8300,10
39234443765626,10:53:54.443,107.8300,90
39234443765626,10:53:54.443,107.8300,10
39234444550127,10:53:54.444,107.8300,90
39255717799278,10:54:15.717,107.7900,100
39255717799278,10:54:15.717,107.7900,100
39284240602705,10:54:44.240,107.7500,100
39383897384130,10:56:23.897,107.8000,19
39383897384130,10:56:23.897,107.8000,81
39383897886475,10:56:23.897,107.8000,19
39395730701391,10:56:35.730,107.7400,100
39395730701391,10:56:35.730,107.7400,100
39414240689046,10:56:54.240,107.7700,100
39414241342143,10:56:54.241,107.7800,4
39414241346418,10:56:54.241,107.7800,6
39414241346418,10:56:54.241,107.7800,10
39467279971721,10:57:47.279,107.7500,74
39467279971721,10:57:47.279,107.7500,100
39512619952428,10:58:32.619,107.7100,100
39514027008355,10:58:34.027,107.7100,12
39514027008355,10:58:34.027,107.7100,10
39514755983460,10:58:34.755,107.7100,78
39522123262389,10:58:42.123,107.7200,100
39524475864837,10:58:44.475,107.7100,100
39525154310892,10:58:45.154,107.7100,200
39527038888092,10:58:47.038,107.7100,100
39534737686449,10:58:54.737,107.7300,100
39537013853389,10:58:57.013,107.7400,100
39566412528439,10:59:26.412,107.7800,100
39573504614326,10:59:33.504,107.8100,100
39573505713967,10:59:33.505,107.8300,20
39573611811772,10:59:33.611,107.8500,26
39573611846220,10:59:33.611,107.8500,74
39573611846220,10:59:33.611,107.8500,100
39589319094388,10:59:49.319,107.8500,20
39622998593771,11:00:22.998,107.7900,100
39623019963241,11:00:23.019,107.8000,6
39627852554427,11:00:27.852,107.8000,100
39628908232582,11:00:28.908,107.8000,100
39629811333327,11:00:29.811,107.8100,100
39629811363220,11:00:29.811,107.8100,100
39629811363220,11:00:29.811,107.8100,6
39629812461982,11:00:29.812,107.8300,6
39655053520514,11:00:55.053,107.8100,16
39655056100130,11:00:55.056,107.8100,29
39655056156213,11:00:55.056,107.8100,29
39655056210170,11:00:55.056,107.8100,29
39655056213070,11:00:55.056,107.8100,97
39655056262596,11:00:55.056,107.8000,29
39655056337115,11:00:55.056,107.8000,29
39655056361441,11:00:55.056,107.8000,2
39655056395533,11:00:55.056,107.8000,1
39663468018355,11:01:03.468,107.8100,100
39663468018355,11:01:03.468,107.8100,16
39663474334941,11:01:03.474,107.8100,84
39664671067189,11:01:04.671,107.8700,100
39682018524812,11:01:22.018,107.8500,100
39695667902876,11:01:35.667,107.9000,53
39695667983356,11:01:35.667,107.9000,47
39696178373417,11:01:36.178,107.8700,100
39710265803808,11:01:50.265,107.8800,100
39710266672938,11:01:50.266,107.8800,19
39710266672938,11:01:50.266,107.8800,81
39724699744141,11:02:04.699,107.8600,4
39724701166762,11:02:04.701,107.8700,4
39725940183705,11:02:05.940,107.8700,96
39725940183705,11:02:05.940,107.8700,4
39725940215124,11:02:05.940,107.8700,2
39725970687336,11:02:05.970,107.8900,100
39734600677122,11:02:14.600,107.8800,100
39734601014523,11:02:14.601,107.8800,1
39748528522741,11:02:28.528,107.9000,100
39748529427141,11:02:28.529,107.9300,100
39755671380819,11:02:35.671,107.9000,7
39755671380819,11:02:35.671,107.9000,93
39758121364629,11:02:38.121,107.9000,7
39762506598421,11:02:42.506,107.8500,100
39767435812406,11:02:47.435,107.8500,100
39767438465478,11:02:47.438,107.8700,100
39767438872442,11:02:47.438,107.8700,21
39768748805260,11:02:48.748,107.9000,100
39768748805260,11:02:48.748,107.9000,100
39772322190043,11:02:52.322,107.9000,100
39779413767261,11:02:59.413,107.9500,100
39779413916150,11:02:59.413,107.9500,100
39795245166490,11:03:15.245,108.0400,5
39870148981292,11:04:30.148,108.0700,200
39870150874913,11:04:30.150,108.0600,100
39875941540596,11:04:35.941,108.0400,300
39895271146760,11:04:55.271,108.0100,100
39895273015509,11:04:55.273,108.0000,100
39939024663910,11:05:39.024,108.0500,100
39941412062450,11:05:41.412,108.0500,100
39941412093903,11:05:41.412,108.0500,50
39941412093903,11:05:41.412,108.0500,58
39953728699330,11:05:53.728,108.0600,7
39959676593704,11:05:59.676,108.0400,100
40011029328286,11:06:51.029,107.9800,21
40024243110253,11:07:04.243,108.0200,100
40024243731427,11:07:04.243,108.0200,8
40050011899326,11:07:30.011,108.0500,14
40050011932208,11:07:30.011,108.0500,6
40054294460912,11:07:34.294,108.0700,100
40085411906917,11:08:05.411,108.0900,50
40085567695429,11:08:05.567,108.0900,8
40085567695429,11:08:05.567,108.0900,21
40126917810263,11:08:46.917,108.0300,100
40179395906485,11:09:39.395,108.0900,7
40180509051127,11:09:40.509,108.0600,100
40180509401824,11:09:40.509,108.0600,100
40180509406895,11:09:40.509,108.0600,100
40180509438295,11:09:40.509,108.0600,100
40180510353967,11:09:40.510,108.0600,100
40180524374097,11:09:40.524,108.0500,83
40180524435794,11:09:40.524,108.0500,17
40180524435794,11:09:40.524,108.0500,100
40181609684161,11:09:41.609,107.9900,17
40181609806600,11:09:41.609,107.9900,80
40181609883164,11:09:41.609,107.9900,3
40181609883164,11:09:41.609,107.9800,35
40181609929800,11:09:41.609,107.9800,5
40181611777154,11:09:41.611,107.9800,9
40181611816954,11:09:41.611,107.9800,51
40181611816954,11:09:41.611,107.9800,100
40181618300128,11:09:41.618,107.9500,10
40181667437850,11:09:41.667,107.9400,100
40181667437850,11:09:41.667,107.9400,100
40181674717568,11:09:41.674,107.9200,100
40181674717568,11:09:41.674,107.9200,100
40181674747907,11:09:41.674,107.9100,100
40181692411774,11:09:41.692,107.9000,61
40181692471815,11:09:41.692,107.9000,39
40181695086616,11:09:41.695,107.8900,100
40181696494772,11:09:41.696,107.9000,10
40182038058215,11:09:42.038,107.8600,100
40182038058215,11:09:42.038,107.8500,100
40182038058215,11:09:42.038,107.8500,100
40182038058215,11:09:42.038,107.8500,56
40182038091590,11:09:42.038,107.8500,144
40182038091590,11:09:42.038,107.8500,200
40186270707252,11:09:46.270,107.9000,10
40192990727233,11:09:52.990,107.9300,100
40209882020772,11:10:09.882,107.9400,45
40209882078891,11:10:09.882,107.9500,8
40209882078891,11:10:09.882,107.9500,37
40238944122240,11:10:38.944,107.9400,5
40238948870517,11:10:38.948,107.9300,100
40238948870517,11:10:38.948,107.9300,100
40255414815809,11:10:55.414,107.9600,265
40255414844862,11:10:55.414,107.9600,35
40258717465707,11:10:58.717,108.0000,72
40258717832182,11:10:58.717,108.0000,28
40272413169038,11:11:12.413,108.0300,100
40281185598221,11:11:21.185,107.9800,100
40281483171597,11:11:21.483,108.0000,19
40290453768057,11:11:30.453,108.0100,49
40307469416730,11:11:47.469,108.0700,10
40311208935834,11:11:51.208,108.0800,100
40318459299829,11:11:58.459,108.0000,100
40325629092807,11:12:05.629,108.0300,8
40337544937545,11:12:17.544,108.0000,100
40338498391799,11:12:18.498,107.9550,100
40365957279477,11:12:45.957,108.0300,100
40368989610499,11:12:48.989,108.0800,100
40372956855675,11:12:52.956,108.0100,100
40394107925782,11:13:14.107,108.0000,100
40431388188758,11:13:51.388,107.9800,49
40446853609555,11:14:06.853,108.0300,8
40446872304636,11:14:06.872,108.0200,10
40447828031759,11:14:07.828,108.0000,100
40447828031759,11:14:07.828,108.0000,100
40449796099260,11:14:09.796,107.9300,66
40449796130118,11:14:09.796,107.9300,34
40452552068184,11:14:12.552,107.9000,100
40452552068184,11:14:12.552,107.9000,100
40462771026024,11:14:22.771,107.8800,22
40474745213738,11:14:34.745,107.9200,5
40488188789191,11:14:48.188,107.9800,100
40516092018662,11:15:16.092,107.9200,100
40519414132208,11:15:19.414,107.9200,100
40531516878109,11:15:31.516,107.9200,100
40539660635431,11:15:39.660,107.9400,5
40551207043107,11:15:51.207,107.9100,100
40551240448668,11:15:51.240,107.9000,100
40579439257284,11:16:19.439,107.8500,100
40582388291177,11:16:22.388,107.8300,100
40582390791873,11:16:22.390,107.8200,100
40583109871087,11:16:23.109,107.7700,6
40591798071377,11:16:31.798,107.7700,94
40609679060060,11:16:49.679,107.7500,100
40627356053175,11:17:07.356,107.7900,99
40627356053175,11:17:07.356,107.7900,100
40627356053175,11:17:07.356,107.7900,1
40627356084156,11:17:07.356,107.7900,5
40640012244051,11:17:20.012,107.7800,45
40684374738548,11:18:04.374,107.7700,62
40698294783567,11:18:18.294,107.8300,6
40698295361206,11:18:18.295,107.8400,100
40737739985312,11:18:57.739,107.8200,15
40737742881355,11:18:57.742,107.8200,19
40737742987638,11:18:57.742,107.8200,19
40737743021773,11:18:57.743,107.8200,9
40737743039413,11:18:57.743,107.8200,38
40737743039413,11:18:57.743,107.8200,100
40737743917612,11:18:57.743,107.8100,29
40737744051189,11:18:57.744,107.8100,28
40737745665796,11:18:57.745,107.8100,38
40737748946222,11:18:57.748,107.8100,5
40773165292015,11:19:33.165,107.7900,100
40773171395801,11:19:33.171,107.7800,100
40782398034346,11:19:42.398,107.8100,4
40809087087634,11:20:09.087,107.8400,6
40817732020857,11:20:17.732,107.8400,100
40817732020857,11:20:17.732,107.8300,100
40817732020857,11:20:17.732,107.8300,100
40817732020857,11:20:17.732,107.8300,100
40817733719782,11:20:17.733,107.8200,100
40817734439584,11:20:17.734,107.8100,27
40820479469841,11:20:20.479,107.7800,100
40823794146586,11:20:23.794,107.8000,30
40828575288018,11:20:28.575,107.7700,100
40853153529960,11:20:53.153,107.8000,70
40909350468518,11:21:49.350,107.8400,100
40909355977815,11:21:49.355,107.8000,5
40909357180645,11:21:49.357,107.8000,19
40974500070703,11:22:54.500,107.8800,6
41019324346004,11:23:39.324,107.9000,1
41020263069397,11:23:40.263,107.9000,98
41020263069397,11:23:40.263,107.8900,2
41020263071805,11:23:40.263,107.8900,98
41020368201295,11:23:40.368,107.8600,100
41110410394108,11:25:10.410,107.8000,100
41117126797118,11:25:17.126,107.7400,100
41117126797118,11:25:17.126,107.7400,12
41117127709707,11:25:17.127,107.7200,75
41117127736044,11:25:17.127,107.7200,25
41145166095608,11:25:45.166,107.6800,100
41145166095608,11:25:45.166,107.6800,42
41145166126576,11:25:45.166,107.6800,58
41151073030544,11:25:51.073,107.6700,100
41175572939477,11:26:15.572,107.6500,14
41181448813155,11:26:21.448,107.6300,167
41183654185313,11:26:23.654,107.6000,14
41230693244254,11:27:10.693,107.5900,100
41242666898569,11:27:22.666,107.5700,61
41242688195244,11:27:22.688,107.5500,100
41254658699534,11:27:34.658,107.5900,10
41254658699534,11:27:34.658,107.5900,5
41403321938158,11:30:03.321,107.6600,4
41403391898840,11:30:03.391,107.6600,5
41477113558073,11:31:17.113,107.7000,100
41477113591266,11:31:17.113,107.7000,20
41546966001782,11:32:26.966,107.6700,100
41615729673669,11:33:35.729,107.6100,100
41615729673669,11:33:35.729,107.6100,59
41616174369513,11:33:36.174,107.5700,100
41666289238857,11:34:26.289,107.5900,4
41789713425372,11:36:29.713,107.5900,100
41870399638037,11:37:50.399,107.5200,15
41899674220506,11:38:19.674,107.5100,100
41899674220506,11:38:19.674,107.5100,11
41932905767340,11:38:52.905,107.5200,35
41932905767340,11:38:52.905,107.5300,1
41932905767340,11:38:52.905,107.5300,27
41932905890625,11:38:52.905,107.5300,35
42061258805262,11:41:01.258,107.6100,5
42061258805262,11:41:01.258,107.6100,1
42061258805262,11:41:01.258,107.6100,100
42061258805262,11:41:01.258,107.6100,100
42061267047181,11:41:01.267,107.6100,100
42074412791958,11:41:14.412,107.7000,24
42077487759333,11:41:17.487,107.7000,85
42077487759333,11:41:17.487,107.7000,15
42077974956990,11:41:17.974,107.6600,24
42078308242547,11:41:18.308,107.6500,100
42093151982901,11:41:33.151,107.6100,100
42139674842568,11:42:19.674,107.5100,100
42139674842568,11:42:19.674,107.5100,100
42212649046281,11:43:32.649,107.4700,100
42219119645428,11:43:39.119,107.4950,12
42237955040673,11:43:57.955,107.4400,100
42237955040673,11:43:57.955,107.4400,115
42261552102073,11:44:21.552,107.4500,88
42261552102073,11:44:21.552,107.4500,10
42261552102073,11:44:21.552,107.4500,10
42261552102073,11:44:21.552,107.4500,100
42261552102073,11:44:21.552,107.4500,100
42261552431236,11:44:21.552,107.4600,100
42261573519573,11:44:21.573,107.4300,10
42269991291236,11:44:29.991,107.4600,10
42269991291236,11:44:29.991,107.4600,10
42269991291236,11:44:29.991,107.4600,10
42269991291236,11:44:29.991,107.4600,10
42269991300581,11:44:29.991,107.4600,40
42328390546561,11:45:28.390,107.4900,100
42328390546561,11:45:28.390,107.4900,100
42328391096223,11:45:28.391,107.4800,100
42328391096223,11:45:28.391,107.4800,100
42328391126353,11:45:28.391,107.4800,62
42372373888448,11:46:12.373,107.5100,65
42394636946855,11:46:34.636,107.4900,1
42394637000134,11:46:34.637,107.4900,99
42491694417516,11:48:11.694,107.4500,130
42498340439645,11:48:18.340,107.4300,100
42575555937870,11:49:35.555,107.4100,100
42575555937870,11:49:35.555,107.4100,100
42597890534327,11:49:57.890,107.4400,5
42597890534327,11:49:57.890,107.4400,14
42597897244793,11:49:57.897,107.4400,55
42613496062913,11:50:13.496,107.4500,91
42613496093632,11:50:13.496,107.4500,9
42613496702543,11:50:13.496,107.4700,2
42615727237616,11:50:15.727,107.4800,100
42625412727807,11:50:25.412,107.5200,35
42691515622076,11:51:31.515,107.5500,100
42704127976451,11:51:44.127,107.6100,51
42823412077252,11:53:43.412,107.7100,100
42842331414373,11:54:02.331,107.6800,100
42842331414373,11:54:02.331,107.6800,100
42842331414373,11:54:02.331,107.6800,12
42842331414373,11:54:02.331,107.6800,100
42850265234399,11:54:10.265,107.6600,177
42850265907658,11:54:10.265,107.6500,100
42850265907658,11:54:10.265,107.6500,100
42853304982812,11:54:13.304,107.6700,7
42853304982812,11:54:13.304,107.6700,93
42866413000201,11:54:26.413,107.6900,1
42866413000201,11:54:26.413,107.7100,99
42912556976260,11:55:12.556,107.6100,100
42912557014962,11:55:12.557,107.6100,55
43000769822108,11:56:40.769,107.5700,100
43034812574629,11:57:14.812,107.5300,100
43041901245033,11:57:21.901,107.5500,37
43044977810190,11:57:24.977,107.5700,70
43051937840766,11:57:31.937,107.5300,12
43058995422307,11:57:38.995,107.5300,34
43059409246600,11:57:39.409,107.5800,100
43086678258555,11:58:06.678,107.5500,1
43086678258555,11:58:06.678,107.5500,35
43094119501186,11:58:14.119,107.5300,54
43136582448394,11:58:56.582,107.4900,100
43180286856303,11:59:40.286,107.4800,100
43180286856303,11:59:40.286,107.4800,100
43222067051781,12:00:22.067,107.5400,100
43222067088757,12:00:22.067,107.5400,159
43222095988163,12:00:22.095,107.5600,100
43295482303939,12:01:35.482,107.6000,53
43295482333245,12:01:35.482,107.6000,3
43295504482110,12:01:35.504,107.5700,10
43301413654436,12:01:41.413,107.6000,10
43301413654436,12:01:41.413,107.6000,10
43301413654436,12:01:41.413,107.6000,10
43301413654436,12:01:41.413,107.6000,10
43301413654436,12:01:41.413,107.6000,10
43301415539270,12:01:41.415,107.6100,50
43356960649930,12:02:36.960,107.7000,37
43356961126805,12:02:36.961,107.7200,5
43451413901414,12:04:11.413,107.7300,24
43451414032805,12:04:11.414,107.7100,10
43451751237405,12:04:11.751,107.6900,100
43451751237405,12:04:11.751,107.6900,100
43451751237405,12:04:11.751,107.6900,1
43469413586712,12:04:29.413,107.7200,10
43469413586712,12:04:29.413,107.7300,59
43469413586712,12:04:29.413,107.7300,31
43625792266996,12:07:05.792,107.8000,100
43625799489109,12:07:05.799,107.8000,200
43659035972995,12:07:39.035,107.7600,1
43659035972995,12:07:39.035,107.7600,100
43659035972995,12:07:39.035,107.7600,13
43659035972995,12:07:39.035,107.7600,100
43664412141807,12:07:44.412,107.7700,100
43688143146054,12:08:08.143,107.7800,100
43698458359385,12:08:18.458,107.7700,1
43712840854275,12:08:32.840,107.7900,72
43715114041567,12:08:35.114,107.7700,100
43745775797609,12:09:05.775,107.8200,73
43771736666965,12:09:31.736,107.8000,100
43771736666965,12:09:31.736,107.8000,100
43771736666965,12:09:31.736,107.8000,100
43773472518831,12:09:33.472,107.7800,100
43773472564719,12:09:33.472,107.7800,100
43860435778701,12:11:00.435,107.8500,100
43994425255462,12:13:14.425,107.8100,100
43994624274055,12:13:14.624,107.8000,173
43994625050416,12:13:14.625,107.7800,100
44002334690531,12:13:22.334,107.7600,100
44002334690531,12:13:22.334,107.7600,100
44075259267629,12:14:35.259,107.7400,100
44075259697836,12:14:35.259,107.7400,100
44099958223616,12:14:59.958,107.7300,10
44104034029911,12:15:04.034,107.7200,10
44104375233580,12:15:04.375,107.7100,100
44104375319428,12:15:04.375,107.7000,10
44110285570525,12:15:10.285,107.6900,100
44110285570525,12:15:10.285,107.6900,10
44112039504485,12:15:12.039,107.6800,10
44113139811520,12:15:13.139,107.6700,20
44115527261154,12:15:15.527,107.6600,10
44117040567806,12:15:17.040,107.6500,10
44133123413504,12:15:33.123,107.6700,37
44160113318356,12:16:00.113,107.7000,10
44160114126408,12:16:00.114,107.7100,100
44176210717664,12:16:16.210,107.7800,1
44176210717664,12:16:16.210,107.7800,99
44230740087854,12:17:10.740,107.7500,94
44325407288190,12:18:45.407,107.7600,99
44325407288190,12:18:45.407,107.7600,100
44325407288190,12:18:45.407,107.7600,1
44326968509101,12:18:46.968,107.7600,100
44348792079908,12:19:08.792,107.7200,24
44385354960402,12:19:45.354,107.7200,76
44402686426092,12:20:02.686,107.6900,5
44402686705972,12:20:02.686,107.6900,95
44422068952223,12:20:22.068,107.7100,37
44422068952223,12:20:22.068,107.7100,100
44422071288173,12:20:22.071,107.7200,100
44442218265015,12:20:42.218,107.6600,10
44442218265015,12:20:42.218,107.6600,165
44500911192625,12:21:40.911,107.7100,100
44502798450664,12:21:42.798,107.7300,100
44530843089497,12:22:10.843,107.6900,100
44530843089497,12:22:10.843,107.6900,100
44530843089497,12:22:10.843,107.6900,1
44549238789248,12:22:29.238,107.6600,200
44549238789248,12:22:29.238,107.6600,100
44549239148253,12:22:29.239,107.6600,87
44549590552020,12:22:29.590,107.6500,10
44549590552020,12:22:29.590,107.6500,15
44549636033178,12:22:29.636,107.6300,5
44651412945815,12:24:11.412,107.6700,51
44689498641751,12:24:49.498,107.6200,10
44689498641751,12:24:49.498,107.6200,100
44698412928066,12:24:58.412,107.6700,30
44702413668069,12:25:02.413,107.6700,100
44702413701263,12:25:02.413,107.6700,35
44703810544388,12:25:03.810,107.6900,100
44710411546492,12:25:10.411,107.7100,100
44710515819957,12:25:10.515,107.7100,100
44727702678872,12:25:27.702,107.7000,100
44772076998552,12:26:12.076,107.6600,100
44772076998552,12:26:12.076,107.6600,1
44772079032545,12:26:12.079,107.6600,100
44772079067350,12:26:12.079,107.6600,63
44885987652005,12:28:05.987,107.7000,10
44885987652005,12:28:05.987,107.7000,1
44961052600199,12:29:21.052,107.7000,100
44966163097844,12:29:26.163,107.7300,7
44966163558187,12:29:26.163,107.7300,7
44966413991312,12:29:26.413,107.7300,41
44969244680166,12:29:29.244,107.7200,41
44969413082159,12:29:29.413,107.7500,65
45012568020773,12:30:12.568,107.7100,100
45066412841890,12:31:06.412,107.8000,1
45070855489182,12:31:10.855,107.7700,100
45072182963929,12:31:12.182,107.7600,100
45102252603495,12:31:42.252,107.7700,9
45102253027668,12:31:42.253,107.7700,9
45184228202642,12:33:04.228,107.7600,100
45184228202642,12:33:04.228,107.7600,100
45238502687173,12:33:58.502,107.7300,100
45241337671254,12:34:01.337,107.7300,1
45243907229671,12:34:03.907,107.7300,1
45247273493378,12:34:07.273,107.7500,4
45247273493378,12:34:07.273,107.7500,3
45247273493378,12:34:07.273,107.7500,15
45247273493378,12:34:07.273,107.7500,1
45270370359262,12:34:30.370,107.7300,100
45301945309441,12:35:01.945,107.7500,14
45301945624497,12:35:01.945,107.7500,86
45301945731989,12:35:01.945,107.7500,100
45310256701141,12:35:10.256,107.7000,100
45310256770095,12:35:10.256,107.6900,10
45310263050484,12:35:10.263,107.6800,5
45310263050484,12:35:10.263,107.6800,182
45314704117369,12:35:14.704,107.6700,10
45314704117369,12:35:14.704,107.6700,100
45314706313768,12:35:14.706,107.6800,10
45314706380316,12:35:14.706,107.6900,65
45314706432467,12:35:14.706,107.6900,100
45314708636238,12:35:14.708,107.6800,100
45317022472052,12:35:17.022,107.6700,100
45317022472052,12:35:17.022,107.6700,100
45318132088050,12:35:18.132,107.6600,100
45318132088050,12:35:18.132,107.6600,10
45318183348418,12:35:18.183,107.6500,5
45318202556949,12:35:18.202,107.6500,18
45328288364979,12:35:28.288,107.6400,100
45328288364979,12:35:28.288,107.6400,5
45328288466246,12:35:28.288,107.6300,10
45328288564597,12:35:28.288,107.6200,5
45363875229323,12:36:03.875,107.6800,12
45363875229323,12:36:03.875,107.6800,6
45363876151609,12:36:03.876,107.6800,100
45419258846916,12:36:59.258,107.7300,100
45540764282766,12:39:00.764,107.7200,100
45540764391801,12:39:00.764,107.7200,100
45540765323191,12:39:00.765,107.7100,18
45540765365369,12:39:00.765,107.7100,81
45540765444761,12:39:00.765,107.7100,1
45540765444761,12:39:00.765,107.7100,35
45540765479878,12:39:00.765,107.7100,22
45540765618666,12:39:00.765,107.7100,18
45540767836698,12:39:00.767,107.7100,18
45540767901458,12:39:00.767,107.7100,57
45540767901458,12:39:00.767,107.7100,100
45543412324276,12:39:03.412,107.7300,100
45600911671188,12:40:00.911,107.6300,100
45623004414066,12:40:23.004,107.6400,70
45623004447196,12:40:23.004,107.6600,1
45623004479538,12:40:23.004,107.6600,100
45649411148148,12:40:49.411,107.7000,5
45708547057019,12:41:48.547,107.7000,51
45708555001383,12:41:48.555,107.7000,9
45708555082831,12:41:48.555,107.7000,9
45708555470371,12:41:48.555,107.7000,9
45708558575683,12:41:48.558,107.7000,3
45708566011373,12:41:48.566,107.7000,70
45712944554354,12:41:52.944,107.6800,100
45727278614622,12:42:07.278,107.6700,100
45807165055760,12:43:27.165,107.7100,7
45807165181101,12:43:27.165,107.6800,10
45807165389638,12:43:27.165,107.7100,10
45816671117700,12:43:36.671,107.7300,100
45819076687693,12:43:39.076,107.7400,21
45830014396947,12:43:50.014,107.7900,100
45832413303684,12:43:52.413,107.8300,100
45833081056430,12:43:53.081,107.8300,10
45833081056430,12:43:53.081,107.8300,90
45835405618465,12:43:55.405,107.8300,10
45843961862724,12:44:03.961,107.8200,100
45868153344096,12:44:28.153,107.8500,100
45871875863273,12:44:31.875,107.8200,200
45871877852673,12:44:31.877,107.8100,100
45871877933714,12:44:31.877,107.8100,100
45871877935422,12:44:31.877,107.8100,100
45900585045358,12:45:00.585,107.8100,100
45900601357525,12:45:00.601,107.8000,100
45916413508651,12:45:16.413,107.8400,8
45916413508651,12:45:16.413,107.8400,92
45941981897319,12:45:41.981,107.9100,2
45953274848093,12:45:53.274,107.9000,100
45979572603811,12:46:19.572,107.9100,9
45989412309701,12:46:29.412,107.9500,15
46051590935977,12:47:31.590,107.9800,100
46061247142111,12:47:41.247,107.9900,100
46066942928877,12:47:46.942,107.9900,14
46066943006512,12:47:46.943,107.9650,100
46070028908482,12:47:50.028,107.9400,100
46089649486819,12:48:09.649,107.9600,100
46098070706702,12:48:18.070,107.9600,100
46112727682275,12:48:32.727,107.9900,10
46112728688351,12:48:32.728,108.0100,15
46113767987097,12:48:33.767,108.0200,20
46114134463521,12:48:34.134,107.9900,10
46114135762169,12:48:34.135,108.0100,200
46114135762169,12:48:34.135,108.0100,15
46114135810509,12:48:34.135,108.0100,5
46114137084465,12:48:34.137,108.0200,20
46147414468194,12:49:07.414,108.0000,10
46147445497995,12:49:07.445,107.9800,100
46147445497995,12:49:07.445,107.9800,117
46147649264191,12:49:07.649,107.9700,100
46147649264191,12:49:07.649,107.9700,100
46147651065170,12:49:07.651,107.9400,100
46197870528091,12:49:57.870,107.9700,100
46197870543584,12:49:57.870,107.9700,100
46221140289731,12:50:21.140,108.0000,100
46240980850305,12:50:40.980,108.0050,100
46243494546951,12:50:43.494,107.9600,184
46301401655564,12:51:41.401,107.9400,100
46306863205919,12:51:46.863,107.9200,39
46306863233752,12:51:46.863,107.9200,61
46331985952215,12:52:11.985,107.9300,51
46331985953893,12:52:11.985,107.9300,49
46331985953893,12:52:11.985,107.9300,8
46331985953893,12:52:11.985,107.9300,43
46331985968115,12:52:11.985,107.9300,57
46331993126685,12:52:11.993,107.9400,5
46348627100632,12:52:28.627,107.9600,100
46348661509654,12:52:28.661,107.9600,100
46348661509654,12:52:28.661,107.9600,27
46348661562619,12:52:28.661,107.9600,73
46354768497314,12:52:34.768,107.9400,100
46354768497314,12:52:34.768,107.9400,100
46359763854239,12:52:39.763,107.9100,100
46387188586539,12:53:07.188,107.8700,100
46387190187134,12:53:07.190,107.8600,51
46387190497837,12:53:07.190,107.8600,132
46387202504314,12:53:07.202,107.8400,100
46407817245000,12:53:27.817,107.8200,100
46473617894906,12:54:33.617,107.7900,100
46473617894906,12:54:33.617,107.7900,100
46495986889897,12:54:55.986,107.7500,36
46508959494957,12:55:08.959,107.7300,72
46508959567503,12:55:08.959,107.7300,28
46525986895558,12:55:25.986,107.7200,60
46525986989531,12:55:25.986,107.7200,40
46640207616837,12:57:20.207,107.6400,100
46641643726396,12:57:21.643,107.6600,33
46641643726396,12:57:21.643,107.6600,130
46641643836436,12:57:21.643,107.6600,100
46704390388577,12:58:24.390,107.6500,100
46762106565696,12:59:22.106,107.6600,7
46789057410823,12:59:49.057,107.6900,6
46809308895313,13:00:09.308,107.6900,6
46844847761686,13:00:44.847,107.6700,100
46862064064137,13:01:02.064,107.7000,57
46893146145958,13:01:33.146,107.6400,9
46914301035677,13:01:54.301,107.6300,100
46914301151534,13:01:54.301,107.6300,100
46924537021317,13:02:04.537,107.6600,15
46924537021317,13:02:04.537,107.6600,85
46924537051644,13:02:04.537,107.6600,15
46924537051644,13:02:04.537,107.6600,6
46970190013093,13:02:50.190,107.6400,100
46970190902599,13:02:50.190,107.6400,100
46970192407484,13:02:50.192,107.6200,100
46982340383880,13:03:02.340,107.5600,16
47019409732933,13:03:39.409,107.5700,35
47051469363096,13:04:11.469,107.6200,79
47060030193025,13:04:20.030,107.6500,7
47086435611103,13:04:46.435,107.6500,100
47086435704383,13:04:46.435,107.6500,100
47095557748682,13:04:55.557,107.6300,100
47095557748682,13:04:55.557,107.6200,100
47095558270146,13:04:55.558,107.6200,100
47142413644450,13:05:42.413,107.6400,3
47175402006309,13:06:15.402,107.6300,100
47175402006309,13:06:15.402,107.6300,100
47175404343362,13:06:15.404,107.6500,100
47175406339336,13:06:15.406,107.6500,5
47232528122039,13:07:12.528,107.6700,6
47236611718780,13:07:16.611,107.6900,100
47236611718780,13:07:16.611,107.6900,1
47323467867894,13:08:43.467,107.7300,33
47330321688332,13:08:50.321,107.7600,8
47330321688332,13:08:50.321,107.7600,31
47367548837171,13:09:27.548,107.7800,13
47367548837171,13:09:27.548,107.7900,87
47372527683148,13:09:32.527,107.7900,13
47409802857564,13:10:09.802,107.8100,9
47452922336367,13:10:52.922,107.8400,1
47470733718366,13:11:10.733,107.8300,100
47470733718366,13:11:10.733,107.8300,100
47523140020796,13:12:03.140,107.8100,54
47591158235179,13:13:11.158,107.8000,100
47591158235179,13:13:11.158,107.8000,100
47604020678955,13:13:24.020,107.7400,1
47605076117727,13:13:25.076,107.7100,100
47605076117727,13:13:25.076,107.7100,100
47614463052851,13:13:34.463,107.7200,100
47652553240440,13:14:12.553,107.7500,33
47652553240440,13:14:12.553,107.7500,8
47652553240440,13:14:12.553,107.7500,86
47655556147885,13:14:15.556,107.7400,2
47695840858240,13:14:55.840,107.7500,3
47695891862053,13:14:55.891,107.7500,100
47748344845822,13:15:48.344,107.7900,51
47748344845822,13:15:48.344,107.7900,100
47759413047364,13:15:59.413,107.8100,98
47773670615890,13:16:13.670,107.8000,100
47804111482266,13:16:44.111,107.7700,100
47804111482266,13:16:44.111,107.7700,100
47848137826172,13:17:28.137,107.7200,100
47868388740353,13:17:48.388,107.7200,100
47868408210014,13:17:48.408,107.7100,100
47868429021544,13:17:48.429,107.6800,100
47868458954270,13:17:48.458,107.6700,100
47868473754013,13:17:48.473,107.6600,100
47887129091065,13:18:07.129,107.6600,184
47895328049208,13:18:15.328,107.6300,100
47895328049208,13:18:15.328,107.6300,100
47896081001306,13:18:16.081,107.5900,100
47992586457123,13:19:52.586,107.5000,100
47992586457123,13:19:52.586,107.5000,100
47996945304233,13:19:56.945,107.4800,100
48045018659970,13:20:45.018,107.4400,100
48045018659970,13:20:45.018,107.4400,100
48052201655241,13:20:52.201,107.3800,9
48052201940699,13:20:52.201,107.3800,25
48052201972990,13:20:52.201,107.3800,9
48052202774567,13:20:52.202,107.3800,76
48066366062660,13:21:06.366,107.4100,20
48114475316191,13:21:54.475,107.3600,100
48120512920022,13:22:00.512,107.3350,100
48122392652546,13:22:02.392,107.3200,100
48130975230706,13:22:10.975,107.3300,33
48130975271195,13:22:10.975,107.3300,33
48130975414505,13:22:10.975,107.3300,9
48130975414505,13:22:10.975,107.3400,24
48130975470653,13:22:10.975,107.3100,100
48130975481580,13:22:10.975,107.3400,9
48131019060951,13:22:11.019,107.3550,100
48131030651048,13:22:11.030,107.3900,63
48131030680934,13:22:11.030,107.3900,37
48131030680934,13:22:11.030,107.3900,100
48131129060831,13:22:11.129,107.3900,100
48131130893727,13:22:11.130,107.4100,72
48131130920203,13:22:11.130,107.4100,156
48131130945489,13:22:11.130,107.4100,72
48131160328309,13:22:11.160,107.4400,20
48131161630320,13:22:11.161,107.4600,10
48131161630320,13:22:11.161,107.4600,100
48131162278955,13:22:11.162,107.4700,5
48131172372563,13:22:11.172,107.4900,1
48131172442375,13:22:11.172,107.5000,5
48132567234779,13:22:12.567,107.5200,2
48135739459645,13:22:15.739,107.5200,100
48137401971438,13:22:17.401,107.4900,100
48137401971438,13:22:17.401,107.4900,100
48137402003177,13:22:17.402,107.4900,4
48137402003177,13:22:17.402,107.4900,100
48137406684220,13:22:17.406,107.4300,200
48137406684220,13:22:17.406,107.4200,100
48137415958622,13:22:17.415,107.4200,39
48137416557890,13:22:17.416,107.4100,10
48137416759072,13:22:17.416,107.4200,200
48137874449868,13:22:17.874,107.4100,100
48137874479707,13:22:17.874,107.4000,100
48137874479707,13:22:17.874,107.4000,100
48138609546904,13:22:18.609,107.3500,100
48150689210822,13:22:30.689,107.3200,196
48166324095701,13:22:46.324,107.3200,100
48185988985868,13:23:05.988,107.3600,19
48185988985868,13:23:05.988,107.3600,29
48185990018574,13:23:05.990,107.3600,49
48185990062647,13:23:05.990,107.3600,22
48209412872430,13:23:29.412,107.4100,100
48217414725580,13:23:37.414,107.4300,1
48217414725580,13:23:37.414,107.4300,99
48222409063471,13:23:42.409,107.4050,100
48242951133604,13:24:02.951,107.4100,1
48242951133604,13:24:02.951,107.4100,14
48280692429553,13:24:40.692,107.4100,31
48280692455790,13:24:40.692,107.4300,14
48291912288456,13:24:51.912,107.3900,100
48293070301607,13:24:53.070,107.3900,3
48305543948139,13:25:05.543,107.3600,100
48305543948139,13:25:05.543,107.3600,100
48346125705063,13:25:46.125,107.3300,100
48347443251832,13:25:47.443,107.3000,100
48356586885313,13:25:56.586,107.2900,1
48361769883771,13:26:01.769,107.2800,100
48361769883771,13:26:01.769,107.2800,2
48361770393651,13:26:01.770,107.2700,10
48361770697837,13:26:01.770,107.2800,100
48373639972102,13:26:13.639,107.2900,3
48373640620376,13:26:13.640,107.2800,100
48373640676773,13:26:13.640,107.2900,10
48385652114925,13:26:25.652,107.2600,2
48415770678765,13:26:55.770,107.2500,2
48426803904644,13:27:06.803,107.2400,2
48426804009180,13:27:06.804,107.2200,2
48480836638828,13:28:00.836,107.2800,50
48480836638828,13:28:00.836,107.2800,100
48481380650560,13:28:01.380,107.2700,1
48481381765789,13:28:01.381,107.2700,99
48488532358171,13:28:08.532,107.2500,100
48488532448738,13:28:08.532,107.2500,4
48565264855850,13:29:25.264,107.2100,100
48567409791941,13:29:27.409,107.1900,2
48567409791941,13:29:27.409,107.1900,100
48586776927918,13:29:46.776,107.2200,48
48604642140210,13:30:04.642,107.2200,46
48604642220626,13:30:04.642,107.2200,4
48619038840733,13:30:19.038,107.2200,4
48647810513472,13:30:47.810,107.2000,18
48647810530607,13:30:47.810,107.1900,18
48647810988278,13:30:47.810,107.1800,88
48688413705422,13:31:28.413,107.2300,100
48705873268384,13:31:45.873,107.1700,2
48705873268384,13:31:45.873,107.1700,8
48705873268384,13:31:45.873,107.1700,100
48705873268384,13:31:45.873,107.1700,100
48705874188498,13:31:45.874,107.1600,2
48705874188498,13:31:45.874,107.1600,8
48815013094711,13:33:35.013,107.1500,100
48815013094711,13:33:35.013,107.1500,6
48815013094711,13:33:35.013,107.1500,94
48815013101359,13:33:35.013,107.1500,6
48815013101359,13:33:35.013,107.1500,76
48815014023055,13:33:35.014,107.1400,5
48815044817281,13:33:35.044,107.1300,5
48818140673431,13:33:38.140,107.1200,2
48818140673431,13:33:38.140,107.1200,8
48818140673431,13:33:38.140,107.1200,100
48818147663689,13:33:38.147,107.1100,2
48818147663689,13:33:38.147,107.1100,3
48818148476480,13:33:38.148,107.1100,100
48828559711838,13:33:48.559,107.1000,2
48828559711838,13:33:48.559,107.1000,8
48830128566399,13:33:50.128,107.0900,2
48830128566399,13:33:50.128,107.0900,8
48831849473785,13:33:51.849,107.0700,100
48920186083358,13:35:20.186,107.0800,5
48927342025764,13:35:27.342,107.1000,100
48932892410907,13:35:32.892,107.1200,100
48956548510265,13:35:56.548,107.2000,100
48956562193830,13:35:56.562,107.2300,3
48961474672584,13:36:01.474,107.2300,97
48967587518985,13:36:07.587,107.2100,100
48967587518985,13:36:07.587,107.2100,2
49024342776385,13:37:04.342,107.2100,100
49047062632198,13:37:27.062,107.2400,10
49088338751073,13:38:08.338,107.2500,15
49088338751073,13:38:08.338,107.2600,85
49088339284858,13:38:08.339,107.2500,10
49088339300918,13:38:08.339,107.2200,10
49131224521692,13:38:51.224,107.2100,9
49131224727731,13:38:51.224,107.2100,9
49131224807632,13:38:51.224,107.2100,82
49131224807632,13:38:51.224,107.2100,100
49131224807632,13:38:51.224,107.2100,57
49131225543808,13:38:51.225,107.1800,18
49131234084361,13:38:51.234,107.1800,14
49131234124478,13:38:51.234,107.1800,6
49131234170171,13:38:51.234,107.1800,9
49131234216919,13:38:51.234,107.1800,9
49131234268167,13:38:51.234,107.1800,7
49131234625648,13:38:51.234,107.1800,18
49131245794280,13:38:51.245,107.1800,19
49131245794280,13:38:51.245,107.1700,8
49173513153139,13:39:33.513,107.2200,100
49180003763683,13:39:40.003,107.2200,67
49212754179753,13:40:12.754,107.2200,100
49212754179753,13:40:12.754,107.2200,100
49244414617983,13:40:44.414,107.2500,7
49321562539117,13:42:01.562,107.2900,15
49333045098383,13:42:13.045,107.2600,100
49333045098383,13:42:13.045,107.2600,100
49333418783667,13:42:13.418,107.2400,100
49333418783667,13:42:13.418,107.2400,100
49333422107405,13:42:13.422,107.2600,83
49333422355214,13:42:13.422,107.2600,83
49333422400053,13:42:13.422,107.2600,11
49364414554185,13:42:44.414,107.2700,100
49447980067291,13:44:07.980,107.2600,100
49455199751065,13:44:15.199,107.2600,100
49455201609459,13:44:15.201,107.2700,100
49470114798408,13:44:30.114,107.2400,100
49470114798408,13:44:30.114,107.2400,100
49487113444578,13:44:47.113,107.2200,56
49487154198470,13:44:47.154,107.1900,100
49518399430689,13:45:18.399,107.1700,10
49518400003024,13:45:18.400,107.1700,100
49592571158048,13:46:32.571,107.1900,46
49592571206809,13:46:32.571,107.1900,54
49647025808647,13:47:27.025,107.1700,100
49647025808647,13:47:27.025,107.1700,24
49672032988944,13:47:52.032,107.1500,100
49672032988944,13:47:52.032,107.1500,100
49672033025725,13:47:52.033,107.1500,100
49672034831690,13:47:52.034,107.1100,10
49715427225019,13:48:35.427,107.0600,100
49761334011735,13:49:21.334,107.0500,4
49761352737498,13:49:21.352,107.0300,2
49761352737498,13:49:21.352,107.0300,3
49761352737498,13:49:21.352,107.0300,100
49761352737498,13:49:21.352,107.0300,26
49761379697116,13:49:21.379,107.0400,60
49761380251691,13:49:21.380,107.0400,10
49761380995367,13:49:21.380,107.0400,30
49761381602781,13:49:21.381,107.0400,70
49772549674359,13:49:32.549,107.0500,3
49772550578209,13:49:32.550,107.0600,100
49778881234817,13:49:38.881,107.0200,5
49778881234817,13:49:38.881,107.0200,100
49778890577944,13:49:38.890,107.0400,10
49778891087123,13:49:38.891,107.0200,10
49778891087123,13:49:38.891,107.0200,10
49778891087123,13:49:38.891,107.0200,10
49778891087123,13:49:38.891,107.0200,10
49836349227194,13:50:36.349,107.0500,100
49836349227194,13:50:36.349,107.0500,100
49836349877601,13:50:36.349,107.0500,45
49873696567606,13:51:13.696,107.0900,100
49873696567606,13:51:13.696,107.0900,51
49873976142063,13:51:13.976,107.1200,18
49913212396843,13:51:53.212,107.0900,100
49913212396843,13:51:53.212,107.0900,4
49913212396843,13:51:53.212,107.0900,100
49930299190787,13:52:10.299,107.1100,100
49968332158900,13:52:48.332,107.0500,100
49968332158900,13:52:48.332,107.0500,11
49968332244044,13:52:48.332,107.0500,89
49999303798286,13:53:19.303,107.0800,5
50108480807434,13:55:08.480,107.1000,100
50108480807434,13:55:08.480,107.1000,3
50108480807434,13:55:08.480,107.1000,100
50154995613937,13:55:54.995,107.0900,100
50155013038693,13:55:55.013,107.0800,46
50155015736739,13:55:55.015,107.0800,52
50173964821103,13:56:13.964,107.1300,30
50230237005275,13:57:10.237,107.1400,5
50246602866288,13:57:26.602,107.1000,100
50246602866288,13:57:26.602,107.1000,100
50303814222644,13:58:23.814,107.0900,47
50305108454680,13:58:25.108,107.0900,6
50321079511707,13:58:41.079,107.0900,100
50326719086358,13:58:46.719,107.0800,100
50326719572775,13:58:46.719,107.0800,30
50326719700180,13:58:46.719,107.0700,10
50326720430455,13:58:46.720,107.0800,1
50326720472524,13:58:46.720,107.0800,9
50326720744146,13:58:46.720,107.1100,20
50330295244121,13:58:50.295,107.0700,100
50332050500652,13:58:52.050,107.0600,100
50332050500652,13:58:52.050,107.0600,100
50370045978828,13:59:30.045,107.0800,1
50385025898795,13:59:45.025,107.0800,1
50385026072035,13:59:45.026,107.0800,1
50402687482507,14:00:02.687,107.0200,2
50402688839319,14:00:02.688,107.0200,8
50402688839319,14:00:02.688,107.0200,52
50402688944313,14:00:02.688,107.0200,43
50402689186202,14:00:02.689,107.0200,5
50402691724620,14:00:02.691,107.0100,10
50402693997005,14:00:02.693,107.0200,110
50402696935558,14:00:02.696,107.0000,100
50402711137143,14:00:02.711,107.0200,10
50402721199131,14:00:02.721,107.0200,65
50402721711555,14:00:02.721,107.0200,135
50402725079950,14:00:02.725,106.9800,5
50402725079950,14:00:02.725,106.9800,95
50402738243950,14:00:02.738,106.9800,5
50402740232677,14:00:02.740,106.9800,40
50402746982802,14:00:02.746,106.9800,55
50402759744660,14:00:02.759,107.0400,100
50402759744660,14:00:02.759,107.0400,100
50402759744660,14:00:02.759,107.0500,100
50402759744660,14:00:02.759,107.0600,100
50402759744660,14:00:02.759,107.0600,100
50402759744660,14:00:02.759,107.0600,64
50402759909361,14:00:02.759,107.0300,100
50402957984642,14:00:02.957,107.0100,100
50403675028261,14:00:03.675,107.0500,84
50405720334641,14:00:05.720,107.0300,40
50405729333152,14:00:05.729,107.0500,16
50405729333152,14:00:05.729,107.0500,84
50405729379361,14:00:05.729,107.0500,16
50409002507306,14:00:09.002,107.1700,100
50409004810962,14:00:09.004,107.2000,100
50410275516205,14:00:10.275,107.2900,4
50410320290412,14:00:10.320,107.3100,68
50410329444968,14:00:10.329,107.3100,100
50412415374429,14:00:12.415,107.3500,100
50413014215470,14:00:13.014,107.3600,100
50413015837858,14:00:13.015,107.3700,100
50413034317669,14:00:13.034,107.4200,1
50423321344079,14:00:23.321,107.4100,194
50423325041653,14:00:23.325,107.3400,174
50423325041653,14:00:23.325,107.3400,67
50423328207603,14:00:23.328,107.3300,100
50423339435041,14:00:23.339,107.3700,2
50442131416944,14:00:42.131,107.4300,2
50442133038398,14:00:42.133,107.4300,98
50451048347041,14:00:51.048,107.4100,21
50451048347436,14:00:51.048,107.4100,40
50451048697418,14:00:51.048,107.4200,100
50451048877857,14:00:51.048,107.4200,1
50451048950369,14:00:51.048,107.4200,99
50451048950369,14:00:51.048,107.4200,1
50451049974797,14:00:51.049,107.4200,99
50453299462588,14:00:53.299,107.3800,100
50471402176368,14:01:11.402,107.4400,100
50481661345174,14:01:21.661,107.5500,39
50485145494993,14:01:25.145,107.5800,44
50485145523376,14:01:25.145,107.5800,56
50485146209394,14:01:25.146,107.5900,1
50485146499761,14:01:25.146,107.5900,99
50498416415148,14:01:38.416,107.6300,19
50515414720832,14:01:55.414,107.6700,19
50520417240080,14:02:00.417,107.6800,19
50525414278882,14:02:05.414,107.7000,11
50536988456914,14:02:16.988,107.6800,100
50536988456914,14:02:16.988,107.6800,100
50536988496969,14:02:16.988,107.6700,100
50537842849041,14:02:17.842,107.5700,100
50537875615134,14:02:17.875,107.5700,1
50538313584822,14:02:18.313,107.5400,100
50538313618189,14:02:18.313,107.5400,100
50538935480721,14:02:18.935,107.5700,8
50539524942013,14:02:19.524,107.5700,4
50539781065904,14:02:19.781,107.5200,100
50550089809624,14:02:30.089,107.5700,60
50552798541554,14:02:32.798,107.5800,100
50607487734282,14:03:27.487,107.6600,12
50607488506841,14:03:27.488,107.6600,33
50607488506841,14:03:27.488,107.6600,19
50607510244646,14:03:27.510,107.6900,19
50652621520189,14:04:12.621,107.7500,9
50652621701528,14:04:12.621,107.7500,9
50652622156417,14:04:12.622,107.7700,100
50652624172264,14:04:12.624,107.7700,12
50652624686384,14:04:12.624,107.7700,35
50652625873627,14:04:12.625,107.7700,40
50652626550583,14:04:12.626,107.7700,1
50652627599921,14:04:12.627,107.7700,12
50653225011075,14:04:13.225,107.7700,2
50663206939467,14:04:23.206,107.8100,44
50663207044658,14:04:23.207,107.8100,46
50674342085554,14:04:34.342,107.8400,100
50677730029347,14:04:37.730,107.8100,100
50677730029347,14:04:37.730,107.8100,100
50704790939235,14:05:04.790,107.8600,40
50704790977136,14:05:04.790,107.8600,20
50704791328373,14:05:04.791,107.8600,40
50747699174699,14:05:47.699,107.9000,1
50747699174699,14:05:47.699,107.9000,21
50747699901937,14:05:47.699,107.8900,100
50773984647123,14:06:13.984,107.8100,8
50773985449067,14:06:13.985,107.7800,100
50773985486431,14:06:13.985,107.7800,100
50773985558837,14:06:13.985,107.7600,100
50773985832638,14:06:13.985,107.7600,100
50773987069972,14:06:13.987,107.7600,100
50823870490223,14:07:03.870,107.7500,25
50823874976766,14:07:03.874,107.7800,100
50823875445075,14:07:03.875,107.7800,76
50823875445075,14:07:03.875,107.7900,11
50832862007791,14:07:12.862,107.7600,100
50833674598511,14:07:13.674,107.7500,100
50853846478385,14:07:33.846,107.7600,100
50855686728531,14:07:35.686,107.7100,2
50860412759328,14:07:40.412,107.7700,100
50864935329922,14:07:44.935,107.7100,31
50864935424224,14:07:44.935,107.7100,31
50864935598892,14:07:44.935,107.7100,31
50864935673501,14:07:44.935,107.7100,5
50864935673501,14:07:44.935,107.7100,158
50864935673501,14:07:44.935,107.7100,200
50865094283341,14:07:45.094,107.6800,10
50865094602018,14:07:45.094,107.6700,5
50878908969963,14:07:58.908,107.6600,10
50878908969963,14:07:58.908,107.6600,100
50878909026876,14:07:58.909,107.6500,5
50901580849371,14:08:21.580,107.6400,10
50919528531941,14:08:39.528,107.6900,100
50919528531941,14:08:39.528,107.6900,11
50919528898045,14:08:39.528,107.7000,35
51007088328097,14:10:07.088,107.6800,32
51007088373962,14:10:07.088,107.6800,27
51007088373962,14:10:07.088,107.6800,8
51011290783431,14:10:11.290,107.7000,25
51011291720323,14:10:11.291,107.7000,100
51017277940535,14:10:17.277,107.6900,100
51017277940535,14:10:17.277,107.6900,100
51017277940535,14:10:17.277,107.6900,100
51025088647381,14:10:25.088,107.6400,88
51025088653340,14:10:25.088,107.6400,2
51025093552435,14:10:25.093,107.6300,5
51025716021742,14:10:25.716,107.6200,4
51025716021742,14:10:25.716,107.6200,1
51025716021742,14:10:25.716,107.6200,100
51025748729106,14:10:25.748,107.6000,10
51063917833726,14:11:03.917,107.7300,33
51083911413791,14:11:23.911,107.7600,100
51083911443681,14:11:23.911,107.7600,25
51145876093461,14:12:25.876,107.7900,82
51148073278439,14:12:28.073,107.8000,9
51148073278439,14:12:28.073,107.8000,100
51148073312704,14:12:28.073,107.8000,100
51217070284598,14:13:37.070,107.7900,8
51256391223553,14:14:16.391,107.8500,34
51256391223553,14:14:16.391,107.8500,10
51256407359940,14:14:16.407,107.8600,5
51300163933253,14:15:00.163,107.8400,44
51300164818561,14:15:00.164,107.8400,44
51300165593552,14:15:00.165,107.8400,12
51300168110979,14:15:00.168,107.8300,12
51300192321469,14:15:00.192,107.8300,188
51300559998024,14:15:00.559,107.7900,92
51338441213239,14:15:38.441,107.7700,100
51382622029189,14:16:22.622,107.8500,9
51400411298544,14:16:40.411,107.9000,4
51426993591283,14:17:06.993,107.9000,36
51427466861874,14:17:07.466,107.9100,2
51474427813635,14:17:54.427,107.8500,100
51474428253965,14:17:54.428,107.8300,92
51474428280843,14:17:54.428,107.8300,8
51500943691386,14:18:20.943,107.8800,100
51532289839437,14:18:52.289,107.8500,100
51556918515760,14:19:16.918,107.8400,100
51560749243632,14:19:20.749,107.8400,9
51560749243632,14:19:20.749,107.8400,100
51583910956794,14:19:43.910,107.9500,100
51583910956794,14:19:43.910,107.9500,42
51583914901819,14:19:43.914,107.9700,100
51584648117391,14:19:44.648,107.9400,6
51584648117391,14:19:44.648,107.9400,36
51587393195868,14:19:47.393,107.9300,100
51608855580280,14:20:08.855,107.9500,2
51635022613949,14:20:35.022,107.8900,100
51635023501284,14:20:35.023,107.8800,100
51635104952379,14:20:35.104,107.8600,100
51635105025318,14:20:35.105,107.8700,60
51654148780392,14:20:54.148,107.9700,48
51661072663803,14:21:01.072,107.9400,100
51665367881217,14:21:05.367,108.0300,50
51670522021124,14:21:10.522,108.0000,100
51670523777258,14:21:10.523,108.0000,100
51670973015378,14:21:10.973,107.9700,17
51670975681985,14:21:10.975,107.9800,17
51670976535596,14:21:10.976,107.9900,17
51670976535596,14:21:10.976,107.9900,59
51682232218600,14:21:22.232,108.0000,100
51759076798363,14:22:39.076,108.0700,5
51759088536773,14:22:39.088,108.1100,17
51759094604642,14:22:39.094,108.1100,17
51759100453488,14:22:39.100,108.1100,83
51759100453488,14:22:39.100,108.1100,100
51759112532826,14:22:39.112,108.1200,100
51759449488568,14:22:39.449,108.1400,100
51760076273910,14:22:40.076,108.1200,12
51760213146447,14:22:40.213,108.1500,100
51762564797183,14:22:42.564,108.1200,100
51762564797183,14:22:42.564,108.1100,100
51767293320778,14:22:47.293,108.1100,100
51803859097919,14:23:23.859,108.0900,36
51863511197382,14:24:23.511,108.0800,100
51863511197382,14:24:23.511,108.0800,100
51863511197382,14:24:23.511,108.0800,100
51863513319103,14:24:23.513,108.0600,100
51897007256047,14:24:57.007,107.9600,100
51902027276255,14:25:02.027,107.9400,10
51911013387096,14:25:11.013,107.9700,2
51911013413460,14:25:11.013,107.9700,48
51912746651330,14:25:12.746,107.9900,33
51925760452571,14:25:25.760,108.0200,14
51932690672619,14:25:32.690,107.9700,100
51932690672619,14:25:32.690,107.9700,61
51961036428651,14:26:01.036,107.9500,44
51961036492537,14:26:01.036,107.9500,56
51961040999177,14:26:01.040,107.9300,100
51972382080118,14:26:12.382,107.8900,19
51995999850902,14:26:35.999,107.8800,7
52038322312121,14:27:18.322,107.7400,100
52064928658320,14:27:44.928,107.6700,16
52101034654555,14:28:21.034,107.6700,7
52101034711686,14:28:21.034,107.6700,7
52204775708742,14:30:04.775,107.6100,100
52204826081159,14:30:04.826,107.6100,10
52210587877284,14:30:10.587,107.6500,33
52309430548277,14:31:49.430,107.6200,100
52309430623964,14:31:49.430,107.6200,100
52309431009913,14:31:49.431,107.6200,100
52309431479261,14:31:49.431,107.6100,16
52359235056789,14:32:39.235,107.5800,11
52359235056789,14:32:39.235,107.5800,100
52440546430259,14:34:00.546,107.5500,42
52440546430259,14:34:00.546,107.5500,17
52440546430259,14:34:00.546,107.5500,12
52452253291493,14:34:12.253,107.5600,100
52455395062826,14:34:15.395,107.6100,61
52455396251488,14:34:15.396,107.6200,23
52455396251488,14:34:15.396,107.6200,61
52547512105116,14:35:47.512,107.5800,100
52547512178054,14:35:47.512,107.5800,100
52547512178054,14:35:47.512,107.5800,100
52550552621516,14:35:50.552,107.5900,2
52572418896632,14:36:12.418,107.5300,12
52610380197835,14:36:50.380,107.5700,17
52631645958371,14:37:11.645,107.5000,3
52642499954393,14:37:22.499,107.5800,17
52642503762208,14:37:22.503,107.5900,100
52642527086805,14:37:22.527,107.6000,100
52645834511164,14:37:25.834,107.6400,22
52645834511164,14:37:25.834,107.6400,78
52701258735459,14:38:21.258,107.6600,10
52728231185859,14:38:48.231,107.6900,20
52743070500730,14:39:03.070,107.6700,100
52743070500730,14:39:03.070,107.6700,100
52743070500730,14:39:03.070,107.6700,100
52743071424608,14:39:03.071,107.6500,100
52743071424608,14:39:03.071,107.6500,17
52743074232099,14:39:03.074,107.6400,12
52812371167716,14:40:12.371,107.5700,100
52812371238866,14:40:12.371,107.5700,12
52812371238866,14:40:12.371,107.5700,88
52812371242002,14:40:12.371,107.5700,12
52869745698224,14:41:09.745,107.5300,17
52889991265526,14:41:29.991,107.5300,100
52892954848193,14:41:32.954,107.5000,100
52893115058943,14:41:33.115,107.4900,100
52939133775998,14:42:19.133,107.5100,5
52939133775998,14:42:19.133,107.5100,60
52939133775998,14:42:19.133,107.5200,35
52939134051691,14:42:19.134,107.5200,65
52939134411170,14:42:19.134,107.5200,33
52939156954396,14:42:19.156,107.4900,10
52949703874652,14:42:29.703,107.4800,100
52962755655469,14:42:42.755,107.4000,16
52962755655469,14:42:42.755,107.4000,15
52967026887775,14:42:47.026,107.3800,16
52979409731851,14:42:59.409,107.3700,100
52985543481368,14:43:05.543,107.3300,16
52985543491516,14:43:05.543,107.3300,84
53007919015160,14:43:27.919,107.3400,30
53007919015160,14:43:27.919,107.3500,12
53007919036891,14:43:27.919,107.3500,42
53010269804678,14:43:30.269,107.3500,40
53010269804678,14:43:30.269,107.3500,5
53010281275115,14:43:30.281,107.3500,5
53010281727364,14:43:30.281,107.3600,4
53010281741843,14:43:30.281,107.3600,96
53016342047372,14:43:36.342,107.4100,33
53033407790341,14:43:53.407,107.4600,100
53033407855705,14:43:53.407,107.4700,5
53033409115037,14:43:53.409,107.4800,1
53034654689047,14:43:54.654,107.4900,5
53035305608901,14:43:55.305,107.4700,100
53037192820811,14:43:57.192,107.4600,100
53090248786296,14:44:50.248,107.5100,100
53090251154060,14:44:50.251,107.5200,2
53092754049076,14:44:52.754,107.5000,18
53092754049076,14:44:52.754,107.5000,100
53092754049076,14:44:52.754,107.5000,82
53092754615982,14:44:52.754,107.5000,100
53092754660544,14:44:52.754,107.5000,18
53092754700870,14:44:52.754,107.5000,18
53092754780851,14:44:52.754,107.5000,18
53092758660286,14:44:52.758,107.5000,67
53092759079941,14:44:52.759,107.5000,33
53101152780317,14:45:01.152,107.4600,18
53161606825359,14:46:01.606,107.5300,199
53161606966597,14:46:01.606,107.5400,2
53189394540152,14:46:29.394,107.5800,2
53190364568355,14:46:30.364,107.5700,100
53215278857274,14:46:55.278,107.5900,100
53215278922707,14:46:55.278,107.6000,5
53215279569150,14:46:55.279,107.6100,2
53215279843686,14:46:55.279,107.6200,1
53247508996509,14:47:27.508,107.6100,100
53247508996509,14:47:27.508,107.6100,100
53247511097017,14:47:27.511,107.5800,100
53247511097017,14:47:27.511,107.5800,17
53446772208655,14:50:46.772,107.4900,100
53446772208655,14:50:46.772,107.4900,100
53446784540592,14:50:46.784,107.4900,21
53446784540592,14:50:46.784,107.4900,21
53446784540592,14:50:46.784,107.4900,100
53447608809561,14:50:47.608,107.4900,100
53465076959338,14:51:05.076,107.4500,100
53465081728091,14:51:05.081,107.4400,1
53466547307691,14:51:06.547,107.4200,1
53466553484718,14:51:06.553,107.4000,5
53470370084574,14:51:10.370,107.3700,1
53471778930508,14:51:11.778,107.3500,10
53472611871955,14:51:12.611,107.3800,35
53472611871955,14:51:12.611,107.3800,49
53472611899748,14:51:12.611,107.3800,84
53548356286803,14:52:28.356,107.5600,200
53548356286803,14:52:28.356,107.5600,100
53567521444304,14:52:47.521,107.5700,100
53567521485516,14:52:47.521,107.5700,100
53567521525635,14:52:47.521,107.5700,10
53567524128987,14:52:47.524,107.5700,100
53574494403719,14:52:54.494,107.6000,100
53578596047413,14:52:58.596,107.5600,17
53597195849155,14:53:17.195,107.6700,45
53647527302151,14:54:07.527,107.6700,2
53647527302151,14:54:07.527,107.6800,98
53647527336203,14:54:07.527,107.6800,2
53691012383213,14:54:51.012,107.7000,100
53691012383213,14:54:51.012,107.7000,100
53691016449816,14:54:51.016,107.6800,100
53831019944136,14:57:11.019,107.7200,100
53831019944136,14:57:11.019,107.7200,97
53831019959469,14:57:11.019,107.7200,3
53831019973862,14:57:11.019,107.7100,46
53831022095200,14:57:11.022,107.7200,192
53843197865507,14:57:23.197,107.7700,89
53843197867157,14:57:23.197,107.7700,11
53843197867157,14:57:23.197,107.7700,25
53843268033113,14:57:23.268,107.7500,20
53863640184607,14:57:43.640,107.8000,2
53863640977414,14:57:43.640,107.8000,2
53863641053881,14:57:43.641,107.8000,2
53863642179561,14:57:43.642,107.8000,1
53879186417136,14:57:59.186,107.7700,2
53883142330987,14:58:03.142,107.7700,98
53899806322402,14:58:19.806,107.8200,100
53899806409874,14:58:19.806,107.8200,2
53899806481374,14:58:19.806,107.8200,98
53899806867492,14:58:19.806,107.8100,10
53899806901143,14:58:19.806,107.8100,19
53905234395431,14:58:25.234,107.8700,100
53942898125151,14:59:02.898,107.8400,17
54007224881178,15:00:07.224,107.8300,79
54007224881178,15:00:07.224,107.8300,100
54007224881178,15:00:07.224,107.8300,18
54007224965685,15:00:07.224,107.8100,17
54007224968068,15:00:07.224,107.8100,75
54007225354679,15:00:07.225,107.8100,58
54019807473021,15:00:19.807,107.8300,15
54019807473021,15:00:19.807,107.8400,18
54019807485569,15:00:19.807,107.8400,67
54019807491768,15:00:19.807,107.8400,13
54019807500471,15:00:19.807,107.8400,2
54132547973689,15:02:12.547,107.7200,21
54132547973689,15:02:12.547,107.7200,79
54163247554052,15:02:43.247,107.6900,100
54163248954507,15:02:43.248,107.6900,4
54176348441756,15:02:56.348,107.6900,96
54246303498877,15:04:06.303,107.6000,60
54246303893498,15:04:06.303,107.6000,40
54246303893498,15:04:06.303,107.6000,24
54251977962338,15:04:11.977,107.6300,100
54251978416405,15:04:11.978,107.6300,100
54251979485926,15:04:11.979,107.6400,5
54251979945201,15:04:11.979,107.6400,5
54251980397565,15:04:11.980,107.6400,5
54251980747174,15:04:11.980,107.6400,5
54251981104347,15:04:11.981,107.6400,5
54303948587580,15:05:03.948,107.6700,65
54303948587580,15:05:03.948,107.6700,13
54303948628943,15:05:03.948,107.6700,87
54303948698780,15:05:03.948,107.6700,13
54326909968804,15:05:26.909,107.6200,100
54326909968804,15:05:26.909,107.6200,6
54345002433307,15:05:45.002,107.5900,57
54352653134232,15:05:52.653,107.5900,100
54352771412079,15:05:52.771,107.5800,100
54352771486874,15:05:52.771,107.5800,86
54352771486874,15:05:52.771,107.5800,2
54365510759486,15:06:05.510,107.5700,30
54383275499233,15:06:23.275,107.5700,70
54383275499233,15:06:23.275,107.5700,22
54383275514627,15:06:23.275,107.5600,100
54473869162348,15:07:53.869,107.5400,100
54475593656638,15:07:55.593,107.5600,200
54475593656638,15:07:55.593,107.5600,46
54475593656638,15:07:55.593,107.5600,54
54483622589527,15:08:03.622,107.6100,100
54483622589527,15:08:03.622,107.6100,100
54483622628123,15:08:03.622,107.6100,100
54483622628123,15:08:03.622,107.6100,18
54483623289210,15:08:03.623,107.6100,82
54483623289210,15:08:03.623,107.6100,18
54483623425456,15:08:03.623,107.6100,6
54485137207421,15:08:05.137,107.6200,33
54485137207421,15:08:05.137,107.6200,1
54497036766864,15:08:17.036,107.6200,100
54509244195036,15:08:29.244,107.5900,100
54538870434128,15:08:58.870,107.6000,100
54541787200502,15:09:01.787,107.6000,2
54541787200502,15:09:01.787,107.6000,96
54541787200502,15:09:01.787,107.6000,2
54542462507396,15:09:02.462,107.6000,98
54543792746802,15:09:03.792,107.5900,100
54544427799781,15:09:04.427,107.5900,25
54549153223362,15:09:09.153,107.5800,100
54560274318926,15:09:20.274,107.6000,100
54560276185259,15:09:20.276,107.6100,100
54600197083702,15:10:00.197,107.5500,100
54600197232551,15:10:00.197,107.5500,100
54632508341733,15:10:32.508,107.5000,20
54635854135470,15:10:35.854,107.5000,100
54637626738914,15:10:37.626,107.4900,100
54637626817587,15:10:37.626,107.4900,100
54664780116444,15:11:04.780,107.4400,5
54664780116444,15:11:04.780,107.4300,5
54668789179381,15:11:08.789,107.4200,10
54668789330137,15:11:08.789,107.4100,10
54669429408711,15:11:09.429,107.4100,36
54694143854899,15:11:34.143,107.4900,100
54694143955768,15:11:34.143,107.4800,100
54694161593572,15:11:34.161,107.4800,9
54694161610205,15:11:34.161,107.4800,5
54696205059283,15:11:36.205,107.4700,65
54699790034319,15:11:39.790,107.4700,35
54721306978454,15:12:01.306,107.4500,100
54732921835898,15:12:12.921,107.4300,18
54732921835898,15:12:12.921,107.4300,82
54732922028043,15:12:12.922,107.4300,100
54732922031693,15:12:12.922,107.4300,18
54774754624738,15:12:54.754,107.4900,5
54793660728538,15:13:13.660,107.5200,35
54793660738946,15:13:13.660,107.5200,65
54793660738946,15:13:13.660,107.5200,9
54793660770441,15:13:13.660,107.5200,91
54812155579498,15:13:32.155,107.5400,33
54812155579498,15:13:32.155,107.5400,4
54812585156846,15:13:32.585,107.5400,96
54814956567021,15:13:34.956,107.5100,40
54824951731027,15:13:44.951,107.5000,55
54868498200468,15:14:28.498,107.5800,100
54879216905849,15:14:39.216,107.5800,100
54879216941535,15:14:39.216,107.5800,13
54888076070605,15:14:48.076,107.6000,100
54897045935994,15:14:57.045,107.6300,100
54897045935994,15:14:57.045,107.6300,100
54923668710715,15:15:23.668,107.6400,100
54926294692594,15:15:26.294,107.6300,100
54926294692594,15:15:26.294,107.6300,100
54928628573304,15:15:28.628,107.6300,1
54928628573304,15:15:28.628,107.6300,17
54938979442647,15:15:38.979,107.6500,23
54938979442647,15:15:38.979,107.6600,77
54947329968557,15:15:47.329,107.6800,100
54960727818114,15:16:00.727,107.6600,100
54960727818114,15:16:00.727,107.6600,100
54962266473723,15:16:02.266,107.6300,100
54973380492096,15:16:13.380,107.6600,100
54990979042370,15:16:30.979,107.6200,100
54990981348667,15:16:30.981,107.6000,100
54990982924220,15:16:30.982,107.5800,9
54990982924220,15:16:30.982,107.5800,5
54990983333586,15:16:30.983,107.5700,79
54990984065890,15:16:30.984,107.5700,5
54990984124746,15:16:30.984,107.5700,16
54991010908802,15:16:31.010,107.5600,18
54991063363576,15:16:31.063,107.6000,16
54998523719475,15:16:38.523,107.5500,100
55045624972223,15:17:25.624,107.5500,100
55045625084122,15:17:25.625,107.5500,100
55049164961181,15:17:29.164,107.5500,100
55049164961181,15:17:29.164,107.5500,3
55049167091963,15:17:29.167,107.5500,100
55058426939029,15:17:38.426,107.5200,8
55058426939029,15:17:38.426,107.5200,2
55058426939029,15:17:38.426,107.5200,64
55058426940050,15:17:38.426,107.5200,36
55058427003120,15:17:38.427,107.5100,3
55058427003120,15:17:38.427,107.5100,2
55058982841772,15:17:38.982,107.4900,100
55062366297192,15:17:42.366,107.4800,44
55089511739096,15:18:09.511,107.4700,10
55089511739096,15:18:09.511,107.4700,19
55101710029791,15:18:21.710,107.4900,36
55101710029791,15:18:21.710,107.4900,77
55101710062148,15:18:21.710,107.4900,23
55101710062148,15:18:21.710,107.4900,100
55101710099874,15:18:21.710,107.4900,98
55101710107645,15:18:21.710,107.4900,2
55119337817227,15:18:39.337,107.4600,100
55119337838644,15:18:39.337,107.4500,2
55119346430581,15:18:39.346,107.4600,100
55137378651847,15:18:57.378,107.4400,2
55137378651847,15:18:57.378,107.4400,8
55137378651847,15:18:57.378,107.4400,90
55142064252889,15:19:02.064,107.4300,10
55142064252889,15:19:02.064,107.4300,21
55162675279274,15:19:22.675,107.4800,5
55162675448693,15:19:22.675,107.4800,20
55162675755749,15:19:22.675,107.4800,100
55167205106695,15:19:27.205,107.4900,59
55172216026049,15:19:32.216,107.4900,41
55179796754078,15:19:39.796,107.5300,65
55185278240889,15:19:45.278,107.5400,100
55203592485778,15:20:03.592,107.5600,100
55203592523826,15:20:03.592,107.5600,33
55220507928990,15:20:20.507,107.5400,60
55220508244858,15:20:20.508,107.5400,23
55220508256457,15:20:20.508,107.5400,17
55220508256457,15:20:20.508,107.5400,85
55220508322140,15:20:20.508,107.5400,15
55236328777705,15:20:36.328,107.5700,100
55265724625443,15:21:05.724,107.5500,100
55265724710386,15:21:05.724,107.5500,18
55283996002995,15:21:23.996,107.5400,33
55283996375264,15:21:23.996,107.5400,67
55283996375264,15:21:23.996,107.5400,100
55283996375264,15:21:23.996,107.5400,100
55285733103039,15:21:25.733,107.5100,8
55285736209028,15:21:25.736,107.5000,9
55289995204659,15:21:29.995,107.4900,100
55296669371200,15:21:36.669,107.4700,5
55296672112275,15:21:36.672,107.4600,10
55296672112275,15:21:36.672,107.4500,1
55296672112275,15:21:36.672,107.4500,90
55300301707381,15:21:40.301,107.4500,100
55300301707381,15:21:40.301,107.4500,100
55300303500158,15:21:40.303,107.4500,100
55300303500158,15:21:40.303,107.4500,100
55308990836642,15:21:48.990,107.4400,35
55309039890062,15:21:49.039,107.4400,65
55309039890062,15:21:49.039,107.4400,1
55318418674711,15:21:58.418,107.4300,10
55318420068494,15:21:58.420,107.4200,100
55328801972257,15:22:08.801,107.4100,5
55332236418005,15:22:12.236,107.4000,1
55346420440460,15:22:26.420,107.3900,20
55346420440460,15:22:26.420,107.3900,100
55346420440460,15:22:26.420,107.3900,100
55348985301685,15:22:28.985,107.4000,14
55378052142709,15:22:58.052,107.4000,49
55391024240896,15:23:11.024,107.3600,5
55391024240896,15:23:11.024,107.3600,100
55391024255090,15:23:11.024,107.3500,1
55391024255090,15:23:11.024,107.3500,91
55391024268796,15:23:11.024,107.3500,9
55391025804173,15:23:11.025,107.3600,100
55391863831217,15:23:11.863,107.3400,5
55398770042587,15:23:18.770,107.3300,2
55398770042587,15:23:18.770,107.3300,2
55398770042587,15:23:18.770,107.3300,10
55400198514033,15:23:20.198,107.3300,65
55439644192509,15:23:59.644,107.3200,100
55445991663016,15:24:05.991,107.3100,18
55446710277033,15:24:06.710,107.3000,100
55447802831419,15:24:07.802,107.2800,100
55447901168391,15:24:07.901,107.2700,100
55489553984877,15:24:49.553,107.2800,100
55497709460781,15:24:57.709,107.2700,100
55497709561347,15:24:57.709,107.2700,70
55497709943473,15:24:57.709,107.2700,30
55542383054704,15:25:42.383,107.2300,100
55542383184644,15:25:42.383,107.2300,100
55542383184644,15:25:42.383,107.2300,100
55542383550832,15:25:42.383,107.2200,100
55547923084677,15:25:47.923,107.2400,100
55547923084677,15:25:47.923,107.2400,100
55615457779037,15:26:55.457,107.2300,21
55615457779037,15:26:55.457,107.2300,100
55658616983922,15:27:38.616,107.3000,100
55658616983922,15:27:38.616,107.3000,100
55670807844927,15:27:50.807,107.3200,100
55670854924851,15:27:50.854,107.3500,97
55673115092271,15:27:53.115,107.3600,8
55677002159535,15:27:57.002,107.4100,200
55695871852050,15:28:15.871,107.4100,100
55715877197737,15:28:35.877,107.4400,54
55719467667756,15:28:39.467,107.4400,100
55719468268135,15:28:39.468,107.4300,100
55735744693140,15:28:55.744,107.4100,11
55735744693140,15:28:55.744,107.4100,40
55735744707865,15:28:55.744,107.4100,60
55741134298918,15:29:01.134,107.3900,100
55741134298918,15:29:01.134,107.3900,111
55741850951294,15:29:01.850,107.3500,100
55746937907485,15:29:06.937,107.3400,9
55746937907485,15:29:06.937,107.3400,100
55748071059832,15:29:08.071,107.3300,100
55748071059832,15:29:08.071,107.3300,10
55785134830229,15:29:45.134,107.3200,53
55800691175121,15:30:00.691,107.3200,47
55800763339370,15:30:00.763,107.3100,100
55800763378206,15:30:00.763,107.3100,10
55800763378206,15:30:00.763,107.3100,29
55800763390068,15:30:00.763,107.3100,100
55800763407218,15:30:00.763,107.3100,28
55800763407218,15:30:00.763,107.3100,72
55800764033254,15:30:00.764,107.3100,28
55800779009544,15:30:00.779,107.3000,20
55802030219133,15:30:02.030,107.2900,10
55803502754416,15:30:03.502,107.2800,10
55803502754416,15:30:03.502,107.2800,15
55803502906974,15:30:03.502,107.2800,1
55803810682487,15:30:03.810,107.2700,10
55804866117339,15:30:04.866,107.2800,33
55804866207550,15:30:04.866,107.2800,67
55807725115408,15:30:07.725,107.2700,100
55812996535368,15:30:12.996,107.2600,10
55812996535368,15:30:12.996,107.2500,10
55812996535368,15:30:12.996,107.2500,77
55815996183860,15:30:15.996,107.2500,23
55815996183860,15:30:15.996,107.2500,77
55825968599601,15:30:25.968,107.3000,33
55826776408190,15:30:26.776,107.3100,100
55828782534441,15:30:28.782,107.3200,100
55831242934186,15:30:31.242,107.3400,85
55848784306101,15:30:48.784,107.3400,100
55852664691185,15:30:52.664,107.3400,100
55852667637306,15:30:52.667,107.3400,100
55867880198514,15:31:07.880,107.3800,40
55867880211343,15:31:07.880,107.3800,50
55867880214878,15:31:07.880,107.3800,10
55878965423780,15:31:18.965,107.4100,100
55907055125744,15:31:47.055,107.3900,100
55907055141431,15:31:47.055,107.3900,100
55916661479154,15:31:56.661,107.4400,100
55916664711069,15:31:56.664,107.4500,100
55933766263396,15:32:13.766,107.4200,100
55933766263396,15:32:13.766,107.4200,100
55951042005403,15:32:31.042,107.4000,5
55951042005403,15:32:31.042,107.4000,100
55951042005403,15:32:31.042,107.4000,23
55971474201092,15:32:51.474,107.4300,200
55996510883641,15:33:16.510,107.3900,100
55996510883641,15:33:16.510,107.3900,100
55996510883641,15:33:16.510,107.3900,100
56000656742992,15:33:20.656,107.3800,100
56002512939294,15:33:22.512,107.3600,100
56007226755639,15:33:27.226,107.3400,8
56007226755639,15:33:27.226,107.3400,2
56007874773507,15:33:27.874,107.3700,100
56007874773507,15:33:27.874,107.3700,100
56008735134837,15:33:28.735,107.3700,109
56028306521715,15:33:48.306,107.3500,100
56029400203861,15:33:49.400,107.3300,100
56033177028918,15:33:53.177,107.3300,100
56040915186080,15:34:00.915,107.3200,10
56040915186080,15:34:00.915,107.3200,37
56040915208726,15:34:00.915,107.3200,50
56040915234607,15:34:00.915,107.3200,13
56040915234607,15:34:00.915,107.3200,100
56040915234607,15:34:00.915,107.3200,32
56040915342888,15:34:00.915,107.3200,68
56041797777055,15:34:01.797,107.3100,10
56043374478997,15:34:03.374,107.3000,10
56043423281684,15:34:03.423,107.2900,10
56048744004390,15:34:08.744,107.3000,9
56071906149237,15:34:31.906,107.3300,100
56071906149237,15:34:31.906,107.3300,56
56071906182192,15:34:31.906,107.3300,244
56088482841319,15:34:48.482,107.3200,100
56092222509636,15:34:52.222,107.3000,100
56093998259083,15:34:53.998,107.2900,100
56096997571303,15:34:56.997,107.2800,5
56096997571303,15:34:56.997,107.2800,5
56096997571303,15:34:56.997,107.2800,90
56104479800792,15:35:04.479,107.3100,100
56104479822968,15:35:04.479,107.3200,48
56104479832323,15:35:04.479,107.3200,49
56104479912555,15:35:04.479,107.3200,3
56105129935882,15:35:05.129,107.3300,100
56123073480476,15:35:23.073,107.3400,100
56167297481980,15:36:07.297,107.3600,100
56168650214604,15:36:08.650,107.3600,100
56168650214604,15:36:08.650,107.3600,13
56188350014408,15:36:28.350,107.3400,88
56210439560062,15:36:50.439,107.3700,5
56210439560062,15:36:50.439,107.3700,100
56229999819204,15:37:09.999,107.3300,58
56230352707059,15:37:10.352,107.3300,42
56230361561819,15:37:10.361,107.3200,100
56230361561819,15:37:10.361,107.3200,100
56230361561819,15:37:10.361,107.3200,100
56230833232358,15:37:10.833,107.3100,100
56231327724789,15:37:11.327,107.3100,100
56238868879434,15:37:18.868,107.2700,20
56241320459588,15:37:21.320,107.3000,100
56241320459588,15:37:21.320,107.3000,100
56256674083444,15:37:36.674,107.3200,7
56256674094780,15:37:36.674,107.3200,50
56256674172449,15:37:36.674,107.3200,43
56257618221064,15:37:37.618,107.3400,100
56277549931713,15:37:57.549,107.3200,100
56321836546508,15:38:41.836,107.3300,45
56321837141442,15:38:41.837,107.3300,55
56321839390944,15:38:41.839,107.3200,100
56321839390944,15:38:41.839,107.3200,10
56323527918766,15:38:43.527,107.3600,33
56323579820040,15:38:43.579,107.3700,13
56323581188864,15:38:43.581,107.3700,54
56323581228874,15:38:43.581,107.3700,33
56324083021611,15:38:44.083,107.3600,62
56327732928386,15:38:47.732,107.3600,100
56350627469844,15:39:10.627,107.3600,60
56350627889277,15:39:10.627,107.3600,24
56350627980294,15:39:10.627,107.3600,16
56350627980294,15:39:10.627,107.3600,17
56350628090359,15:39:10.628,107.3600,31
56350632750111,15:39:10.632,107.3500,195
56366002695098,15:39:26.002,107.3200,100
56366002695098,15:39:26.002,107.3200,100
56389996692968,15:39:49.996,107.3200,9
56389996692968,15:39:49.996,107.3200,83
56400998121138,15:40:00.998,107.3100,100
56403227640314,15:40:03.227,107.3100,100
56403228140119,15:40:03.228,107.3100,100
56403997463682,15:40:03.997,107.3000,100
56403997567379,15:40:03.997,107.3000,100
56403997567379,15:40:03.997,107.3000,21
56403999325864,15:40:03.999,107.2900,100
56409602326373,15:40:09.602,107.2800,100
56412512896348,15:40:12.512,107.3000,100
56412512896348,15:40:12.512,107.3000,100
56412548362146,15:40:12.548,107.3000,10
56412548362146,15:40:12.548,107.3000,65
56427341391542,15:40:27.341,107.2800,100
56427341391542,15:40:27.341,107.2800,15
56427341693876,15:40:27.341,107.2800,91
56427341767001,15:40:27.341,107.2700,10
56454246285713,15:40:54.246,107.3100,100
56454246285713,15:40:54.246,107.3100,49
56454246300992,15:40:54.246,107.3100,49
56454246327640,15:40:54.246,107.3100,2
56460040010850,15:41:00.040,107.3100,100
56480461723728,15:41:20.461,107.2700,100
56480461723728,15:41:20.461,107.2700,100
56480473692902,15:41:20.473,107.2600,10
56480479449797,15:41:20.479,107.2700,23
56480479504573,15:41:20.479,107.2700,77
56480481891866,15:41:20.481,107.2500,2
56480481891866,15:41:20.481,107.2500,3
56480494500482,15:41:20.494,107.2500,137
56480494500482,15:41:20.494,107.2500,3
56498822663601,15:41:38.822,107.2300,1
56498822663601,15:41:38.822,107.2300,2
56498822663601,15:41:38.822,107.2300,100
56498850211094,15:41:38.850,107.2100,5
56503933018260,15:41:43.933,107.2000,100
56503933018260,15:41:43.933,107.2000,100
56505008668861,15:41:45.008,107.1900,10
56505008668861,15:41:45.008,107.1900,10
56505925659670,15:41:45.925,107.2200,100
56507355671917,15:41:47.355,107.2300,100
56523034140961,15:42:03.034,107.2500,13
56523355975626,15:42:03.355,107.2700,133
56523356406949,15:42:03.356,107.2700,67
56523356406949,15:42:03.356,107.2700,100
56534166904343,15:42:14.166,107.2800,100
56534166908633,15:42:14.166,107.2800,49
56534166916973,15:42:14.166,107.2800,51
56539907312114,15:42:19.907,107.2900,100
56548303231987,15:42:28.303,107.3100,100
56548303231987,15:42:28.303,107.3100,100
56553096194489,15:42:33.096,107.3300,100
56560989116361,15:42:40.989,107.3400,100
56561208842013,15:42:41.208,107.3500,100
56561208871240,15:42:41.208,107.3500,19
56562908105113,15:42:42.908,107.3600,100
56580103200849,15:43:00.103,107.4000,100
56580132752895,15:43:00.132,107.4200,100
56595504758209,15:43:15.504,107.4100,100
56595504758209,15:43:15.504,107.4100,100
56596125057583,15:43:16.125,107.4000,100
56596125239828,15:43:16.125,107.4000,28
56596125268875,15:43:16.125,107.4000,45
56596126413936,15:43:16.126,107.4000,27
56596126413936,15:43:16.126,107.4000,100
56613584887579,15:43:33.584,107.4200,100
56616688788070,15:43:36.688,107.4000,12
56652230439097,15:44:12.230,107.3900,100
56652230439097,15:44:12.230,107.3900,49
56652230450427,15:44:12.230,107.3900,51
56670997972449,15:44:30.997,107.4000,100
56671065585933,15:44:31.065,107.4000,100
56673995220297,15:44:33.995,107.3900,100
56683450139002,15:44:43.450,107.4200,5
56683452112184,15:44:43.452,107.4300,15
56684906684502,15:44:44.906,107.4300,100
56684906714871,15:44:44.906,107.4300,100
56688997264977,15:44:48.997,107.4200,100
56688997270842,15:44:48.997,107.4200,100
56691995932505,15:44:51.995,107.3900,84
56695009060986,15:44:55.009,107.4200,100
56698529743211,15:44:58.529,107.4000,46
56698814270382,15:44:58.814,107.3900,16
56698814314203,15:44:58.814,107.3900,7
56701744637150,15:45:01.744,107.4300,100
56701744637150,15:45:01.744,107.4300,100
56701744684042,15:45:01.744,107.4300,15
56703026665343,15:45:03.026,107.4200,100
56703304317764,15:45:03.304,107.4500,100
56705173963174,15:45:05.173,107.4400,55
56705173963174,15:45:05.173,107.4400,45
56707004046783,15:45:07.004,107.4400,1
56709311075563,15:45:09.311,107.3800,100
56711497548436,15:45:11.497,107.3700,2
56711497548436,15:45:11.497,107.3700,98
56713627445759,15:45:13.627,107.3700,2
56713627445759,15:45:13.627,107.3600,98
56715193435313,15:45:15.193,107.3700,17
56715193449348,15:45:15.193,107.3700,49
56715193496491,15:45:15.193,107.3700,100
56715193496491,15:45:15.193,107.3700,39
56715193560238,15:45:15.193,107.3700,61
56715193693594,15:45:15.193,107.3700,39
56715194246891,15:45:15.194,107.3700,100
56715194389410,15:45:15.194,107.3700,100
56717634712587,15:45:17.634,107.3800,100
56717634712587,15:45:17.634,107.3800,24
56717659559091,15:45:17.659,107.3900,100
56718937281463,15:45:18.937,107.3900,100
56718937281463,15:45:18.937,107.3900,100
56729678671968,15:45:29.678,107.3900,100
56730810830297,15:45:30.810,107.4000,50
56730814837419,15:45:30.814,107.4000,50
56730814837419,15:45:30.814,107.4000,100
56731922840156,15:45:31.922,107.4200,100
56735948690102,15:45:35.948,107.4000,5
56736152798653,15:45:36.152,107.4200,100
56750272524528,15:45:50.272,107.4200,100
56761567472498,15:46:01.567,107.4200,100
56761567472498,15:46:01.567,107.4200,100
56769920417705,15:46:09.920,107.3900,23
56773379874256,15:46:13.379,107.3700,39
56773379877508,15:46:13.379,107.3700,31
56773379877508,15:46:13.379,107.3700,18
56773379890195,15:46:13.379,107.3700,82
56773382440731,15:46:13.382,107.3600,100
56776329920134,15:46:16.329,107.3800,6
56776329920134,15:46:16.329,107.3800,9
56776329959348,15:46:16.329,107.3800,91
56779996718839,15:46:19.996,107.3600,100
56779996718839,15:46:19.996,107.3600,31
56799677107500,15:46:39.677,107.3400,10
56799677107500,15:46:39.677,107.3400,79
56817191094099,15:46:57.191,107.3700,87
56817191094099,15:46:57.191,107.3700,200
56817192180163,15:46:57.192,107.3700,9
56817192691473,15:46:57.192,107.3700,91
56817192691473,15:46:57.192,107.3700,100
56817192691473,15:46:57.192,107.3700,100
56849905313520,15:47:29.905,107.3900,60
56849918893099,15:47:29.918,107.3900,40
56849918893099,15:47:29.918,107.3900,60
56852686679932,15:47:32.686,107.3700,49
56852686681682,15:47:32.686,107.3700,51
56852686681682,15:47:32.686,107.3700,48
56852686689461,15:47:32.686,107.3700,52
56852686689461,15:47:32.686,107.3700,47
56852686692672,15:47:32.686,107.3700,50
56852686697092,15:47:32.686,107.3700,3
56852686697092,15:47:32.686,107.3700,46
56852686743601,15:47:32.686,107.3700,54
56852686743601,15:47:32.686,107.3700,100
56852686743601,15:47:32.686,107.3700,46
56852686797105,15:47:32.686,107.3700,54
56855797493133,15:47:35.797,107.3500,100
56859455946694,15:47:39.455,107.3400,100
56869032088790,15:47:49.032,107.3300,20
56869037841939,15:47:49.037,107.3200,20
56869037841939,15:47:49.037,107.3200,39
56869997222494,15:47:49.997,107.3100,10
56869997222494,15:47:49.997,107.3100,100
56869997222494,15:47:49.997,107.3100,90
56870003533764,15:47:50.003,107.3100,10
56870003533764,15:47:50.003,107.3000,1
56870003533764,15:47:50.003,107.3000,7
56873019400325,15:47:53.019,107.2900,19
56873019400325,15:47:53.019,107.2900,1
56873019886907,15:47:53.019,107.2900,38
56873019908643,15:47:53.019,107.2900,62
56877267145941,15:47:57.267,107.3200,100
56877267145941,15:47:57.267,107.3200,53
56877267173591,15:47:57.267,107.3200,47
56881200067553,15:48:01.200,107.3000,38
56881200067553,15:48:01.200,107.3000,62
56881200091081,15:48:01.200,107.3000,138
56884446103353,15:48:04.446,107.2700,20
56884446103353,15:48:04.446,107.2700,80
56886997595328,15:48:06.997,107.2700,74
56903777341433,15:48:23.777,107.2400,100
56903830669335,15:48:23.830,107.2400,85
56913276493187,15:48:33.276,107.2400,100
56913276493187,15:48:33.276,107.2400,200
56913276725800,15:48:33.276,107.2400,39
56913276763846,15:48:33.276,107.2400,47
56913278968008,15:48:33.278,107.2300,3
56913278968008,15:48:33.278,107.2300,5
56913278968008,15:48:33.278,107.2300,12
56913425283785,15:48:33.425,107.2200,10
56915035732076,15:48:35.035,107.2200,100
56915035732076,15:48:35.035,107.2200,100
56915035732076,15:48:35.035,107.2200,100
56915266388402,15:48:35.266,107.2300,100
56915268667564,15:48:35.268,107.2300,97
56940312812477,15:49:00.312,107.2200,100
56940312812477,15:49:00.312,107.2200,100
56949336616313,15:49:09.336,107.2200,58
56949336628217,15:49:09.336,107.2200,42
56949336628217,15:49:09.336,107.2200,58
56949336667940,15:49:09.336,107.2200,42
56970999371023,15:49:30.999,107.2100,9
56970999371023,15:49:30.999,107.2100,91
56970999409636,15:49:30.999,107.2100,9
56971001117639,15:49:31.001,107.2100,100
56986057146010,15:49:46.057,107.2200,5
56991469511183,15:49:51.469,107.2300,100
56993574493773,15:49:53.574,107.2400,100
56999549930743,15:49:59.549,107.2300,10
56999549930743,15:49:59.549,107.2300,25
57002034072036,15:50:02.034,107.2100,175
57010517160329,15:50:10.517,107.2000,50
57010517384620,15:50:10.517,107.2000,49
57010517399744,15:50:10.517,107.2000,1
57010517399744,15:50:10.517,107.2000,49
57010517449211,15:50:10.517,107.2000,50
57013110786769,15:50:13.110,107.2000,1
57013110786769,15:50:13.110,107.2000,10
57013319719829,15:50:13.319,107.2000,90
57013319719829,15:50:13.319,107.2000,10
57013321952846,15:50:13.321,107.2000,90
57013321952846,15:50:13.321,107.2000,10
57013322045387,15:50:13.322,107.2000,76
57013322205175,15:50:13.322,107.2000,100
57013322289141,15:50:13.322,107.2000,14
57013322289141,15:50:13.322,107.2000,100
57013330945274,15:50:13.330,107.1900,100
57016296584603,15:50:16.296,107.2000,25
57016296584603,15:50:16.296,107.2000,26
57019439507764,15:50:19.439,107.2300,100
57021651579435,15:50:21.651,107.2400,74
57021652280794,15:50:21.652,107.2400,26
57050004717265,15:50:50.004,107.2300,68
57058909050683,15:50:58.909,107.2300,100
57058909050683,15:50:58.909,107.2300,25
57058909050683,15:50:58.909,107.2300,2
57058909082019,15:50:58.909,107.2300,98
57058909082019,15:50:58.909,107.2300,100
57058909164452,15:50:58.909,107.2300,2
57059147597326,15:50:59.147,107.2500,25
57059147625731,15:50:59.147,107.2500,39
57059147657744,15:50:59.147,107.2500,36
57068339056306,15:51:08.339,107.2800,79
57068339075050,15:51:08.339,107.2800,21
57070651445806,15:51:10.651,107.2800,100
57074465029690,15:51:14.465,107.2700,100
57074465061185,15:51:14.465,107.2700,100
57074465085274,15:51:14.465,107.2700,100
57074467027186,15:51:14.467,107.2700,76
57074467106615,15:51:14.467,107.2700,24
57090609283615,15:51:30.609,107.2400,3
57090609283615,15:51:30.609,107.2400,97
57090615383856,15:51:30.615,107.2400,3
57090615383856,15:51:30.615,107.2400,169
57099007333432,15:51:39.007,107.2400,100
57104397346080,15:51:44.397,107.2700,100
57116513097752,15:51:56.513,107.2500,100
57118425928022,15:51:58.425,107.2500,100
57139906681201,15:52:19.906,107.2400,29
57139906691050,15:52:19.906,107.2400,23
57139906728279,15:52:19.906,107.2400,48
57139906728279,15:52:19.906,107.2400,100
57139906728279,15:52:19.906,107.2400,100
57139972925593,15:52:19.972,107.2300,100
57140958939833,15:52:20.958,107.2300,100
57143780040545,15:52:23.780,107.2300,100
57143780195929,15:52:23.780,107.2300,100
57148628716833,15:52:28.628,107.2000,100
57160714071638,15:52:40.714,107.1700,100
57160714071638,15:52:40.714,107.1700,51
57160714078940,15:52:40.714,107.1700,49
57178823939011,15:52:58.823,107.1400,100
57225583378213,15:53:45.583,107.1600,49
57225584517959,15:53:45.584,107.1600,51
57225862068246,15:53:45.862,107.1600,91
57245359354300,15:54:05.359,107.1500,100
57245359394225,15:54:05.359,107.1500,3
57246510620971,15:54:06.510,107.1600,100
57247136508633,15:54:07.136,107.1600,100
57247500140285,15:54:07.500,107.1700,100
57251500566678,15:54:11.500,107.1500,100
57256129719368,15:54:16.129,107.1700,100
57256129719368,15:54:16.129,107.1700,14
57269919000637,15:54:29.919,107.2000,100
57269919000637,15:54:29.919,107.2000,24
57269919000637,15:54:29.919,107.2000,76
57269919093609,15:54:29.919,107.2000,11
57269919119905,15:54:29.919,107.2000,13
57270718187784,15:54:30.718,107.2200,49
57270718754648,15:54:30.718,107.2200,51
57270818358480,15:54:30.818,107.2300,100
57273752144373,15:54:33.752,107.2500,100
57279930578721,15:54:39.930,107.2700,4
57286251763701,15:54:46.251,107.2400,99
57286251964464,15:54:46.251,107.2400,100
57288382252458,15:54:48.382,107.2400,1
57288382616623,15:54:48.382,107.2400,100
57292591043660,15:54:52.591,107.2400,78
57300027835661,15:55:00.027,107.2700,96
57300027835661,15:55:00.027,107.2700,4
57300027977903,15:55:00.027,107.2700,96
57300106262761,15:55:00.106,107.2900,1
57300106262761,15:55:00.106,107.2900,100
57300941186449,15:55:00.941,107.3100,75
57300944314618,15:55:00.944,107.3100,25
57301722032442,15:55:01.722,107.3000,5
57306084247111,15:55:06.084,107.3300,1
57306084247111,15:55:06.084,107.3400,49
57308369007940,15:55:08.369,107.3500,2
57310119831516,15:55:10.119,107.3500,2
57310121978386,15:55:10.121,107.3600,1
57310123683894,15:55:10.123,107.3700,1
57310129281714,15:55:10.129,107.3800,1
57310375264672,15:55:10.375,107.4000,1
57311316838479,15:55:11.316,107.4100,1
57318886000670,15:55:18.886,107.4300,100
57320434314956,15:55:20.434,107.4200,100
57336487537108,15:55:36.487,107.4400,100
57344858547462,15:55:44.858,107.4600,1
57344860771188,15:55:44.860,107.4700,1
57352364023183,15:55:52.364,107.5100,27
57355490021059,15:55:55.490,107.5000,2
57355490621274,15:55:55.490,107.5100,100
57358508214576,15:55:58.508,107.5000,67
57358510831370,15:55:58.510,107.4900,100
57363681546473,15:56:03.681,107.4900,100
57365200561359,15:56:05.200,107.4700,100
57368828113458,15:56:08.828,107.4800,42
57368828113458,15:56:08.828,107.4800,58
57370127347942,15:56:10.127,107.5100,100
57404952812529,15:56:44.952,107.5100,100
57420193833363,15:57:00.193,107.5200,2
57420193833363,15:57:00.193,107.5200,1
57420193833363,15:57:00.193,107.5200,97
57420193838021,15:57:00.193,107.5200,3
57420193838021,15:57:00.193,107.5200,1
57421171885040,15:57:01.171,107.5300,5
57423075793605,15:57:03.075,107.5200,195
57425575008830,15:57:05.575,107.5200,8
57427906587530,15:57:07.906,107.5100,100
57427907042184,15:57:07.907,107.5100,100
57436254301613,15:57:16.254,107.5000,100
57436254301613,15:57:16.254,107.5000,68
57436265681595,15:57:16.265,107.5000,32
57436265681595,15:57:16.265,107.5000,173
57437987591786,15:57:17.987,107.4900,50
57437987754190,15:57:17.987,107.4900,50
57446600084219,15:57:26.600,107.4800,42
57446600084219,15:57:26.600,107.4800,58
57446864988786,15:57:26.864,107.4800,42
57446864988786,15:57:26.864,107.4800,100
57452237874924,15:57:32.237,107.4700,100
57452366483673,15:57:32.366,107.4700,100
57452905073645,15:57:32.905,107.4800,2
57456441169680,15:57:36.441,107.4700,100
57460699640332,15:57:40.699,107.4700,38
57467437512072,15:57:47.437,107.4600,100
57470351083632,15:57:50.351,107.4100,100
57481316630325,15:58:01.316,107.3800,59
57481316659326,15:58:01.316,107.3800,41
57481326110454,15:58:01.326,107.3900,79
57481326136079,15:58:01.326,107.3900,21
57481326136079,15:58:01.326,107.3900,10
57481326772748,15:58:01.326,107.4000,100
57486336679081,15:58:06.336,107.4200,50
57486336693067,15:58:06.336,107.4200,50
57486336693067,15:58:06.336,107.4200,100
57494067952668,15:58:14.067,107.4400,37
57494067952668,15:58:14.067,107.4400,42
57497164159635,15:58:17.164,107.4500,5
57497164250826,15:58:17.164,107.4400,10
57497164766417,15:58:17.164,107.4500,10
57507626635609,15:58:27.626,107.4700,1
57510178924230,15:58:30.178,107.4500,100
57510178924230,15:58:30.178,107.4500,100
57510184279433,15:58:30.184,107.4400,3
57525342209334,15:58:45.342,107.4700,100
57525342209334,15:58:45.342,107.4800,30
57525863143399,15:58:45.863,107.4800,100
57526872280629,15:58:46.872,107.5200,1
57535125764091,15:58:55.125,107.4900,100
57541175099300,15:59:01.175,107.4900,3
57549020385208,15:59:09.020,107.5000,100
57552015383139,15:59:12.015,107.5000,100
57566095573542,15:59:26.095,107.5000,5
57566095643002,15:59:26.095,107.5000,5
57566345459028,15:59:26.345,107.4800,38
57580150010730,15:59:40.150,107.4400,20
57580150948148,15:59:40.150,107.4400,80
57587115365281,15:59:47.115,107.4700,1
57589322904921,15:59:49.322,107.4500,100
57592768011494,15:59:52.768,107.4400,63
57595127688843,15:59:55.127,107.4600,20
57597609555695,15:59:57.609,107.4500,58
57597609555695,15:59:57.609,107.4500,100
57597833733619,15:59:57.833,107.4400,100
57600398291551,16:00:00.398,0.0000,0
