timestamp,time,price,volume
34200260137917,09:30:00.260,46.9700,2687
34444913279937,09:34:04.913,46.9500,1
34460078727297,09:34:20.078,46.7900,36
34462519823664,09:34:22.519,46.7000,39
34462519850043,09:34:22.519,46.7000,32
34462519850043,09:34:22.519,46.7000,27
34462519850043,09:34:22.519,46.7000,14
34462520395087,09:34:22.520,46.6600,50
34462520395087,09:34:22.520,46.6600,71
34462520405246,09:34:22.520,46.6600,29
34462520405246,09:34:22.520,46.6500,100
34462520408227,09:34:22.520,46.6500,100
34462535583430,09:34:22.535,46.5000,100
34462535610033,09:34:22.535,46.5200,50
34462535610033,09:34:22.535,46.5000,50
34477267475148,09:34:37.267,46.7000,1
34483267988166,09:34:43.267,46.7400,1
34495268086764,09:34:55.268,46.7400,1
34508908044399,09:35:08.908,46.7600,100
34508908072258,09:35:08.908,46.7600,100
34508908090392,09:35:08.908,46.7700,79
34508908101032,09:35:08.908,46.7700,21
34508908146456,09:35:08.908,46.8100,100
34508908336986,09:35:08.908,46.8100,47
34508908370596,09:35:08.908,46.8100,53
34579925995575,09:36:19.925,46.8800,1
34584893995724,09:36:24.893,46.8100,5
34642914960406,09:37:22.914,46.8600,1
34642915780981,09:37:22.915,46.8600,1
34700909114923,09:38:20.909,46.8300,1
34700909708652,09:38:20.909,46.8300,1
34740647127408,09:39:00.647,46.8100,21
34740647471384,09:39:00.647,46.8100,21
34765288479580,09:39:25.288,46.8400,1
34784738325937,09:39:44.738,46.8100,53
34784738325937,09:39:44.738,46.7000,47
34828908721899,09:40:28.908,46.8600,1
34892907471145,09:41:32.907,46.8600,1
34930934463016,09:42:10.934,46.6500,100
34930934463016,09:42:10.934,46.6500,100
34930934833059,09:42:10.934,46.6500,70
34930934937811,09:42:10.934,46.6500,30
34930934937811,09:42:10.934,46.5900,70
34930934963579,09:42:10.934,46.5900,30
34982953558904,09:43:02.953,46.5000,100
35020907757308,09:43:40.907,46.6800,1
35030647021338,09:43:50.647,46.4800,100
35148907578116,09:45:48.907,46.2400,1
35153273957551,09:45:53.273,45.9900,100
35153273957551,09:45:53.273,45.9800,200
35190638112384,09:46:30.638,46.0000,1
35190638112384,09:46:30.638,46.0000,3
35190638186565,09:46:30.638,46.1100,100
35276909494159,09:47:56.909,46.2200,1
35276909744178,09:47:56.909,46.2200,87
35290055332721,09:48:10.055,46.2200,13
35290055332721,09:48:10.055,46.2200,87
35290055901013,09:48:10.055,46.2300,100
35290055901013,09:48:10.055,46.2300,100
35290055943062,09:48:10.055,46.2200,13
35340908289680,09:49:00.908,46.2600,1
35404925738283,09:50:04.925,46.2500,1
35453742389438,09:50:53.742,46.2000,5
35453742389438,09:50:53.742,46.1300,16
35453742485035,09:50:53.742,46.1300,4
35453742502610,09:50:53.742,46.1200,1
35453743041211,09:50:53.743,46.0900,95
35532908252445,09:52:12.908,46.1900,1
35607359861654,09:53:27.359,46.1900,1
35607367566067,09:53:27.367,46.2300,30
35607368110838,09:53:27.368,46.2600,100
35607368110838,09:53:27.368,46.2600,100
35607368134751,09:53:27.368,46.2600,100
35607368378935,09:53:27.368,46.2800,100
35668250370638,09:54:28.250,46.3800,100
35766975350797,09:56:06.975,46.4400,34
35788908231877,09:56:28.908,46.4300,1
35992779093092,09:59:52.779,46.6000,1
36108911012314,10:01:48.911,46.5900,1
36172906625079,10:02:52.906,46.5900,1
36237170121065,10:03:57.170,46.6150,20
36300906343277,10:05:00.906,46.6200,1
36366941926435,10:06:06.941,46.6100,1
36366941926435,10:06:06.941,46.6100,30
36447404404316,10:07:27.404,46.6100,1
36456651031803,10:07:36.651,46.5700,20
36556939638678,10:09:16.939,46.5700,1
36601688215707,10:10:01.688,46.6200,33
36601688239985,10:10:01.688,46.6200,67
36601688243151,10:10:01.688,46.6200,67
36601688317730,10:10:01.688,46.6300,89
36601688327815,10:10:01.688,46.6300,11
36601688339510,10:10:01.688,46.6400,56
36601688347266,10:10:01.688,46.6400,44
36601688390459,10:10:01.688,46.6500,11
36601688401200,10:10:01.688,46.6500,4
36601689678154,10:10:01.689,46.6200,60
36605146286005,10:10:05.146,46.6200,20
36605146724580,10:10:05.146,46.6100,76
36605146724580,10:10:05.146,46.6100,18
36605672119874,10:10:05.672,46.5500,100
36700949862961,10:11:40.949,46.6200,69
36700949868606,10:11:40.949,46.6200,28
36700949876925,10:11:40.949,46.6200,3
36700949920668,10:11:40.949,46.6300,69
36817387257912,10:13:37.387,46.6800,1
36843622762284,10:14:03.622,46.6300,20
36843623266367,10:14:03.623,46.6200,100
36846903122744,10:14:06.903,46.6300,72
36846903126909,10:14:06.903,46.6300,28
36877371430177,10:14:37.371,46.6400,1
36933556819418,10:15:33.556,46.6200,20
37004906486479,10:16:44.906,46.6500,1
37004906642747,10:16:44.906,46.6500,100
37004906714929,10:16:44.906,46.6100,100
37004906765024,10:16:44.906,46.6500,100
37257740321512,10:20:57.740,46.6750,100
37671414434676,10:27:51.414,46.7500,40
37671414434676,10:27:51.414,46.7500,100
37671414515810,10:27:51.414,46.7300,73
37671414525163,10:27:51.414,46.7300,27
37671414926151,10:27:51.414,46.6900,100
37673320936546,10:27:53.320,46.6900,100
37673320991053,10:27:53.320,46.6500,20
37842111965263,10:30:42.111,46.7000,16
37842111965917,10:30:42.111,46.7000,59
37842111976711,10:30:42.111,46.7000,25
37842908444987,10:30:42.908,46.7200,1
37896227467837,10:31:36.227,46.6800,100
37896227467837,10:31:36.227,46.6800,20
37896227467837,10:31:36.227,46.6800,100
37964912988844,10:32:44.912,46.6700,1
38060021401667,10:34:20.021,46.7500,6
38060021431594,10:34:20.021,46.7500,3
38092907780551,10:34:52.907,46.7400,1
38156906418063,10:35:56.906,46.7400,1
38349907030175,10:39:09.907,46.8600,1
38372951633495,10:39:32.951,46.7900,100
38372951925702,10:39:32.951,46.7900,100
38372951925702,10:39:32.951,46.7900,14
38372951954320,10:39:32.951,46.7900,86
38372952040340,10:39:32.952,46.7900,100
38372952238138,10:39:32.952,46.7800,40
38372952238138,10:39:32.952,46.7800,100
38372952238138,10:39:32.952,46.7800,4
38372952254991,10:39:32.952,46.7700,100
38372952264209,10:39:32.952,46.7500,3
38372955200745,10:39:32.955,46.7400,1
38372955993629,10:39:32.955,46.7400,99
38372956031921,10:39:32.956,46.7900,1
38412915644941,10:40:12.915,46.7800,1
38479907798341,10:41:19.907,46.7700,1
38479908429162,10:41:19.908,46.8200,1
38479909142257,10:41:19.909,46.7700,1
38546910234472,10:42:26.910,46.7900,1
38546910297785,10:42:26.910,46.7700,30
38546910850010,10:42:26.910,46.7500,1
38604910764518,10:43:24.910,46.7700,1
38626042349356,10:43:46.042,46.7300,100
38626042376716,10:43:46.042,46.7300,1
38626042376716,10:43:46.042,46.7300,20
38626042399739,10:43:46.042,46.7200,1
38674131310538,10:44:34.131,46.7500,1
38697932264056,10:44:57.932,46.7300,1
38757220781174,10:45:57.220,46.7300,1
38816713447319,10:46:56.713,46.7300,1
38817123903666,10:46:57.123,46.7100,46
38817123927979,10:46:57.123,46.7100,31
38817123965660,10:46:57.123,46.7100,23
38817124798280,10:46:57.124,46.6800,1
38817124798280,10:46:57.124,46.6700,1
38817124798280,10:46:57.124,46.6700,6
38817124805065,10:46:57.124,46.6700,85
38817124813772,10:46:57.124,46.6700,7
38817124851490,10:46:57.124,46.6700,2
38817124858670,10:46:57.124,46.7000,100
38817127634901,10:46:57.127,46.6800,2
38817128408978,10:46:57.128,46.6900,1
38860907705134,10:47:40.907,46.6600,1
38931338074859,10:48:51.338,46.6500,1
38997598896164,10:49:57.598,46.6400,1
39052907870245,10:50:52.907,46.6500,200
39052907870245,10:50:52.907,46.6600,22
39052907918872,10:50:52.907,46.6600,178
39052907918872,10:50:52.907,46.6600,1
39052907918872,10:50:52.907,46.6600,100
39052907966536,10:50:52.907,46.6700,200
39052908512657,10:50:52.908,46.6700,100
39057167678006,10:50:57.167,46.7100,1
39057555440208,10:50:57.555,46.6600,100
39116907922922,10:51:56.907,46.7500,1
39184907476306,10:53:04.907,46.7300,1
39297571576070,10:54:57.571,46.7100,7
39337264190461,10:55:37.264,46.7700,6
39337264216153,10:55:37.264,46.7700,48
39337924244909,10:55:37.924,46.7800,1
39372907983245,10:56:12.907,46.7800,1
39436909074769,10:57:16.909,46.7900,1
39500906576954,10:58:20.906,46.8000,1
39559958136686,10:59:19.958,46.7700,3
39559958719067,10:59:19.958,46.7600,100
39559958719067,10:59:19.958,46.7600,3
39559958721738,10:59:19.958,46.7600,100
39559958782736,10:59:19.958,46.7400,40
39559958934766,10:59:19.958,46.7400,60
39561467741775,10:59:21.467,46.7100,100
39561467741775,10:59:21.467,46.7100,100
39561467741775,10:59:21.467,46.7000,100
39561467741775,10:59:21.467,46.7000,1
39561467774907,10:59:21.467,46.7000,99
39561467774907,10:59:21.467,46.7000,100
39561467774907,10:59:21.467,46.7000,1
39561467786077,10:59:21.467,46.7000,200
39561467844399,10:59:21.467,46.7000,100
39561467848778,10:59:21.467,46.7000,100
39561467860861,10:59:21.467,46.7000,100
39561468034712,10:59:21.468,46.7000,100
39561468041662,10:59:21.468,46.7000,100
39562935256360,10:59:22.935,46.7000,100
39651909832658,11:00:51.909,46.7700,1
39690465373145,11:01:30.465,46.7900,67
39759910683562,11:02:39.910,46.8400,1
39833072048408,11:03:53.072,46.8400,1
39896952524434,11:04:56.952,46.8400,1
39896952641448,11:04:56.952,46.8600,30
39950138098418,11:05:50.138,46.8800,72
39963277297703,11:06:03.277,46.8500,1
39963277297703,11:06:03.277,46.8500,30
40012907706489,11:06:52.907,46.8500,1
40027926371678,11:07:07.926,46.8300,72
40027926395684,11:07:07.926,46.8300,28
40027927011909,11:07:07.927,46.8000,100
40085929708353,11:08:05.929,46.8300,1
40140906458218,11:09:00.906,46.8300,1
40204943189939,11:10:04.943,46.8300,1
40218995644365,11:10:18.995,46.8000,100
40268906882431,11:11:08.906,46.8100,39
40270907412786,11:11:10.907,46.8300,1
40408909330197,11:13:28.909,46.8200,1
40460905558208,11:14:20.905,46.8100,1
40551226782723,11:15:51.226,46.8100,1
40571620510985,11:16:11.620,46.8300,7
40786506207280,11:19:46.506,46.8400,9
40787361041839,11:19:47.361,46.8100,1
40909495807913,11:21:49.495,46.8100,1
40909495819668,11:21:49.495,46.7900,5
40909495819668,11:21:49.495,46.7900,59
40909495864617,11:21:49.495,46.7900,2
40909495890600,11:21:49.495,46.7900,39
40909495890600,11:21:49.495,46.7900,2
40909495937987,11:21:49.495,46.7900,98
40909495962531,11:21:49.495,46.7800,43
40909496277860,11:21:49.496,46.7800,57
40909496277860,11:21:49.496,46.7800,6
40909496553396,11:21:49.496,46.7700,4
40909497096551,11:21:49.497,46.7700,96
40909497134940,11:21:49.497,46.7700,100
40909498932490,11:21:49.498,46.7600,6
40972907884570,11:22:52.907,46.7600,1
41100907211442,11:25:00.907,46.7600,1
41164906691177,11:26:04.906,46.7600,1
41228907292342,11:27:08.907,46.7600,1
41236929310505,11:27:16.929,46.7500,38
41236929321026,11:27:16.929,46.7500,20
41236929328566,11:27:16.929,46.7500,42
41236929328566,11:27:16.929,46.7500,20
41236929413656,11:27:16.929,46.7500,100
41236929496732,11:27:16.929,46.7500,100
41236929581574,11:27:16.929,46.7500,100
41236929862226,11:27:16.929,46.7500,100
41236930348165,11:27:16.930,46.7400,2
41236930348165,11:27:16.930,46.7400,100
41236930348165,11:27:16.930,46.7400,18
41236930569217,11:27:16.930,46.7500,100
41236930618814,11:27:16.930,46.7500,18
41236930710336,11:27:16.930,46.7400,1
41237797206793,11:27:17.797,46.7500,100
41237797223501,11:27:17.797,46.7500,13
41237797241597,11:27:17.797,46.7500,13
41237797282805,11:27:17.797,46.7500,13
41237797460159,11:27:17.797,46.7500,87
41237797460159,11:27:17.797,46.7500,13
41237798551421,11:27:17.798,46.7500,13
41238736087676,11:27:18.736,46.7400,17
41238736087676,11:27:18.736,46.7400,4
41238736087676,11:27:18.736,46.7400,79
41238798177883,11:27:18.798,46.7400,100
41240000263380,11:27:20.000,46.7400,21
41240000263380,11:27:20.000,46.7400,2
41240000631561,11:27:20.000,46.7300,48
41240000633975,11:27:20.000,46.7300,44
41240000660368,11:27:20.000,46.7300,8
41240000660368,11:27:20.000,46.7300,100
41240000722346,11:27:20.000,46.7200,90
41240000732974,11:27:20.000,46.7200,10
41240000732974,11:27:20.000,46.7200,5
41292919117490,11:28:12.919,46.7500,69
41311390378416,11:28:31.390,46.7400,1
41311411247880,11:28:31.411,46.7100,7
41311440492221,11:28:31.440,46.7100,25
41344593693901,11:29:04.593,46.7400,42
41344593703164,11:29:04.593,46.7400,58
41344593988413,11:29:04.593,46.7600,8
41344594917932,11:29:04.594,46.7400,100
41344596216011,11:29:04.596,46.7200,30
41344596216011,11:29:04.596,46.7200,70
41345451544153,11:29:05.451,46.7300,30
41345451596959,11:29:05.451,46.7200,1
41345451596959,11:29:05.451,46.7200,100
41345452047134,11:29:05.452,46.7300,100
41345452047134,11:29:05.452,46.7300,100
41436222706129,11:30:36.222,46.7500,100
41484908565493,11:31:24.908,46.7500,100
41484908565493,11:31:24.908,46.7500,97
41484908565493,11:31:24.908,46.7500,100
41484909484788,11:31:24.909,46.7500,100
41484911325641,11:31:24.911,46.7500,100
41484911857994,11:31:24.911,46.7500,100
41485908570891,11:31:25.908,46.7500,100
41485909118038,11:31:25.909,46.7500,100
41485909247488,11:31:25.909,46.7500,100
41485909247488,11:31:25.909,46.7500,100
41485909268144,11:31:25.909,46.7500,100
41485909268144,11:31:25.909,46.7500,100
41485909368569,11:31:25.909,46.7500,100
41490115308108,11:31:30.115,46.7900,47
41492908657713,11:31:32.908,46.8300,1
41505311971212,11:31:45.311,46.8400,2
41505311971212,11:31:45.311,46.8600,100
41505311971212,11:31:45.311,46.8700,100
41505322433622,11:31:45.322,46.8900,76
41505322460524,11:31:45.322,46.8900,24
41579911338943,11:32:59.911,46.9100,1
41689651645935,11:34:49.651,46.9400,100
41689651672078,11:34:49.651,46.9400,100
41689653750799,11:34:49.653,46.9500,100
41690920930734,11:34:50.920,46.9800,1
41718802383582,11:35:18.802,46.9600,100
41725405913901,11:35:25.405,46.9900,100
41745072088755,11:35:45.072,46.9800,1
41803654990709,11:36:43.654,46.9500,45
41803654990709,11:36:43.654,46.9500,43
41803654990709,11:36:43.654,46.9500,12
41803655035957,11:36:43.655,46.9500,88
41803655035957,11:36:43.655,46.9500,70
41803655045367,11:36:43.655,46.9500,30
41803655678705,11:36:43.655,46.8900,54
41803655682528,11:36:43.655,46.8900,46
41803655700069,11:36:43.655,46.9300,100
41803655720216,11:36:43.655,46.9000,100
41868907402600,11:37:48.907,46.8800,1
41868907402600,11:37:48.907,46.8800,1
41868907430619,11:37:48.907,46.8800,98
41868907438447,11:37:48.907,46.8800,1
42253908001721,11:44:13.908,46.9200,7
42254907974008,11:44:14.907,46.9200,1
42398160869600,11:46:38.160,46.9300,1
42409140244693,11:46:49.140,46.9200,100
42420426586495,11:47:00.426,46.9000,1
42495579734257,11:48:15.579,46.9200,100
42495579774818,11:48:15.579,46.9200,72
42495579780114,11:48:15.579,46.9200,28
42495579780114,11:48:15.579,46.9200,3
42508928906068,11:48:28.928,46.9400,1
42572911842636,11:49:32.911,46.9300,1
42716913190161,11:51:56.913,46.9500,1
42764908123688,11:52:44.908,46.9400,1
42764910724925,11:52:44.910,46.9200,100
42764911073103,11:52:44.911,46.9100,100
42764911307326,11:52:44.911,46.9100,100
42790847787018,11:53:10.847,46.9500,41
42794706785803,11:53:14.706,46.9200,100
42812632064162,11:53:32.632,46.9300,1
42853901209180,11:54:13.901,46.9500,3
42901180277561,11:55:01.180,46.9700,100
43084908555084,11:58:04.908,46.9300,1
43212939530552,12:00:12.939,46.9300,1
43276906660575,12:01:16.906,46.9200,1
43317509087262,12:01:57.509,46.9300,15
43317509087262,12:01:57.509,46.9400,85
43320168577283,12:02:00.168,46.9400,5
43320169287340,12:02:00.169,46.9400,10
43320169287340,12:02:00.169,46.9400,90
43320169331092,12:02:00.169,46.9400,10
43320169331092,12:02:00.169,46.9400,7
43320169528420,12:02:00.169,46.9400,24
43340917538309,12:02:20.917,46.9500,1
43468908344180,12:04:28.908,46.9500,1
43470604258894,12:04:30.604,46.9300,6
43470604599382,12:04:30.604,46.9200,100
43470604650404,12:04:30.604,46.9200,100
43470604656851,12:04:30.604,46.9100,5
43470604964844,12:04:30.604,46.9100,24
43470612409361,12:04:30.612,46.9400,82
43548400306722,12:05:48.400,46.9100,24
43566913601759,12:06:06.913,46.9300,6
43691915441553,12:08:11.915,46.9400,100
43691915441553,12:08:11.915,46.9400,16
43691915441553,12:08:11.915,46.9400,84
43725909397632,12:08:45.909,46.9300,1
43867099151029,12:11:07.099,47.0000,7
44058057334782,12:14:18.057,47.0000,7
44058057365862,12:14:18.057,47.0000,93
44058057365862,12:14:18.057,47.0000,3
44058909566039,12:14:18.909,47.0100,1
44109918116213,12:15:09.918,47.0200,1
44217937987127,12:16:57.937,47.0000,5
44217937987127,12:16:57.937,47.0000,5
44217938030314,12:16:57.938,47.0000,95
44327975395798,12:18:47.975,47.0300,1
44327975471095,12:18:47.975,47.0200,100
44327975496288,12:18:47.975,47.0200,100
44327975496288,12:18:47.975,47.0200,100
44327976147918,12:18:47.976,47.0100,100
44327997808398,12:18:47.997,47.0100,100
44372063756327,12:19:32.063,47.0100,1
44454921625897,12:20:54.921,47.0000,1
44454921815591,12:20:54.921,46.9800,3
44454926775650,12:20:54.926,46.9700,100
44456102329040,12:20:56.102,46.9700,4
44456102421617,12:20:56.102,46.9600,4
44456102446322,12:20:56.102,46.9500,100
44456102454736,12:20:56.102,46.9400,100
44456105600072,12:20:56.105,46.9500,2
44517219464594,12:21:57.219,46.9500,1
44546961657281,12:22:26.961,46.9800,2
44546961663589,12:22:26.961,46.9900,15
44588482108572,12:23:08.482,46.9700,3
44638164538554,12:23:58.164,47.0000,1
44684907515729,12:24:44.907,46.9900,1
44689119209050,12:24:49.119,46.9700,3
44816907446316,12:26:56.907,47.0100,1
44876907214589,12:27:56.907,47.0000,1
44965550439740,12:29:25.550,46.9900,1
44981646370135,12:29:41.646,46.9600,4
45026657295351,12:30:26.657,46.9900,1
45026657295351,12:30:26.657,46.9700,41
45026657539151,12:30:26.657,46.9700,59
45026660120542,12:30:26.660,46.9600,42
45026660157624,12:30:26.660,46.9600,58
45026660157624,12:30:26.660,46.9600,5
45026660196473,12:30:26.660,46.9500,100
45026660221751,12:30:26.660,46.9600,100
45026662449270,12:30:26.662,46.9500,19
45027078945328,12:30:27.078,46.9500,81
45027079242220,12:30:27.079,46.9500,100
45028085670341,12:30:28.085,46.9200,5
45028769928252,12:30:28.769,46.9000,100
45130486687591,12:32:10.486,46.9500,1
45132908017547,12:32:12.908,46.9300,1
45265907204893,12:34:25.907,46.9600,1
45324907779640,12:35:24.907,46.9400,1
45416321638713,12:36:56.321,46.9800,100
45419911949138,12:36:59.911,47.0200,1
45421287931439,12:37:01.287,46.9900,2
45452921098268,12:37:32.921,46.9700,1
45606177405866,12:40:06.177,46.9800,1
45606177405866,12:40:06.177,46.9800,100
45606178264190,12:40:06.178,46.9600,20
45606178289505,12:40:06.178,46.9600,80
45606178289505,12:40:06.178,46.9600,100
45606178347579,12:40:06.178,46.9500,99
45606178358090,12:40:06.178,46.9500,1
45713058374242,12:41:53.058,46.9200,1
45772907195394,12:42:52.907,46.9200,1
45882843195093,12:44:42.843,46.9000,100
45882843560933,12:44:42.843,46.8900,29
45882862253948,12:44:42.862,46.8800,97
45882862295712,12:44:42.862,46.8800,3
45882862295712,12:44:42.862,46.8800,7
45882868907386,12:44:42.868,46.8700,100
46149909114868,12:49:09.909,46.8700,60
46149909143897,12:49:09.909,46.8700,40
46149909618018,12:49:09.909,46.8700,35
46149909651260,12:49:09.909,46.8900,65
46233925642033,12:50:33.925,46.9100,1
46236125963171,12:50:36.125,46.8800,100
46236126027331,12:50:36.126,46.8900,3
46301500721798,12:51:41.500,46.9000,1
46348934937744,12:52:28.934,46.8800,1
46476906338896,12:54:36.906,46.8900,1
46525962969332,12:55:25.962,46.8800,100
46525962969332,12:55:25.962,46.8700,4
46525962969332,12:55:25.962,46.8700,100
46525962997427,12:55:25.962,46.8700,100
46525965677095,12:55:25.965,46.8600,4
46525965919955,12:55:25.965,46.8600,2
46611908786364,12:56:51.908,46.8600,1
46653329874803,12:57:33.329,46.8400,21
46653329982306,12:57:33.329,46.8400,5
46812615208032,13:00:12.615,46.8900,1
46876172077646,13:01:16.172,46.8900,1
46925907391240,13:02:05.907,46.9000,1
47013912191708,13:03:33.912,46.9100,1
47013912775139,13:03:33.912,46.8900,95
47013912779424,13:03:33.912,46.8900,5
47013912779424,13:03:33.912,46.8900,43
47013912785069,13:03:33.912,46.8900,57
47018705521405,13:03:38.705,46.8500,9
47018705521405,13:03:38.705,46.8500,2
47018705521405,13:03:38.705,46.8500,21
47018705536058,13:03:38.705,46.8500,48
47018706249907,13:03:38.706,46.8500,31
47037687362712,13:03:57.687,46.8100,3
47180905193065,13:06:20.905,46.8300,1
47265070071099,13:07:45.070,46.8100,1
47339930777503,13:08:59.930,46.8200,10
47339930782171,13:08:59.930,46.8200,5
47339930782171,13:08:59.930,46.8400,5
47339930809039,13:08:59.930,46.8400,5
47500907156499,13:11:40.907,46.8700,1
47586916640179,13:13:06.916,46.8900,1
47629912823562,13:13:49.912,46.9200,1
47692919435371,13:14:52.919,46.9100,1
47692919539548,13:14:52.919,46.9000,100
47692919564430,13:14:52.919,46.9000,100
47692919564430,13:14:52.919,46.9000,100
47692950502979,13:14:52.950,46.8800,100
47692950502979,13:14:52.950,46.8800,100
47692950692476,13:14:52.950,46.8800,100
47692952563701,13:14:52.952,46.8300,23
47692952587488,13:14:52.952,46.8300,77
47692955152693,13:14:52.955,46.8300,40
47692955847137,13:14:52.955,46.8500,20
47694074971433,13:14:54.074,46.8300,40
47958130500958,13:19:18.130,46.8500,100
47958130500958,13:19:18.130,46.8500,100
47958130500958,13:19:18.130,46.8500,2
47958131076057,13:19:18.131,46.8900,100
47960530543392,13:19:20.530,46.8800,1
48029372066333,13:20:29.372,46.8700,1
48168863777003,13:22:48.863,46.8800,1
48168864311985,13:22:48.864,46.8600,100
48235919854892,13:23:55.919,46.8600,12
48332914123053,13:25:32.914,46.8900,1
48595192731469,13:29:55.192,46.8700,1
48723017315166,13:32:03.017,46.9000,1
49214215674107,13:40:14.215,46.9000,10
49307023468518,13:41:47.023,46.8900,1
49477553426284,13:44:37.553,46.8900,1
49477553461935,13:44:37.553,46.8800,7
49477553553572,13:44:37.553,46.8800,173
49477554797560,13:44:37.554,46.8700,100
49477554797560,13:44:37.554,46.8700,100
49477554845193,13:44:37.554,46.8600,100
49477554845193,13:44:37.554,46.8600,52
49477554846708,13:44:37.554,46.8600,48
49477554846708,13:44:37.554,46.8600,100
49477555110399,13:44:37.555,46.8600,100
49477558336562,13:44:37.558,46.8500,9
49477558362829,13:44:37.558,46.8500,62
49477560798394,13:44:37.560,46.8500,29
49477669692010,13:44:37.669,46.8600,10
49477669692010,13:44:37.669,46.8600,90
49478730638821,13:44:38.730,46.8800,100
49478730690835,13:44:38.730,46.8800,100
49497645156070,13:44:57.645,46.8800,2
49522555312534,13:45:22.555,46.9100,1
49534912391553,13:45:34.912,46.9000,1
49610355919835,13:46:50.355,46.9000,1
49656006596947,13:47:36.006,46.9000,1
49782028646752,13:49:42.028,46.8900,1
49857054038065,13:50:57.054,46.8900,1
49917019593911,13:51:57.019,46.8900,1
49941016794495,13:52:21.016,46.8950,100
49947762296247,13:52:27.762,46.8800,1
49947762296247,13:52:27.762,46.8800,98
49947762964511,13:52:27.762,46.8800,2
49947765037728,13:52:27.765,46.8700,4
49947788796542,13:52:27.788,46.8600,100
49947790417236,13:52:27.790,46.8600,65
49948236492741,13:52:28.236,46.8450,100
50004003630957,13:53:24.003,46.8600,100
50004003657435,13:53:24.003,46.8600,100
50160969833877,13:56:00.969,46.9600,100
50160969833877,13:56:00.969,46.9600,66
50160969863236,13:56:00.969,46.9600,34
50177575832145,13:56:17.575,46.9100,100
50177575928603,13:56:17.575,46.9200,90
50177575936283,13:56:17.575,46.9200,10
50177575943806,13:56:17.575,46.9300,33
50177575980442,13:56:17.575,46.9300,10
50177576074000,13:56:17.576,46.9300,57
50177576126223,13:56:17.576,46.9200,10
50177576148226,13:56:17.576,46.9200,76
50180183666705,13:56:20.183,46.9200,100
50220889130475,13:57:00.889,46.9800,21
50224015197890,13:57:04.015,47.0300,1
50358805917046,13:59:18.805,47.0200,1
50399734418495,13:59:59.734,46.9700,1
50399734997272,13:59:59.734,46.9800,100
50408043925524,14:00:08.043,47.0500,10
50408043925524,14:00:08.043,47.0600,8
50408043927126,14:00:08.043,47.0600,7
50442156481263,14:00:42.156,47.1600,100
50457459533039,14:00:57.459,47.1700,2
50477090266774,14:01:17.090,47.1900,1
50515723854692,14:01:55.723,47.1300,28
50515723867305,14:01:55.723,47.1300,30
50515723869913,14:01:55.723,47.1300,41
50515723879734,14:01:55.723,47.1300,1
50606841360344,14:03:26.841,47.2100,100
50606841360344,14:03:26.841,47.2100,100
50606841870342,14:03:26.841,47.2200,47
50607016373732,14:03:27.016,47.2100,1
50607016733864,14:03:27.016,47.2400,30
50607016733864,14:03:27.016,47.2500,70
50607017950030,14:03:27.017,47.2500,100
50680066470108,14:04:40.066,47.2600,1
50680066470108,14:04:40.066,47.2600,40
50757037371716,14:05:57.037,47.3700,1
50757037415510,14:05:57.037,47.3700,99
50792602197022,14:06:32.602,47.3900,2
50792754557995,14:06:32.754,47.4100,1
50793023057604,14:06:33.023,47.3950,1
50793023057604,14:06:33.023,47.3950,1
50793023085824,14:06:33.023,47.3950,1
50793023090667,14:06:33.023,47.3950,1
50793023090667,14:06:33.023,47.3950,2
50793023090667,14:06:33.023,47.3950,2
50793023090667,14:06:33.023,47.3950,2
50793023090667,14:06:33.023,47.3950,1
50793023090667,14:06:33.023,47.3950,1
50793023090667,14:06:33.023,47.3950,2
50793023090667,14:06:33.023,47.3950,1
50793023090667,14:06:33.023,47.3950,1
50793023090667,14:06:33.023,47.3950,2
50793023093642,14:06:33.023,47.3950,1
50793023093642,14:06:33.023,47.3950,2
50793023093642,14:06:33.023,47.3950,1
50793023093642,14:06:33.023,47.3950,1
50793023093642,14:06:33.023,47.3950,1
50793023093642,14:06:33.023,47.3950,1
50793023093642,14:06:33.023,47.3950,1
50793023093642,14:06:33.023,47.3900,1
50793023093642,14:06:33.023,47.3900,6
50793023107899,14:06:33.023,47.3900,2
50793023110627,14:06:33.023,47.3900,2
50793023116082,14:06:33.023,47.3900,2
50793023152338,14:06:33.023,47.3900,2
50793030974089,14:06:33.030,47.3900,1
50853013271087,14:07:33.013,47.4000,1
50916663900122,14:08:36.663,47.4000,1
50920579453167,14:08:40.579,47.3500,3
50920579453167,14:08:40.579,47.3500,100
50920579453167,14:08:40.579,47.3500,5
50920579453167,14:08:40.579,47.3500,92
50920579497237,14:08:40.579,47.3500,8
50920579518395,14:08:40.579,47.3400,4
50937748722859,14:08:57.748,47.3200,2
50979013062384,14:09:39.013,47.3500,1
51042009661956,14:10:42.009,47.3400,1
51072596585578,14:11:12.596,47.3600,100
51083918702726,14:11:23.918,47.3700,33
51083918734995,14:11:23.918,47.3700,8
51083918747139,14:11:23.918,47.3700,8
51083918920288,14:11:23.918,47.3700,22
51083918965032,14:11:23.918,47.3700,29
51083918965032,14:11:23.918,47.3700,10
51083925095637,14:11:23.925,47.3700,10
51083925095637,14:11:23.925,47.3700,1
51107070969431,14:11:47.070,47.3800,1
51166452277406,14:12:46.452,47.4300,97
51167473528749,14:12:47.473,47.4300,3
51169011216765,14:12:49.011,47.4700,1
51182158037280,14:13:02.158,47.4600,17
51232124415195,14:13:52.124,47.4900,100
51237164613399,14:13:57.164,47.4700,1
51300256868464,14:15:00.256,47.4600,1
51300820710377,14:15:00.820,47.4500,5
51300820710377,14:15:00.820,47.4300,100
51300820710377,14:15:00.820,47.4300,100
51300821912296,14:15:00.821,47.4100,5
51300821912296,14:15:00.821,47.4100,95
51300821953961,14:15:00.821,47.4100,5
51300821959948,14:15:00.821,47.4000,100
51300821959948,14:15:00.821,47.4000,58
51300821966382,14:15:00.821,47.4000,42
51300821969749,14:15:00.821,47.3900,39
51300821984180,14:15:00.821,47.3900,61
51300821984180,14:15:00.821,47.3900,59
51300821989896,14:15:00.821,47.3900,41
51339660475957,14:15:39.660,47.3800,100
51357039723238,14:15:57.039,47.3300,1
51380028307632,14:16:20.028,47.3600,100
51380028344703,14:16:20.028,47.3600,6
51380028346250,14:16:20.028,47.3600,6
51380028347746,14:16:20.028,47.3600,4
51380028351405,14:16:20.028,47.3700,100
51380028740047,14:16:20.028,47.4000,100
51427464630911,14:17:07.464,47.4400,100
51428014308462,14:17:08.014,47.4500,1
51483127441742,14:18:03.127,47.4500,1
51483127441742,14:18:03.127,47.4500,99
51483127479311,14:18:03.127,47.4500,1
51483128894433,14:18:03.128,47.4500,2
51619127054894,14:20:19.127,47.4800,1
51619127054894,14:20:19.127,47.4500,4
51619127054894,14:20:19.127,47.4400,95
51635719592523,14:20:35.719,47.4400,5
51635719592523,14:20:35.719,47.4400,95
51635719617528,14:20:35.719,47.4400,5
51635719619590,14:20:35.719,47.4400,5
51635719631696,14:20:35.719,47.4400,5
51635719644719,14:20:35.719,47.4300,84
51635719655528,14:20:35.719,47.4200,70
51635719657999,14:20:35.719,47.4200,30
51635719657999,14:20:35.719,47.4200,2
51635719679033,14:20:35.719,47.4100,2
51635719689496,14:20:35.719,47.4000,41
51635719692786,14:20:35.719,47.4000,5
51635719697011,14:20:35.719,47.4000,30
51635719704676,14:20:35.719,47.4000,24
51635719704676,14:20:35.719,47.4000,8
51635719716206,14:20:35.719,47.4000,84
51635719716832,14:20:35.719,47.4000,8
51654715001764,14:20:54.715,47.4500,10
51654715001764,14:20:54.715,47.4500,90
51654715043833,14:20:54.715,47.4500,10
51654715043833,14:20:54.715,47.4600,54
51654715057102,14:20:54.715,47.4600,46
51676844469796,14:21:16.844,47.4100,100
51735036528925,14:22:15.036,47.4100,1
51806978285547,14:23:26.978,47.4800,1
51871039406759,14:24:31.039,47.4800,1
51871039406759,14:24:31.039,47.4800,99
51981221422901,14:26:21.221,47.4600,99
51981221451677,14:26:21.221,47.4600,1
51981221451677,14:26:21.221,47.4600,100
51981221451677,14:26:21.221,47.4600,6
51981221531039,14:26:21.221,47.4600,1
51981251895921,14:26:21.251,47.4400,6
51981283040661,14:26:21.283,47.4300,24
51981283074828,14:26:21.283,47.4400,100
51981283074828,14:26:21.283,47.4300,4
51981283146540,14:26:21.283,47.4300,72
51981283146540,14:26:21.283,47.4300,100
51981283379059,14:26:21.283,47.4200,1
51982258470728,14:26:22.258,47.4000,100
51982258470728,14:26:22.258,47.4000,2
51982258511142,14:26:22.258,47.3900,1
51982261303985,14:26:22.261,47.3900,40
51982267217832,14:26:22.267,47.3900,29
51984571464294,14:26:24.571,47.3700,100
52034638203827,14:27:14.638,47.2900,99
52034642971856,14:27:14.642,47.2800,100
52034650912856,14:27:14.650,47.2700,100
52034651076654,14:27:14.651,47.2500,100
52034696501531,14:27:14.696,47.2500,63
52034696534432,14:27:14.696,47.2500,37
52034696690282,14:27:14.696,47.2500,100
52035665564640,14:27:15.665,47.2500,100
52035665564640,14:27:15.665,47.2500,100
52035665564640,14:27:15.665,47.2500,84
52063064105746,14:27:43.064,47.2200,16
52063064105746,14:27:43.064,47.2200,84
52113026611828,14:28:33.026,47.2200,1
52152136864836,14:29:12.136,47.2500,32
52186787794792,14:29:46.787,47.2100,1
52219623855069,14:30:19.623,47.1800,3
52219623936952,14:30:19.623,47.1800,97
52256758228302,14:30:56.758,47.2000,1
52302007180689,14:31:42.007,47.2000,1
52365011224967,14:32:45.011,47.2000,1
52426340139339,14:33:46.340,47.1700,100
52427116462486,14:33:47.116,47.1400,100
52427116462486,14:33:47.116,47.1300,100
52435469480477,14:33:55.469,47.1700,100
52435469480477,14:33:55.469,47.1700,100
52435470091552,14:33:55.470,47.1700,39
52491031526828,14:34:51.031,47.2100,1
52554037423748,14:35:54.037,47.2200,1
52564235783042,14:36:04.235,47.1900,8
52564249447954,14:36:04.249,47.1800,7
52564249838867,14:36:04.249,47.1900,4
52565562145346,14:36:05.562,47.1500,100
52701497987230,14:38:21.497,47.2300,15
52703040288337,14:38:23.040,47.2700,1
52755209754602,14:39:15.209,47.2400,1
52770487746660,14:39:30.487,47.2100,1
52770487746660,14:39:30.487,47.2100,98
52770487774669,14:39:30.487,47.2100,2
52770487791718,14:39:30.487,47.2000,1
52806128347344,14:40:06.128,47.2100,1
52939550990845,14:42:19.550,47.2400,1
52939550990845,14:42:19.550,47.2400,100
52940042200062,14:42:20.042,47.2600,1
52983114512291,14:43:03.114,47.2300,100
52983114767500,14:43:03.114,47.2200,2
52996098316045,14:43:16.098,47.2000,2
52996098316045,14:43:16.098,47.2000,98
52996098720246,14:43:16.098,47.2000,2
52996098720763,14:43:16.098,47.2000,2
52996098721906,14:43:16.098,47.2000,2
52996099578843,14:43:16.099,47.1900,1
53067238287681,14:44:27.238,47.2500,100
53067238337547,14:44:27.238,47.2500,2
53067238338287,14:44:27.238,47.2500,24
53067238345337,14:44:27.238,47.2500,31
53067239269527,14:44:27.239,47.2700,38
53067239270217,14:44:27.239,47.2700,2
53067239273875,14:44:27.239,47.2700,39
53067239278444,14:44:27.239,47.2700,2
53067239378781,14:44:27.239,47.2700,8
53067493348471,14:44:27.493,47.2700,11
53068074405572,14:44:28.074,47.2800,1
53121036805754,14:45:21.036,47.2800,1
53189262719146,14:46:29.262,47.3100,100
53212616582363,14:46:52.616,47.3200,100
53251877453638,14:47:31.877,47.3800,1
53436007081223,14:50:36.007,47.3700,1
53464967553039,14:51:04.967,47.3500,10
53464967553039,14:51:04.967,47.3400,90
53464967595306,14:51:04.967,47.3400,10
53464967595306,14:51:04.967,47.3400,62
53464967611724,14:51:04.967,47.3400,23
53464967615823,14:51:04.967,47.3400,15
53464967615823,14:51:04.967,47.3400,1
53464967615823,14:51:04.967,47.3400,29
53464967660587,14:51:04.967,47.3300,85
53464967677288,14:51:04.967,47.3300,15
53509321546727,14:51:49.321,47.3600,100
53509321546727,14:51:49.321,47.3600,2
53526674124033,14:52:06.674,47.3800,100
53526674568979,14:52:06.674,47.3800,37
53526674597536,14:52:06.674,47.3800,39
53526676011196,14:52:06.676,47.3800,24
53526676915199,14:52:06.676,47.3800,45
53563011617036,14:52:43.011,47.4000,100
53563011644050,14:52:43.011,47.4100,100
53565012409808,14:52:45.012,47.4200,1
53597115990723,14:53:17.115,47.4600,100
53778625175704,14:56:18.625,47.4500,1
53798003537441,14:56:38.003,47.4700,24
53834240881348,14:57:14.240,47.4900,10
53841119843853,14:57:21.119,47.5000,100
53881202766396,14:58:01.202,47.5100,5
53881202794760,14:58:01.202,47.5100,195
53881202877460,14:58:01.202,47.5200,5
53883044267406,14:58:03.044,47.5300,15
53907051405366,14:58:27.051,47.5400,1
53944746022836,14:59:04.746,47.5100,1
53989859700028,14:59:49.859,47.5600,1
54022828982803,15:00:22.828,47.5200,1
54117115430824,15:01:57.115,47.4900,100
54117115780296,15:01:57.115,47.4800,100
54117115780296,15:01:57.115,47.4800,8
54117115788199,15:01:57.115,47.4800,5
54117115790200,15:01:57.115,47.4800,72
54117115791969,15:01:57.115,47.4800,15
54117115791969,15:01:57.115,47.4800,13
54117115798719,15:01:57.115,47.4800,35
54117115898070,15:01:57.115,47.4800,52
54117116719618,15:01:57.116,47.4600,26
54117116744813,15:01:57.116,47.4600,74
54117117091218,15:01:57.117,47.4600,29
54117119295317,15:01:57.119,47.4500,100
54117119708081,15:01:57.119,47.4500,33
54117119708081,15:01:57.119,47.4500,100
54117153805909,15:01:57.153,47.4500,7
54117153805909,15:01:57.153,47.4400,93
54117153838824,15:01:57.153,47.4400,7
54117153841663,15:01:57.153,47.4400,7
54117232666781,15:01:57.232,47.4600,100
54117232666781,15:01:57.232,47.4600,100
54160322285580,15:02:40.322,47.4500,100
54200830642899,15:03:20.830,47.4500,1
54201447068413,15:03:21.447,47.4500,17
54233010670835,15:03:53.010,47.4200,87
54233010678980,15:03:53.010,47.4200,13
54306549805640,15:05:06.549,47.3800,2
54320262742633,15:05:20.262,47.4100,6
54320262742633,15:05:20.262,47.4100,87
54320262743693,15:05:20.262,47.4100,13
54320262778849,15:05:20.262,47.4200,1
54327253572397,15:05:27.253,47.4300,1
54327253572397,15:05:27.253,47.4100,100
54358843309748,15:05:58.843,47.3800,3
54489446302475,15:08:09.446,47.4300,19
54489446302475,15:08:09.446,47.4300,10
54489446311240,15:08:09.446,47.4300,34
54489446315692,15:08:09.446,47.4300,56
54507011245258,15:08:27.011,47.4500,1
54570011865080,15:09:30.011,47.4500,1
54592907604253,15:09:52.907,47.4200,100
54592907989500,15:09:52.907,47.4000,5
54598617235670,15:09:58.617,47.3800,3
54638631415858,15:10:38.631,47.3900,1
54656703718124,15:10:56.703,47.3800,2
54696008714169,15:11:36.008,47.3800,1
54789023387145,15:13:09.023,47.4000,1
54812145147777,15:13:32.145,47.4200,100
54812145447252,15:13:32.145,47.4300,50
54813633104867,15:13:33.633,47.4600,3
54822006259251,15:13:42.006,47.4300,1
54948001390825,15:15:48.001,47.4600,100
54948002466685,15:15:48.002,47.4600,100
54948002648165,15:15:48.002,47.4600,12
54948002993429,15:15:48.002,47.4600,88
54948006532154,15:15:48.006,47.4700,27
54948027093982,15:15:48.027,47.4700,73
54948027188138,15:15:48.027,47.4600,10
54948027526202,15:15:48.027,47.4600,10
54948027553584,15:15:48.027,47.4600,10
54948027565403,15:15:48.027,47.4600,10
54951029349326,15:15:51.029,47.4500,100
54951030416151,15:15:51.030,47.4300,100
54999765936421,15:16:39.765,47.3600,1
55003729310252,15:16:43.729,47.3800,16
55137013353959,15:18:57.013,47.3700,1
55194396398877,15:19:54.396,47.4300,5
55194396398877,15:19:54.396,47.4300,5
55200092418300,15:20:00.092,47.4200,1
55237542194932,15:20:37.542,47.4300,100
55237542276921,15:20:37.542,47.4300,21
55273142734042,15:21:13.142,47.4200,1
55326020262971,15:22:06.020,47.4200,1
55328211643095,15:22:08.211,47.4000,100
55328211643095,15:22:08.211,47.4000,200
55328211692893,15:22:08.211,47.3900,15
55328211693421,15:22:08.211,47.3900,52
55328211727887,15:22:08.211,47.3900,16
55328211763432,15:22:08.211,47.3900,17
55329570991981,15:22:09.570,47.3800,100
55331912149755,15:22:11.912,47.3800,100
55332036638112,15:22:12.036,47.3700,57
55332036663392,15:22:12.036,47.3700,43
55332036663392,15:22:12.036,47.3700,3
55332037942629,15:22:12.037,47.3600,3
55333035108184,15:22:13.035,47.3500,100
55349214130421,15:22:29.214,47.3600,19
55633040660013,15:27:13.040,47.3300,100
55633040687162,15:27:13.040,47.3300,59
55633040687162,15:27:13.040,47.3300,1
55633043848995,15:27:13.043,47.3200,1
55633043848995,15:27:13.043,47.3200,99
55633043876174,15:27:13.043,47.3200,1
55633043876174,15:27:13.043,47.3200,100
55633044151588,15:27:13.044,47.3100,2
55673128290162,15:27:53.128,47.3400,100
55673128290162,15:27:53.128,47.3400,100
55708866711574,15:28:28.866,47.3400,1
55718444426571,15:28:38.444,47.3200,3
55723410664049,15:28:43.410,47.3400,6
55723414167530,15:28:43.414,47.3400,20
55760428237400,15:29:20.428,47.3100,1
55760428237400,15:29:20.428,47.3100,1
55760428237400,15:29:20.428,47.3100,3
55760428533214,15:29:20.428,47.3000,1
55760428533214,15:29:20.428,47.3000,4
55760428599769,15:29:20.428,47.3000,96
55760430839547,15:29:20.430,47.3100,2
55802380013820,15:30:02.380,47.2700,1
55802380027340,15:30:02.380,47.2850,100
55802380029877,15:30:02.380,47.2700,1
55802380080157,15:30:02.380,47.2850,100
55802380447996,15:30:02.380,47.2600,1
55831229553154,15:30:31.229,47.2700,87
55831229575110,15:30:31.229,47.2700,13
55831229575110,15:30:31.229,47.2700,19
55831231091980,15:30:31.231,47.2800,100
55831238235087,15:30:31.238,47.2900,100
55872404094264,15:31:12.404,47.3100,100
55872404094264,15:31:12.404,47.3100,49
55872404095092,15:31:12.404,47.3100,49
55872404096544,15:31:12.404,47.3100,2
55872404096544,15:31:12.404,47.3100,31
55872404097391,15:31:12.404,47.3100,32
55872404207953,15:31:12.404,47.3100,37
55931737148334,15:32:11.737,47.2900,12
55931737148334,15:32:11.737,47.2900,13
55931737148334,15:32:11.737,47.2900,100
55931737148334,15:32:11.737,47.2900,75
55931737218149,15:32:11.737,47.2900,25
55940127989434,15:32:20.127,47.2800,64
55940128000564,15:32:20.128,47.2800,25
55940128008669,15:32:20.128,47.2800,11
56062179508991,15:34:22.179,47.2300,14
56092551461634,15:34:52.551,47.2300,3
56092551461634,15:34:52.551,47.2300,100
56092551531165,15:34:52.551,47.2200,2
56092551843074,15:34:52.551,47.2200,100
56092554390547,15:34:52.554,47.2300,1
56174008850000,15:36:14.008,47.1800,2
56174008850000,15:36:14.008,47.1800,55
56174008874731,15:36:14.008,47.1800,45
56174009407695,15:36:14.009,47.1700,1
56254741999827,15:37:34.741,47.1800,2
56400755560976,15:40:00.755,47.1300,100
56400755584294,15:40:00.755,47.1300,90
56400755986190,15:40:00.755,47.1100,41
56400755988208,15:40:00.755,47.1100,59
56403614050590,15:40:03.614,47.1000,100
56403614050590,15:40:03.614,47.0900,80
56403614415945,15:40:03.614,47.0900,20
56403614415945,15:40:03.614,47.0900,28
56403614454847,15:40:03.614,47.0900,52
56407998264666,15:40:07.998,47.0950,100
56408571624323,15:40:08.571,47.0950,100
56423569419618,15:40:23.569,47.0850,100
56443097955125,15:40:43.097,47.1000,1
56463193790495,15:41:03.193,47.0800,1
56470359417505,15:41:10.359,47.1000,7
56480607108661,15:41:20.607,47.0700,35
56498853088256,15:41:38.853,47.0600,2
56567146930886,15:42:47.146,47.1000,93
56567146930886,15:42:47.146,47.1000,7
56580330641840,15:43:00.330,47.1000,100
56580331119307,15:43:00.331,47.1000,24
56580331413063,15:43:00.331,47.1000,7
56580331773220,15:43:00.331,47.1100,7
56580331800728,15:43:00.331,47.1100,93
56584869136082,15:43:04.869,47.1300,100
56584931672427,15:43:04.931,47.1400,2
56623814692465,15:43:43.814,47.1000,2
56624014207495,15:43:44.014,47.1000,17
56624014207495,15:43:44.014,47.1000,83
56652986378518,15:44:12.986,47.1400,2
56665373177880,15:44:25.373,47.1100,100
56665373591557,15:44:25.373,47.1000,2
56665373645577,15:44:25.373,47.1000,100
56730169222240,15:45:30.169,47.1000,2
56743055533982,15:45:43.055,47.1200,100
56743056002674,15:45:43.056,47.1300,100
56812959344331,15:46:52.959,47.1400,100
56855782593061,15:47:35.782,47.1300,1
56855782702816,15:47:35.782,47.1200,1
56934788577473,15:48:54.788,47.1200,100
56934788577473,15:48:54.788,47.1200,100
56934788931849,15:48:54.788,47.1100,100
56934788931849,15:48:54.788,47.1100,62
56934788933387,15:48:54.788,47.1100,38
56934788933387,15:48:54.788,47.1100,2
56934788933387,15:48:54.788,47.1100,98
56934788934547,15:48:54.788,47.1100,2
56934788934547,15:48:54.788,47.1100,5
56934788942648,15:48:54.788,47.1100,27
56934788945324,15:48:54.788,47.1100,68
56934788945324,15:48:54.788,47.1100,27
56934788959048,15:48:54.788,47.1100,18
56934788965049,15:48:54.788,47.1100,100
56934788965049,15:48:54.788,47.1100,38
56934788970797,15:48:54.788,47.1100,17
56934788990968,15:48:54.788,47.1100,100
56934791428148,15:48:54.791,47.1100,100
56934791428148,15:48:54.791,47.1000,11
56934792301647,15:48:54.792,47.1000,2
56934792301647,15:48:54.792,47.1000,100
56934792301647,15:48:54.792,47.1000,3
56934792363458,15:48:54.792,47.0900,100
57010287312749,15:50:10.287,47.0900,1
57010287312749,15:50:10.287,47.0900,6
57057374353321,15:50:57.374,47.1000,1
57065161029803,15:51:05.161,47.0950,100
57073924172437,15:51:13.924,47.0950,100
57091979261140,15:51:31.979,47.0900,100
57096962658232,15:51:36.962,47.1000,96
57096962668531,15:51:36.962,47.1000,104
57096962668531,15:51:36.962,47.1000,45
57096962670069,15:51:36.962,47.1000,53
57096962670069,15:51:36.962,47.1000,64
57096962675566,15:51:36.962,47.1000,36
57110574873489,15:51:50.574,47.1100,100
57115544370855,15:51:55.544,47.1250,100
57193056644975,15:53:13.056,47.1200,1
57199044457824,15:53:19.044,47.1300,34
57222047555682,15:53:42.047,47.1300,69
57222047582690,15:53:42.047,47.1300,31
57222081664532,15:53:42.081,47.1400,30
57236440378859,15:53:56.440,47.1500,100
57236440378859,15:53:56.440,47.1500,100
57247976133291,15:54:07.976,47.1600,100
57249120205561,15:54:09.120,47.1700,21
57250482185525,15:54:10.482,47.1700,6
57255960974957,15:54:15.960,47.1500,4
57255961026085,15:54:15.961,47.1500,2
57255961026085,15:54:15.961,47.1500,27
57255961035626,15:54:15.961,47.1500,79
57255961050345,15:54:15.961,47.1500,33
57255961822801,15:54:15.961,47.1500,21
57255967179659,15:54:15.967,47.1500,32
57255967493245,15:54:15.967,47.1500,60
57256018058742,15:54:16.018,47.1500,8
57256018058742,15:54:16.018,47.1500,92
57256018149782,15:54:16.018,47.1600,35
57256018370668,15:54:16.018,47.1500,8
57256018370668,15:54:16.018,47.1500,92
57256018450786,15:54:16.018,47.1600,35
57256168896927,15:54:16.168,47.1600,30
57257623441231,15:54:17.623,47.1700,35
57257623554418,15:54:17.623,47.1700,3
57257623598380,15:54:17.623,47.1700,32
57263753238073,15:54:23.753,47.1500,8
57263753238073,15:54:23.753,47.1500,92
57265871564709,15:54:25.871,47.1500,8
57265871564709,15:54:25.871,47.1500,92
57269070743271,15:54:29.070,47.1500,8
57269070743271,15:54:29.070,47.1500,92
57271822687157,15:54:31.822,47.1600,100
57276567005808,15:54:36.567,47.1600,1
57276567005808,15:54:36.567,47.1600,8
57276567019876,15:54:36.567,47.1600,9
57277353246594,15:54:37.353,47.1700,2
57283988449799,15:54:43.988,47.1600,83
57283988449799,15:54:43.988,47.1600,17
57283988688417,15:54:43.988,47.1600,50
57286467011315,15:54:46.467,47.1600,33
57286467011315,15:54:46.467,47.1600,67
57292699700973,15:54:52.699,47.1600,100
57300032786883,15:55:00.032,47.1800,35
57300033165999,15:55:00.033,47.1800,30
57300033415647,15:55:00.033,47.1800,5
57300033668394,15:55:00.033,47.1800,25
57300034077140,15:55:00.034,47.1800,5
57300035523863,15:55:00.035,47.1800,67
57300288869623,15:55:00.288,47.1800,33
57300288869623,15:55:00.288,47.1800,40
57309111952447,15:55:09.111,47.1850,100
57310471814839,15:55:10.471,47.1900,100
57319090904965,15:55:19.090,47.1900,100
57322645796508,15:55:22.645,47.2000,4
57322650458722,15:55:22.650,47.1900,1
57344984368545,15:55:44.984,47.1900,1
57344984368545,15:55:44.984,47.1900,99
57369770133963,15:56:09.770,47.1950,100
57369770824014,15:56:09.770,47.1950,100
57369981937342,15:56:09.981,47.2000,2
57369988140288,15:56:09.988,47.2000,27
57369988296076,15:56:09.988,47.2000,72
57369988316473,15:56:09.988,47.2000,1
57369993610445,15:56:09.993,47.2300,10
57413198576212,15:56:53.198,47.2150,100
57414154988323,15:56:54.154,47.2300,5
57419945151875,15:56:59.945,47.2100,100
57421127208274,15:57:01.127,47.2200,95
57429636600416,15:57:09.636,47.2200,2
57429667026408,15:57:09.667,47.2300,18
57433814645876,15:57:13.814,47.2300,4
57435943200244,15:57:15.943,47.2100,2
57440136318256,15:57:20.136,47.2200,100
57447501378915,15:57:27.501,47.2300,7
57447504354838,15:57:27.504,47.2300,7
57449507900734,15:57:29.507,47.2100,38
57449507976802,15:57:29.507,47.2100,78
57449507976802,15:57:29.507,47.2100,19
57449508182656,15:57:29.508,47.2100,50
57449508196126,15:57:29.508,47.2100,61
57449508230663,15:57:29.508,47.2100,100
57449508240592,15:57:29.508,47.2100,6
57449508240592,15:57:29.508,47.2100,43
57449508281050,15:57:29.508,47.2100,57
57449508281050,15:57:29.508,47.2100,43
57449508341273,15:57:29.508,47.2100,36
57449508388353,15:57:29.508,47.2100,37
57449508667287,15:57:29.508,47.2100,42
57449508667808,15:57:29.508,47.2100,38
57449515462760,15:57:29.515,47.2100,104
57449515462760,15:57:29.515,47.2100,96
57451261840726,15:57:31.261,47.2150,100
57451262453055,15:57:31.262,47.2150,100
57454699538212,15:57:34.699,47.2150,100
57454699538212,15:57:34.699,47.2200,100
57457171174144,15:57:37.171,47.2200,70
57457171438787,15:57:37.171,47.2200,30
57457229378915,15:57:37.229,47.2200,6
57476620551775,15:57:56.620,47.2100,4
57476620551775,15:57:56.620,47.2100,96
57483448940456,15:58:03.448,47.2150,100
57483448940456,15:58:03.448,47.2150,100
57483449377021,15:58:03.449,47.2200,100
57483449377021,15:58:03.449,47.2200,100
57483449377021,15:58:03.449,47.2200,26
57483449377021,15:58:03.449,47.2200,22
57483449613137,15:58:03.449,47.2200,23
57483449619503,15:58:03.449,47.2200,55
57483449619503,15:58:03.449,47.2200,23
57483975208163,15:58:03.975,47.2200,10
57487838390636,15:58:07.838,47.2200,100
57507495650163,15:58:27.495,47.2200,100
57528302864006,15:58:48.302,47.2200,100
57537465350905,15:58:57.465,47.2150,100
57537499645951,15:58:57.499,47.2200,100
57538027760279,15:58:58.027,47.2200,1
57539403411908,15:58:59.403,47.2200,8
57540809357838,15:59:00.809,47.2200,27
57542665746822,15:59:02.665,47.2200,100
57546069119083,15:59:06.069,47.2200,100
57546069119083,15:59:06.069,47.2300,100
57546069119083,15:59:06.069,47.2300,10
57546069147859,15:59:06.069,47.2300,2
57546069208424,15:59:06.069,47.2300,98
57548208087893,15:59:08.208,47.2400,99
57553217397194,15:59:13.217,47.2400,3
57555600312110,15:59:15.600,47.2300,100
57560114067656,15:59:20.114,47.2400,3
57562020059507,15:59:22.020,47.2400,3
57562969193491,15:59:22.969,47.2350,100
57562969646774,15:59:22.969,47.2400,91
57562969646774,15:59:22.969,47.2400,100
57565541167200,15:59:25.541,47.2400,100
57565593808981,15:59:25.593,47.2500,82
57567022225526,15:59:27.022,47.2500,100
57567022255288,15:59:27.022,47.2500,218
57569732565336,15:59:29.732,47.2500,100
57574196626940,15:59:34.196,47.2600,38
57574457926850,15:59:34.457,47.2600,46
57574458373454,15:59:34.458,47.2600,16
57574542654439,15:59:34.542,47.2700,96
57577417038911,15:59:37.417,47.2800,3
57578883895267,15:59:38.883,47.2700,20
57578952943224,15:59:38.952,47.2700,93
57582867065891,15:59:42.867,47.2600,100
57584370738723,15:59:44.370,47.2500,4
57584373045576,15:59:44.373,47.2500,4
57588628506748,15:59:48.628,47.2500,92
57588628506748,15:59:48.628,47.2500,8
57590107542206,15:59:50.107,47.2500,92
57590107542206,15:59:50.107,47.2500,12
57590617462778,15:59:50.617,47.2700,2
57591447905752,15:59:51.447,47.2650,100
57594054644380,15:59:54.054,47.2500,52
57594592811850,15:59:54.592,47.2500,54
57594592811850,15:59:54.592,47.2500,46
57595122376258,15:59:55.122,47.2800,75
57595787837608,15:59:55.787,47.2600,100
57597038472741,15:59:57.038,47.2600,18
57597038472741,15:59:57.038,47.2500,82
57597715666771,15:59:57.715,47.2500,124
57597715666771,15:59:57.715,47.2500,7
57597993921980,15:59:57.993,47.2800,22
57597993983150,15:59:57.993,47.2900,7
57598113711451,15:59:58.113,47.2900,93
57598113711451,15:59:58.113,47.2900,7
57599887912625,15:59:59.887,47.2900,65
57600372359746,16:00:00.372,47.2900,22259
