timestamp,time,price,volume
32107792433543,08:55:07.792,60.6100,100
33383567674214,09:16:23.567,60.0000,10
33383567735035,09:16:23.567,60.0000,35
34200946621833,09:30:00.946,0.0000,0
34261295036880,09:31:01.295,61.4300,200
34359849052076,09:32:39.849,61.4100,100
34370263335105,09:32:50.263,61.4100,22
34370263364231,09:32:50.263,61.3650,100
34370373440220,09:32:50.373,61.4500,95
34370373440220,09:32:50.373,61.4600,164
34370373440220,09:32:50.373,61.4600,100
34370373440220,09:32:50.373,61.4600,5
34370373470091,09:32:50.373,61.4600,95
34409309078360,09:33:29.309,61.4000,40
34409309078360,09:33:29.309,61.4000,43
34409309105260,09:33:29.309,61.4000,57
34449518153144,09:34:09.518,61.4400,45
34449518181849,09:34:09.518,61.4400,55
34449518181849,09:34:09.518,61.4400,45
34502868167206,09:35:02.868,61.4500,100
34530101191984,09:35:30.101,61.3900,100
34530101243686,09:35:30.101,61.3800,15
34530101243686,09:35:30.101,61.3800,85
34530101274269,09:35:30.101,61.3800,15
34530102860296,09:35:30.102,61.4100,100
34530113501642,09:35:30.113,61.3800,9
34530118373284,09:35:30.118,61.3800,91
34530118454734,09:35:30.118,61.3800,9
34530118483981,09:35:30.118,61.3800,100
34535403872003,09:35:35.403,61.4800,2
34535403872003,09:35:35.403,61.4900,4
34535403872003,09:35:35.403,61.5000,100
34535403872003,09:35:35.403,61.5000,100
34535403872003,09:35:35.403,61.5000,20
34535403872003,09:35:35.403,61.5000,74
34535406555319,09:35:35.406,61.5100,200
34535406912971,09:35:35.406,61.4900,100
34535407073560,09:35:35.407,61.4700,4
34535407284837,09:35:35.407,61.4900,100
34535407284837,09:35:35.407,61.4900,100
34535407284837,09:35:35.407,61.4900,100
34535407958256,09:35:35.407,61.5000,100
34535409605625,09:35:35.409,61.5100,100
34535409657143,09:35:35.409,61.5200,81
34535409684804,09:35:35.409,61.5200,19
34535413795886,09:35:35.413,61.5100,5
34535495433103,09:35:35.495,61.5400,3
34535609388117,09:35:35.609,61.5500,100
34535609414097,09:35:35.609,61.5500,12
34535609820389,09:35:35.609,61.5400,100
34535610100176,09:35:35.610,61.5500,15
34535610100176,09:35:35.610,61.5500,100
34535610100176,09:35:35.610,61.5500,10
34537817276512,09:35:37.817,61.5700,22
34537818016611,09:35:37.818,61.5700,8
34557860624958,09:35:57.860,61.5600,24
34557860631237,09:35:57.860,61.5600,24
34606789066404,09:36:46.789,61.5200,90
34606789822327,09:36:46.789,61.5200,10
34606790017006,09:36:46.790,61.5200,100
34606790047861,09:36:46.790,61.5100,100
34606793940996,09:36:46.793,61.5100,100
34606795223658,09:36:46.795,61.5200,60
34606795253074,09:36:46.795,61.5200,40
34615524890089,09:36:55.524,61.5600,100
34615525473148,09:36:55.525,61.5500,100
34663505785806,09:37:43.505,61.5500,86
34663505785806,09:37:43.505,61.5500,16
34668079632271,09:37:48.079,61.5200,100
34668079663059,09:37:48.079,61.5200,100
34689191305910,09:38:09.191,61.5550,100
34689191305910,09:38:09.191,61.5800,100
34689191334848,09:38:09.191,61.5800,100
34689192583433,09:38:09.192,61.5700,100
34698223561019,09:38:18.223,61.5900,100
34700267210734,09:38:20.267,61.5800,200
34700318564136,09:38:20.318,61.6100,110
34744390274653,09:39:04.390,61.5800,100
34744390274653,09:39:04.390,61.5800,100
34744390384760,09:39:04.390,61.5700,100
34765302052697,09:39:25.302,61.5200,100
34765302480941,09:39:25.302,61.5200,100
34765302480941,09:39:25.302,61.5200,100
34765304121373,09:39:25.304,61.5200,200
34767331521761,09:39:27.331,61.5000,37
34787186004446,09:39:47.186,61.5000,100
34787230489940,09:39:47.230,61.4900,1
34789557477495,09:39:49.557,61.4700,100
34789557565043,09:39:49.557,61.4900,100
34803741165172,09:40:03.741,61.4800,1
34845153841877,09:40:45.153,61.5300,5
34845153841877,09:40:45.153,61.5300,100
34845153841877,09:40:45.153,61.5300,100
34845156439758,09:40:45.156,61.5300,200
34845156492039,09:40:45.156,61.5300,100
34901301727945,09:41:41.301,61.5600,100
34901301932061,09:41:41.301,61.5400,40
34911992159126,09:41:51.992,61.5600,40
34911992159126,09:41:51.992,61.5600,60
34920889433954,09:42:00.889,61.5700,2
34920889433954,09:42:00.889,61.5700,11
34920889437824,09:42:00.889,61.5700,72
34922491113207,09:42:02.491,61.5700,1
34946797940862,09:42:26.797,61.5600,100
34946798282190,09:42:26.798,61.5600,100
34955593410365,09:42:35.593,61.5800,100
34955595895849,09:42:35.595,61.5700,100
34961672090091,09:42:41.672,61.5900,100
35006983868488,09:43:26.983,61.6000,100
35006988390195,09:43:26.988,61.5800,10
35010943254497,09:43:30.943,61.5700,100
35010944292091,09:43:30.944,61.5700,1
35034679533426,09:43:54.679,61.5700,10
35034679533426,09:43:54.679,61.5700,3
35034682110516,09:43:54.682,61.5600,30
35082254405246,09:44:42.254,61.5800,100
35082255040895,09:44:42.255,61.6100,100
35082324232606,09:44:42.324,61.6000,100
35082324232606,09:44:42.324,61.5900,89
35082324233482,09:44:42.324,61.5900,11
35092988745974,09:44:52.988,61.5800,100
35092989980449,09:44:52.989,61.5800,100
35129594419623,09:45:29.594,61.5700,100
35129625635914,09:45:29.625,61.5600,100
35129625655363,09:45:29.625,61.5600,100
35129625661805,09:45:29.625,61.5600,100
35138005315391,09:45:38.005,61.5400,100
35138006627648,09:45:38.006,61.5400,100
35138007017991,09:45:38.007,61.5300,100
35138008278464,09:45:38.008,61.5300,100
35138008328540,09:45:38.008,61.5300,23
35138025430408,09:45:38.025,61.5400,100
35164757988216,09:46:04.757,61.4900,100
35180634947041,09:46:20.634,61.5000,100
35180634947041,09:46:20.634,61.5000,100
35189059676828,09:46:29.059,61.5100,1
35203811814668,09:46:43.811,61.5400,5
35222188897392,09:47:02.188,61.5500,2
35246307960444,09:47:26.307,61.5600,100
35246307960444,09:47:26.307,61.5600,100
35246319888058,09:47:26.319,61.5500,1
35248490145466,09:47:28.490,61.5600,1
35251961815983,09:47:31.961,61.5400,100
35251961815983,09:47:31.961,61.5400,100
35289429572316,09:48:09.429,61.5600,100
35291983119645,09:48:11.983,61.5500,2
35294848549881,09:48:14.848,61.5400,100
35294849455832,09:48:14.849,61.5400,100
35294849455832,09:48:14.849,61.5500,100
35294849679610,09:48:14.849,61.5400,100
35294850337184,09:48:14.850,61.5300,64
35295717892048,09:48:15.717,61.5600,100
35325305719596,09:48:45.305,61.5300,100
35325305768405,09:48:45.305,61.5300,100
35325319948636,09:48:45.319,61.5000,100
35325319948636,09:48:45.319,61.5000,18
35329628836467,09:48:49.628,61.4800,80
35329628926442,09:48:49.628,61.4800,100
35330023060698,09:48:50.023,61.4900,100
35330842297689,09:48:50.842,61.4600,100
35331044223790,09:48:51.044,61.4600,1
35380694282637,09:49:40.694,61.4900,100
35380695996193,09:49:40.695,61.4800,100
35380703322304,09:49:40.703,61.4800,10
35384076354523,09:49:44.076,61.4800,100
35384076354523,09:49:44.076,61.4800,2
35384076354523,09:49:44.076,61.4800,98
35394537425658,09:49:54.537,61.4900,100
35398113651165,09:49:58.113,61.5000,100
35398114436355,09:49:58.114,61.5000,18
35411301919388,09:50:11.301,61.5000,2
35416194201114,09:50:16.194,61.4800,100
35416194201114,09:50:16.194,61.4800,100
35417435464951,09:50:17.435,61.4600,100
35419254774729,09:50:19.254,61.4600,100
35419254774729,09:50:19.254,61.4600,17
35420024674651,09:50:20.024,61.4800,100
35421506643459,09:50:21.506,61.4700,100
35421506643459,09:50:21.506,61.4700,25
35422528232062,09:50:22.528,61.4800,100
35449909678577,09:50:49.909,61.4600,2
35458620660539,09:50:58.620,61.4300,200
35458620660539,09:50:58.620,61.4300,100
35458620691254,09:50:58.620,61.4300,100
35458620962754,09:50:58.620,61.4400,100
35460026148195,09:51:00.026,61.4500,100
35463364570381,09:51:03.364,61.4500,10
35463364570381,09:51:03.364,61.4500,90
35463416034865,09:51:03.416,61.4600,2
35463416065915,09:51:03.416,61.4600,91
35464709881128,09:51:04.709,61.4500,19
35464709881128,09:51:04.709,61.4500,100
35464710572812,09:51:04.710,61.4500,100
35464781440967,09:51:04.781,61.4400,100
35557633305753,09:52:37.633,61.4400,2
35557633391879,09:52:37.633,61.4400,62
35557633692255,09:52:37.633,61.4400,38
35557633692255,09:52:37.633,61.4300,100
35557633692255,09:52:37.633,61.4300,62
35557633725072,09:52:37.633,61.4300,38
35557633730975,09:52:37.633,61.4300,100
35557650060393,09:52:37.650,61.4300,100
35569621230353,09:52:49.621,61.4200,100
35569984871255,09:52:49.984,61.4400,100
35569984871255,09:52:49.984,61.4400,100
35612807969096,09:53:32.807,61.4200,100
35630066746971,09:53:50.066,61.4250,200
35661984599164,09:54:21.984,61.4200,2
35666539602834,09:54:26.539,61.4100,100
35666539602834,09:54:26.539,61.4100,100
35672322765565,09:54:32.322,61.3800,100
35672323154031,09:54:32.323,61.3800,100
35672323226149,09:54:32.323,61.3800,17
35672323226149,09:54:32.323,61.4000,33
35679540270305,09:54:39.540,61.4000,67
35679540270305,09:54:39.540,61.4000,33
35695972580314,09:54:55.972,61.3700,100
35695972580314,09:54:55.972,61.3700,2
35695972610594,09:54:55.972,61.3700,100
35695984616576,09:54:55.984,61.3400,100
35696023044989,09:54:56.023,61.3400,100
35710917272261,09:55:10.917,61.3600,100
35710917752295,09:55:10.917,61.3600,100
35710920577863,09:55:10.920,61.3500,97
35710920585143,09:55:10.920,61.3500,3
35752414120001,09:55:52.414,61.3300,2
35752418624917,09:55:52.418,61.3200,3
35754707953685,09:55:54.707,61.3100,100
35756063000619,09:55:56.063,61.3000,100
35756143587240,09:55:56.143,61.2900,100
35756219008876,09:55:56.219,61.2600,100
35790176070879,09:56:30.176,61.2700,100
35790177761955,09:56:30.177,61.2500,100
35790177790535,09:56:30.177,61.2500,100
35790178190540,09:56:30.178,61.2300,100
35790178267428,09:56:30.178,61.2300,100
35790443625228,09:56:30.443,61.2200,100
35790443625228,09:56:30.443,61.2200,100
35790443625228,09:56:30.443,61.2200,1
35790443625228,09:56:30.443,61.2200,100
35790444500765,09:56:30.444,61.2100,100
35790444500765,09:56:30.444,61.2100,10
35790444551770,09:56:30.444,61.2100,10
35790447333065,09:56:30.447,61.2100,100
35799631847001,09:56:39.631,61.2000,100
35799631847001,09:56:39.631,61.2000,100
35799633813432,09:56:39.633,61.2000,100
35809336847334,09:56:49.336,61.2300,100
35809337040099,09:56:49.337,61.2300,5
35818304400891,09:56:58.304,61.2400,100
35819161602884,09:56:59.161,61.2400,100
35822595597394,09:57:02.595,61.2300,2
35830362665642,09:57:10.362,61.2500,72
35842717097727,09:57:22.717,61.2200,100
35856397891590,09:57:36.397,61.2300,100
35861304475561,09:57:41.304,61.2400,1
35897182424713,09:58:17.182,61.2200,100
35898360826075,09:58:18.360,61.2400,100
35912963399174,09:58:32.963,61.2500,100
35921600166964,09:58:41.600,61.2400,100
35921600166964,09:58:41.600,61.2400,100
35921600166964,09:58:41.600,61.2400,100
35921602155638,09:58:41.602,61.2400,100
35921602155638,09:58:41.602,61.2300,100
35921603172237,09:58:41.603,61.2400,1
35921603222208,09:58:41.603,61.2400,99
35924235451955,09:58:44.235,61.2500,100
35933884690528,09:58:53.884,61.2200,99
35933884729318,09:58:53.884,61.2200,1
35934432504554,09:58:54.432,61.2100,100
35946305972738,09:59:06.305,61.2100,100
35947893277648,09:59:07.893,61.2300,10
35969803395160,09:59:29.803,61.2300,100
35969803395160,09:59:29.803,61.2300,100
35969804318908,09:59:29.804,61.2300,100
36000092039547,10:00:00.092,61.2100,10
36012389714378,10:00:12.389,61.2100,90
36012389714378,10:00:12.389,61.2100,100
36012389714378,10:00:12.389,61.2100,10
36012389745929,10:00:12.389,61.2100,90
36012390739255,10:00:12.390,61.2000,100
36012548605538,10:00:12.548,61.2000,100
36013477659824,10:00:13.477,61.2200,100
36020960127753,10:00:20.960,61.2400,100
36020962082265,10:00:20.962,61.2400,100
36023713132260,10:00:23.713,61.2500,100
36023713132260,10:00:23.713,61.2500,100
36023715087822,10:00:23.715,61.2500,100
36023715087822,10:00:23.715,61.2500,100
36023715087822,10:00:23.715,61.2500,85
36023715087822,10:00:23.715,61.2500,15
36023715116071,10:00:23.715,61.2500,85
36023715116071,10:00:23.715,61.2500,100
36023999213094,10:00:23.999,61.2500,100
36024684436939,10:00:24.684,61.2600,100
36024684436939,10:00:24.684,61.2600,100
36029957735227,10:00:29.957,61.2800,100
36038185267237,10:00:38.185,61.2800,82
36038185267237,10:00:38.185,61.2800,82
36038305318034,10:00:38.305,61.2900,100
36038331224546,10:00:38.331,61.3000,50
36045170259575,10:00:45.170,61.2800,1
36049278641423,10:00:49.278,61.2800,17
36049278641423,10:00:49.278,61.2800,100
36049278641423,10:00:49.278,61.2800,83
36049279240767,10:00:49.279,61.2800,17
36051152215587,10:00:51.152,61.2800,18
36061239801529,10:01:01.239,61.2600,100
36062930905419,10:01:02.930,61.2600,76
36087080425954,10:01:27.080,61.2800,100
36090008611480,10:01:30.008,61.2900,200
36090008611480,10:01:30.008,61.2900,100
36090008611480,10:01:30.008,61.2900,100
36090008611480,10:01:30.008,61.2900,100
36090008611480,10:01:30.008,61.2900,100
36090008611480,10:01:30.008,61.2800,100
36090008611480,10:01:30.008,61.2800,100
36090008611480,10:01:30.008,61.2800,100
36090008611480,10:01:30.008,61.2700,100
36090008611480,10:01:30.008,61.2700,94
36090009139206,10:01:30.009,61.2700,200
36090009139206,10:01:30.009,61.2700,100
36090009139206,10:01:30.009,61.2700,100
36090010326576,10:01:30.010,61.2700,1
36148905463506,10:02:28.905,61.2900,100
36148905463506,10:02:28.905,61.2900,100
36157289184754,10:02:37.289,61.3100,100
36157289184754,10:02:37.289,61.3100,100
36166687731160,10:02:46.687,61.2800,500
36166687731160,10:02:46.687,61.2800,190
36166687731160,10:02:46.687,61.2800,40
36166688184150,10:02:46.688,61.2800,60
36166688184150,10:02:46.688,61.2800,12
36166688184150,10:02:46.688,61.2800,5
36166688461782,10:02:46.688,61.2800,100
36166705835139,10:02:46.705,61.2500,100
36166705835139,10:02:46.705,61.2500,100
36166710188946,10:02:46.710,61.2600,100
36166756325202,10:02:46.756,61.2700,100
36168127479722,10:02:48.127,61.2400,38
36200567810849,10:03:20.567,61.2700,100
36218322724392,10:03:38.322,61.2800,1
36242846600899,10:04:02.846,61.3100,100
36243058710467,10:04:03.058,61.3200,100
36243058710467,10:04:03.058,61.3200,100
36243058710467,10:04:03.058,61.3200,100
36243060636179,10:04:03.060,61.3300,100
36243669804723,10:04:03.669,61.3400,1
36243669831042,10:04:03.669,61.3400,99
36243669831042,10:04:03.669,61.3400,100
36288180383480,10:04:48.180,61.3500,11
36288180383480,10:04:48.180,61.3500,29
36328500779972,10:05:28.500,61.3600,73
36328500849127,10:05:28.500,61.3600,27
36328500849127,10:05:28.500,61.3500,4
36328500849938,10:05:28.500,61.3500,69
36328501371555,10:05:28.501,61.3500,27
36328501371555,10:05:28.501,61.3500,5
36328501371555,10:05:28.501,61.3500,37
36328501371555,10:05:28.501,61.3500,100
36328537527750,10:05:28.537,61.3400,71
36342516625231,10:05:42.516,61.3400,10
36342516886218,10:05:42.516,61.3400,90
36342516886218,10:05:42.516,61.3400,10
36342525135866,10:05:42.525,61.3400,1
36342790615545,10:05:42.790,61.3400,100
36342790615545,10:05:42.790,61.3400,100
36344271475175,10:05:44.271,61.3400,100
36346087644667,10:05:46.087,61.3400,1
36351278622332,10:05:51.278,61.3500,100
36351278651141,10:05:51.278,61.3500,100
36351278651141,10:05:51.278,61.3500,100
36370506550892,10:06:10.506,61.3800,100
36370506554021,10:06:10.506,61.3800,100
36370506959037,10:06:10.506,61.3900,21
36370507071066,10:06:10.507,61.3900,79
36397037571144,10:06:37.037,61.3700,1
36397039120814,10:06:37.039,61.3800,22
36397039129223,10:06:37.039,61.3900,100
36397039129223,10:06:37.039,61.3900,22
36397039129223,10:06:37.039,61.3900,52
36397039133135,10:06:37.039,61.3900,48
36397039250286,10:06:37.039,61.4000,20
36397039275306,10:06:37.039,61.4000,180
36397045256848,10:06:37.045,61.4000,100
36397573233424,10:06:37.573,61.4000,100
36397573233424,10:06:37.573,61.4000,12
36415296455299,10:06:55.296,61.4100,100
36415299466166,10:06:55.299,61.4200,1
36415299491397,10:06:55.299,61.4200,99
36437360388154,10:07:17.360,61.4100,100
36451547947354,10:07:31.547,61.4000,100
36452804760200,10:07:32.804,61.4100,100
36452804760200,10:07:32.804,61.4100,100
36491318618497,10:08:11.318,61.4500,100
36491318618497,10:08:11.318,61.4500,200
36522753959879,10:08:42.753,61.4800,100
36522753959879,10:08:42.753,61.4800,100
36526166872758,10:08:46.166,61.4800,22
36558768780583,10:09:18.768,61.4900,100
36573827630396,10:09:33.827,61.4800,100
36573827630396,10:09:33.827,61.4800,12
36607640440852,10:10:07.640,61.4900,100
36607645144593,10:10:07.645,61.5000,100
36607645518222,10:10:07.645,61.5000,200
36621162110144,10:10:21.162,61.5300,23
36621164884517,10:10:21.164,61.5400,45
36621164884517,10:10:21.164,61.5500,100
36630000730056,10:10:30.000,61.5600,100
36630000730056,10:10:30.000,61.5700,23
36630000730056,10:10:30.000,61.5700,100
36665036783250,10:11:05.036,61.5700,12
36665036783250,10:11:05.036,61.5700,100
36665036783250,10:11:05.036,61.5700,94
36665036789121,10:11:05.036,61.5700,6
36673159522588,10:11:13.159,61.5900,100
36673231228974,10:11:13.231,61.6000,100
36673578761358,10:11:13.578,61.6000,100
36708175216161,10:11:48.175,61.6000,100
36708175216161,10:11:48.175,61.6000,100
36708256726771,10:11:48.256,61.5900,100
36708256751505,10:11:48.256,61.5900,12
36708256751505,10:11:48.256,61.5900,100
36708703905600,10:11:48.703,61.6000,23
36708858506874,10:11:48.858,61.6000,100
36708859444802,10:11:48.859,61.6000,83
36708953985073,10:11:48.953,61.6000,100
36770551302240,10:12:50.551,61.6000,200
36778572962340,10:12:58.572,61.6000,63
36778572969567,10:12:58.572,61.6000,37
36778572969567,10:12:58.572,61.6000,31
36778573075251,10:12:58.573,61.6000,69
36783220577359,10:13:03.220,61.6000,100
36783220577359,10:13:03.220,61.6000,11
36784699032589,10:13:04.699,61.6100,100
36784699032589,10:13:04.699,61.6100,300
36787994780499,10:13:07.994,61.6400,100
36792987969412,10:13:12.987,61.6500,100
36793245054200,10:13:13.245,61.6700,1
36793467147675,10:13:13.467,61.6700,100
36793467147675,10:13:13.467,61.6700,55
36793467175338,10:13:13.467,61.6700,3
36793467175338,10:13:13.467,61.6700,42
36793467175338,10:13:13.467,61.6700,100
36793468278556,10:13:13.468,61.6700,42
36805025268534,10:13:25.025,61.6500,100
36805276955350,10:13:25.276,61.6500,1
36809758550188,10:13:29.758,61.6500,22
36920299432187,10:15:20.299,61.6300,100
36920299432187,10:15:20.299,61.6300,11
36920299432187,10:15:20.299,61.6300,100
36920299596308,10:15:20.299,61.6300,100
36920299747732,10:15:20.299,61.6300,100
36920299812705,10:15:20.299,61.6300,100
36920299812705,10:15:20.299,61.6300,111
36920300043672,10:15:20.300,61.6300,100
36931657325966,10:15:31.657,61.6400,100
36931657325966,10:15:31.657,61.6400,100
36934495374804,10:15:34.495,61.6400,100
36934495374804,10:15:34.495,61.6400,200
36934495470482,10:15:34.495,61.6500,100
36934495521653,10:15:34.495,61.6500,100
36934495745672,10:15:34.495,61.6400,100
36934495745672,10:15:34.495,61.6400,100
36934496652592,10:15:34.496,61.6500,4
36939700575299,10:15:39.700,61.6600,100
36939700622009,10:15:39.700,61.6600,100
36939702779591,10:15:39.702,61.6700,100
36939720567089,10:15:39.720,61.6700,200
36940107120435,10:15:40.107,61.6800,100
36940107120435,10:15:40.107,61.6800,100
36950481420412,10:15:50.481,61.7100,40
36950481420412,10:15:50.481,61.7100,20
36950481420412,10:15:50.481,61.7100,180
36950482269592,10:15:50.482,61.7100,100
36958272203995,10:15:58.272,61.7100,24
36971001717799,10:16:11.001,61.7000,100
36971001717799,10:16:11.001,61.7000,10
36990182637341,10:16:30.182,61.6900,100
37003448920067,10:16:43.448,61.7000,100
37003448920067,10:16:43.448,61.7000,100
37003449513686,10:16:43.449,61.7100,18
37003449663011,10:16:43.449,61.7100,18
37004105276239,10:16:44.105,61.7050,100
37004926214528,10:16:44.926,61.7000,100
37004926214528,10:16:44.926,61.7000,100
37040224495633,10:17:20.224,61.6800,100
37045652783657,10:17:25.652,61.6800,100
37045652783657,10:17:25.652,61.6800,100
37045675152285,10:17:25.675,61.6900,100
37077058849518,10:17:57.058,61.6700,100
37077058908203,10:17:57.058,61.6700,100
37077058977657,10:17:57.058,61.6700,100
37077060287703,10:17:57.060,61.6600,200
37077924630667,10:17:57.924,61.6600,100
37084476673008,10:18:04.476,61.6550,10
37084476695990,10:18:04.476,61.6550,10
37084476706876,10:18:04.476,61.6550,10
37084476707448,10:18:04.476,61.6550,10
37084476832163,10:18:04.476,61.6550,10
37087342835992,10:18:07.342,61.6500,10
37087344056191,10:18:07.344,61.6500,100
37096039859789,10:18:16.039,61.6600,100
37096039859789,10:18:16.039,61.6600,100
37096039859789,10:18:16.039,61.6600,100
37097040807161,10:18:17.040,61.6650,66
37097040807161,10:18:17.040,61.6600,34
37144697532956,10:19:04.697,61.7300,200
37173683198214,10:19:33.683,61.7600,100
37181323973094,10:19:41.323,61.8000,1
37198778237807,10:19:58.778,61.7800,100
37198778237807,10:19:58.778,61.7800,100
37198778237807,10:19:58.778,61.7800,283
37198778303823,10:19:58.778,61.7800,100
37198779854255,10:19:58.779,61.7800,100
37198779870095,10:19:58.779,61.7900,25
37198779875890,10:19:58.779,61.7900,75
37203771279583,10:20:03.771,61.8000,1
37214360227678,10:20:14.360,61.8000,99
37214360227678,10:20:14.360,61.8000,100
37214686231612,10:20:14.686,61.8100,100
37218556332631,10:20:18.556,61.8100,200
37218556341886,10:20:18.556,61.8100,100
37220487426914,10:20:20.487,61.8100,100
37221489297827,10:20:21.489,61.8100,43
37221489326696,10:20:21.489,61.8100,57
37232866202825,10:20:32.866,61.8100,90
37234247414336,10:20:34.247,61.8000,100
37234247414336,10:20:34.247,61.8000,6
37234247420695,10:20:34.247,61.8000,94
37234247420695,10:20:34.247,61.8000,8
37234248007209,10:20:34.248,61.8000,86
37234249327119,10:20:34.249,61.8000,14
37234249327119,10:20:34.249,61.8000,86
37234954671843,10:20:34.954,61.8000,7
37239697570581,10:20:39.697,61.8000,100
37239697570581,10:20:39.697,61.8000,100
37284467122893,10:21:24.467,61.8100,100
37284467122893,10:21:24.467,61.8100,100
37284467122893,10:21:24.467,61.8100,1
37284468484331,10:21:24.468,61.8300,1
37293990505300,10:21:33.990,61.8300,1
37314633870115,10:21:54.633,61.8400,100
37318411452570,10:21:58.411,61.8350,71
37318411452570,10:21:58.411,61.8350,29
37318411533811,10:21:58.411,61.8300,5
37318411562617,10:21:58.411,61.8300,95
37318412248609,10:21:58.412,61.8200,100
37318412435522,10:21:58.412,61.8200,100
37320860992616,10:22:00.860,61.8100,100
37320861391000,10:22:00.861,61.8100,100
37320861479596,10:22:00.861,61.8100,71
37326675915954,10:22:06.675,61.8100,100
37328921648329,10:22:08.921,61.8000,83
37334489520749,10:22:14.489,61.8000,100
37349991151368,10:22:29.991,61.8000,100
37388094085253,10:23:08.094,61.8000,17
37388094160925,10:23:08.094,61.8000,83
37388094160925,10:23:08.094,61.8000,8
37388094949948,10:23:08.094,61.7900,8
37388095397892,10:23:08.095,61.7900,92
37388095397892,10:23:08.095,61.7900,71
37388095397892,10:23:08.095,61.7900,29
37444097970413,10:24:04.097,61.7800,100
37444097970413,10:24:04.097,61.7800,6
37444097979289,10:24:04.097,61.7800,94
37444097979289,10:24:04.097,61.7800,43
37444098002866,10:24:04.098,61.7800,57
37444098002866,10:24:04.098,61.7800,8
37444098513547,10:24:04.098,61.7700,100
37451330839812,10:24:11.330,61.7700,1
37457761811567,10:24:17.761,61.7700,1
37457761839970,10:24:17.761,61.7700,99
37457761839970,10:24:17.761,61.7700,100
37459833101516,10:24:19.833,61.7900,5
37471706430775,10:24:31.706,61.7900,200
37471706430775,10:24:31.706,61.7900,100
37471706430775,10:24:31.706,61.7900,100
37471707251504,10:24:31.707,61.7900,100
37485447145421,10:24:45.447,61.7800,18
37517180393318,10:25:17.180,61.7700,50
37528279924208,10:25:28.279,61.7900,100
37528279924208,10:25:28.279,61.7900,200
37550319368893,10:25:50.319,61.8000,100
37563252336140,10:26:03.252,61.8100,199
37564023874889,10:26:04.023,61.8100,8
37572155833042,10:26:12.155,61.8200,100
37572155862107,10:26:12.155,61.8200,100
37584885722676,10:26:24.885,61.8200,81
37584885722676,10:26:24.885,61.8200,100
37584885722676,10:26:24.885,61.8200,100
37599740799321,10:26:39.740,61.8100,100
37599740799321,10:26:39.740,61.8100,19
37603976235802,10:26:43.976,61.8100,99
37605648418046,10:26:45.648,61.8100,100
37614563600728,10:26:54.563,61.8100,100
37686341978102,10:28:06.341,61.8400,100
37686341978102,10:28:06.341,61.8400,100
37696087717106,10:28:16.087,61.8500,39
37696087802153,10:28:16.087,61.8500,61
37696161215372,10:28:16.161,61.8650,50
37700535083316,10:28:20.535,61.8800,100
37720692420032,10:28:40.692,61.9000,69
37720692447670,10:28:40.692,61.9000,31
37720696934029,10:28:40.696,61.9200,100
37735502980253,10:28:55.502,61.9200,94
37738530662844,10:28:58.530,61.9300,100
37748330628084,10:29:08.330,61.9300,93
37748330667672,10:29:08.330,61.9300,107
37764294828554,10:29:24.294,61.9300,100
37780101814870,10:29:40.101,61.9200,100
37780101814870,10:29:40.101,61.9200,100
37780101814870,10:29:40.101,61.9200,8
37780101814870,10:29:40.101,61.9200,46
37780101862122,10:29:40.101,61.9200,54
37780101875370,10:29:40.101,61.9200,100
37786764018001,10:29:46.764,61.9200,100
37786790402505,10:29:46.790,61.9300,100
37802200500399,10:30:02.200,61.9400,100
37804028867292,10:30:04.028,61.9300,100
37804028867292,10:30:04.028,61.9300,100
37804028867292,10:30:04.028,61.9300,6
37804029461745,10:30:04.029,61.9300,100
37849264687414,10:30:49.264,61.9200,13
37854377532608,10:30:54.377,61.9200,200
37854377581548,10:30:54.377,61.9200,290
37854377600107,10:30:54.377,61.9200,100
37854377616144,10:30:54.377,61.9200,74
37854377627368,10:30:54.377,61.9200,23
37854377627368,10:30:54.377,61.9100,100
37854377627368,10:30:54.377,61.9100,90
37854377627368,10:30:54.377,61.9100,77
37854377664531,10:30:54.377,61.9100,23
37854377664531,10:30:54.377,61.9100,190
37854377697264,10:30:54.377,61.9100,10
37854378280350,10:30:54.378,61.9100,100
37854378401551,10:30:54.378,61.9100,10
37864892299671,10:31:04.892,61.9100,10
37864892299671,10:31:04.892,61.9100,100
37864892299671,10:31:04.892,61.9100,21
37869920562805,10:31:09.920,61.9400,100
37869920562805,10:31:09.920,61.9400,45
37869920618801,10:31:09.920,61.9400,145
37869920881412,10:31:09.920,61.9400,100
37869920881412,10:31:09.920,61.9400,100
37869921201154,10:31:09.921,61.9400,100
37869921652900,10:31:09.921,61.9400,1
37869921980650,10:31:09.921,61.9400,1
37884609009590,10:31:24.609,61.9300,100
37968862240186,10:32:48.862,61.9400,100
37968862240186,10:32:48.862,61.9400,200
37968862240186,10:32:48.862,61.9400,100
37968987418697,10:32:48.987,61.9500,50
37970351070907,10:32:50.351,61.9700,100
37974642196186,10:32:54.642,61.9800,100
38021054596049,10:33:41.054,61.9700,100
38021533216659,10:33:41.533,61.9700,29
38028957054683,10:33:48.957,61.9700,100
38028963000198,10:33:48.963,61.9700,100
38050029733169,10:34:10.029,61.9800,100
38050029733169,10:34:10.029,61.9800,100
38050029733169,10:34:10.029,61.9800,100
38050029733169,10:34:10.029,61.9800,100
38050029733169,10:34:10.029,61.9800,6
38050029847408,10:34:10.029,61.9800,100
38050029945528,10:34:10.029,61.9800,100
38104112726971,10:35:04.112,61.9800,100
38104112726971,10:35:04.112,61.9800,100
38104112726971,10:35:04.112,61.9800,100
38105114392883,10:35:05.114,61.9800,100
38107416154799,10:35:07.416,61.9800,100
38107769553672,10:35:07.769,61.9800,100
38107919669457,10:35:07.919,61.9800,51
38109445889008,10:35:09.445,61.9700,100
38109445889008,10:35:09.445,61.9700,100
38109446754645,10:35:09.446,61.9600,100
38113836707009,10:35:13.836,61.9500,100
38113836707009,10:35:13.836,61.9500,31
38113836733962,10:35:13.836,61.9500,69
38115137301651,10:35:15.137,61.9500,100
38137776905165,10:35:37.776,61.9400,100
38137776905165,10:35:37.776,61.9400,100
38153605636706,10:35:53.605,61.9300,100
38153605636706,10:35:53.605,61.9300,2
38153605636706,10:35:53.605,61.9300,100
38165870525370,10:36:05.870,61.9200,100
38165870525370,10:36:05.870,61.9200,100
38165870525370,10:36:05.870,61.9200,37
38165870558199,10:36:05.870,61.9200,63
38165870558199,10:36:05.870,61.9200,7
38165870988021,10:36:05.870,61.9200,70
38170478664855,10:36:10.478,61.9000,100
38170478664855,10:36:10.478,61.9000,40
38170478685198,10:36:10.478,61.9000,60
38170478685198,10:36:10.478,61.9000,100
38195918649698,10:36:35.918,61.9000,100
38195918649698,10:36:35.918,61.9000,100
38195918649698,10:36:35.918,61.9000,100
38199760876435,10:36:39.760,61.9000,100
38222247904780,10:37:02.247,61.8900,100
38222247904780,10:37:02.247,61.8900,100
38222248119299,10:37:02.248,61.8900,100
38223446138141,10:37:03.446,61.8900,100
38223447698516,10:37:03.447,61.8900,200
38223447698516,10:37:03.447,61.8900,22
38223452535303,10:37:03.452,61.8900,100
38223452535303,10:37:03.452,61.8800,34
38230288662867,10:37:10.288,61.8900,100
38232716979751,10:37:12.716,61.9000,96
38232716979751,10:37:12.716,61.9000,100
38233718752795,10:37:13.718,61.9000,100
38235081015939,10:37:15.081,61.9000,48
38255576319674,10:37:35.576,61.8900,100
38256332802007,10:37:36.332,61.9000,2
38265066044546,10:37:45.066,61.8900,100
38265066077682,10:37:45.066,61.8900,100
38265066203170,10:37:45.066,61.8900,100
38267575901748,10:37:47.575,61.8900,100
38267577870356,10:37:47.577,61.9000,200
38267687944642,10:37:47.687,61.8900,100
38294957163110,10:38:14.957,61.9100,200
38294959022744,10:38:14.959,61.9200,5
38294959022744,10:38:14.959,61.9200,100
38295674471970,10:38:15.674,61.9400,100
38312155479342,10:38:32.155,61.9400,100
38315089743613,10:38:35.089,61.9500,100
38315089743613,10:38:35.089,61.9500,100
38335337127429,10:38:55.337,61.9500,100
38335337127429,10:38:55.337,61.9500,6
38335337127429,10:38:55.337,61.9500,100
38335337127429,10:38:55.337,61.9500,7
38335337279599,10:38:55.337,61.9500,60
38361696896149,10:39:21.696,61.9500,65
38361696896149,10:39:21.696,61.9500,35
38361696982150,10:39:21.696,61.9500,18
38372926061954,10:39:32.926,61.9400,100
38372926172172,10:39:32.926,61.9400,100
38412201690135,10:40:12.201,61.9400,200
38447633380018,10:40:47.633,61.9400,100
38449545437272,10:40:49.545,61.9400,14
38451599350044,10:40:51.599,61.9500,100
38457605218574,10:40:57.605,61.9500,200
38457605218574,10:40:57.605,61.9500,100
38469208132058,10:41:09.208,61.9500,14
38469210014080,10:41:09.210,61.9500,6
38469949675977,10:41:09.949,61.9700,100
38469949675977,10:41:09.949,61.9700,100
38469971777440,10:41:09.971,61.9700,100
38469971777440,10:41:09.971,61.9700,100
38469971777440,10:41:09.971,61.9700,100
38470590662424,10:41:10.590,61.9700,100
38470590662424,10:41:10.590,61.9700,100
38470591244726,10:41:10.591,61.9700,45
38470592916333,10:41:10.592,61.9700,6
38526356971843,10:42:06.356,61.9600,100
38526356971843,10:42:06.356,61.9600,100
38526356971843,10:42:06.356,61.9600,6
38526357093303,10:42:06.357,61.9600,100
38527108394094,10:42:07.108,61.9600,100
38527108394094,10:42:07.108,61.9600,50
38527109036830,10:42:07.109,61.9600,50
38579236420357,10:42:59.236,61.9500,100
38594039270196,10:43:14.039,61.9500,100
38594039270196,10:43:14.039,61.9500,100
38594039270196,10:43:14.039,61.9500,100
38594039270196,10:43:14.039,61.9500,200
38594412959051,10:43:14.412,61.9600,100
38614931280461,10:43:34.931,61.9600,100
38614931281997,10:43:34.931,61.9600,100
38617387611939,10:43:37.387,61.9600,100
38618588160587,10:43:38.588,61.9600,10
38621093512159,10:43:41.093,61.9600,90
38662245113862,10:44:22.245,61.9600,100
38662245113862,10:44:22.245,61.9600,100
38686450660372,10:44:46.450,61.9600,100
38686450660372,10:44:46.450,61.9600,100
38686450660372,10:44:46.450,61.9600,100
38686451285167,10:44:46.451,61.9600,100
38723543134253,10:45:23.543,61.9500,10
38739889030545,10:45:39.889,61.9500,100
38791163850158,10:46:31.163,61.9600,100
38791163850158,10:46:31.163,61.9600,100
38791163850158,10:46:31.163,61.9600,100
38791163850158,10:46:31.163,61.9600,3
38791663934851,10:46:31.663,61.9700,100
38817042211669,10:46:57.042,61.9800,100
38817043617733,10:46:57.043,61.9800,5
38824240237680,10:47:04.240,61.9700,100
38876494523787,10:47:56.494,61.9500,100
38927882553694,10:48:47.882,61.9500,100
38927882583049,10:48:47.882,61.9500,100
38927882583049,10:48:47.882,61.9500,200
38927884035852,10:48:47.884,61.9600,100
38929377227587,10:48:49.377,61.9600,100
38979249201476,10:49:39.249,61.9700,100
38979249201476,10:49:39.249,61.9700,100
39020080297037,10:50:20.080,61.9700,100
39020080297037,10:50:20.080,61.9700,3
39020080297037,10:50:20.080,61.9700,200
39022778006886,10:50:22.778,61.9800,100
39022778036810,10:50:22.778,61.9800,100
39022778858701,10:50:22.778,61.9800,200
39022778905022,10:50:22.778,61.9800,1
39022778939488,10:50:22.778,61.9800,1
39037115889815,10:50:37.115,61.9800,100
39037115889815,10:50:37.115,61.9800,5
39037115889815,10:50:37.115,61.9800,100
39040643014409,10:50:40.643,61.9700,6
39060931311216,10:51:00.931,61.9600,78
39073190068604,10:51:13.190,61.9700,24
39088916564904,10:51:28.916,61.9650,35
39127319295285,10:52:07.319,61.9700,100
39127319295285,10:52:07.319,61.9700,100
39127319295285,10:52:07.319,61.9700,100
39127320689609,10:52:07.320,61.9800,100
39127321586542,10:52:07.321,61.9800,27
39171347068290,10:52:51.347,61.9800,100
39175222189919,10:52:55.222,61.9750,6
39175222357151,10:52:55.222,61.9700,6
39180649919322,10:53:00.649,61.9600,100
39180649919322,10:53:00.649,61.9600,100
39181530432179,10:53:01.530,61.9500,100
39199102563736,10:53:19.102,61.9500,100
39199102563736,10:53:19.102,61.9500,100
39216834710552,10:53:36.834,61.9550,100
39216834710552,10:53:36.834,61.9500,100
39216835423861,10:53:36.835,61.9500,48
39216835426334,10:53:36.835,61.9500,52
39216835426334,10:53:36.835,61.9500,100
39218534965024,10:53:38.534,61.9500,100
39218534965024,10:53:38.534,61.9500,100
39219422754813,10:53:39.422,61.9500,39
39258339360590,10:54:18.339,61.9400,100
39295716368199,10:54:55.716,61.9400,100
39295716368199,10:54:55.716,61.9400,100
39295716368199,10:54:55.716,61.9400,100
39300273638819,10:55:00.273,61.9500,200
39325723005547,10:55:25.723,61.9700,100
39325723005547,10:55:25.723,61.9700,82
39325729256041,10:55:25.729,61.9700,100
39325729256041,10:55:25.729,61.9700,96
39325729262705,10:55:25.729,61.9700,4
39325729262705,10:55:25.729,61.9700,62
39325731642634,10:55:25.731,61.9700,38
39325731642634,10:55:25.731,61.9700,100
39390939424821,10:56:30.939,61.9500,96
39390939433678,10:56:30.939,61.9500,4
39390939433678,10:56:30.939,61.9500,100
39390939433678,10:56:30.939,61.9500,6
39390939433678,10:56:30.939,61.9500,21
39390939465785,10:56:30.939,61.9500,79
39390939698261,10:56:30.939,61.9500,100
39398632168350,10:56:38.632,61.9400,18
39398655958700,10:56:38.655,61.9400,100
39409185327908,10:56:49.185,61.9400,100
39409275150835,10:56:49.275,61.9400,100
39410878311050,10:56:50.878,61.9400,100
39416020976846,10:56:56.020,61.9500,100
39416020976846,10:56:56.020,61.9500,118
39416020976846,10:56:56.020,61.9500,100
39417958255000,10:56:57.958,61.9800,100
39417958281446,10:56:57.958,61.9800,100
39419124880848,10:56:59.124,61.9900,50
39424524330059,10:57:04.524,62.0000,2
39424524330059,10:57:04.524,62.0000,63
39424524357578,10:57:04.524,62.0000,12
39424524661605,10:57:04.524,62.0000,25
39424525456237,10:57:04.525,62.0100,100
39424538457208,10:57:04.538,62.0200,100
39424538457208,10:57:04.538,62.0200,100
39424539082808,10:57:04.539,62.0300,100
39424774861011,10:57:04.774,62.0400,300
39424774861011,10:57:04.774,62.0400,100
39424774861011,10:57:04.774,62.0400,100
39424879915518,10:57:04.879,62.0400,9
39424965651737,10:57:04.965,62.0450,100
39425025583619,10:57:05.025,62.0500,100
39425025583619,10:57:05.025,62.0500,100
39425026991684,10:57:05.026,62.0600,100
39425027018278,10:57:05.027,62.0600,2
39425247915294,10:57:05.247,62.0600,100
39425528435494,10:57:05.528,62.0700,200
39425528435494,10:57:05.528,62.0700,100
39428007805222,10:57:08.007,62.1000,70
39429305121616,10:57:09.305,62.1000,200
39429305121616,10:57:09.305,62.1000,100
39429305208759,10:57:09.305,62.1000,100
39429355301508,10:57:09.355,62.1000,200
39429355301508,10:57:09.355,62.1000,100
39429355301508,10:57:09.355,62.1000,100
39430204066710,10:57:10.204,62.1000,100
39430376918128,10:57:10.376,62.1000,100
39430376918128,10:57:10.376,62.1000,200
39430584327648,10:57:10.584,62.1000,100
39430584327648,10:57:10.584,62.1000,100
39433687116984,10:57:13.687,62.0900,100
39466618493533,10:57:46.618,62.0900,1
39471048541374,10:57:51.048,62.0900,100
39494596293127,10:58:14.596,62.1000,100
39543611870137,10:59:03.611,62.1000,3
39564798967167,10:59:24.798,62.1000,100
39564798967167,10:59:24.798,62.1000,100
39574138438850,10:59:34.138,62.0900,100
39626044327672,11:00:26.044,62.1300,100
39663312115862,11:01:03.312,62.1400,100
39663312115862,11:01:03.312,62.1400,21
39663312242070,11:01:03.312,62.1400,79
39663363573820,11:01:03.363,62.1400,100
39663460548613,11:01:03.460,62.1500,100
39663460548613,11:01:03.460,62.1500,100
39663493083831,11:01:03.493,62.1600,4
39663493195485,11:01:03.493,62.1600,96
39665159318848,11:01:05.159,62.1900,90
39665159561863,11:01:05.159,62.1900,100
39665159599962,11:01:05.159,62.1900,10
39665159599962,11:01:05.159,62.1900,100
39666850539411,11:01:06.850,62.1900,34
39666850539411,11:01:06.850,62.1900,66
39666865549290,11:01:06.865,62.1900,67
39668152440935,11:01:08.152,62.1900,100
39668206620419,11:01:08.206,62.1900,38
39668207033938,11:01:08.207,62.1900,62
39668207033938,11:01:08.207,62.1900,100
39668207033938,11:01:08.207,62.1900,100
39736578460305,11:02:16.578,62.1700,100
39736578678849,11:02:16.578,62.1700,3
39760720692177,11:02:40.720,62.1600,400
39760720692177,11:02:40.720,62.1600,100
39760730033220,11:02:40.730,62.1600,100
39792157765585,11:03:12.157,62.1500,100
39792410937636,11:03:12.410,62.1550,26
39872480297335,11:04:32.480,62.1700,100
39872480297335,11:04:32.480,62.1700,57
39872480324837,11:04:32.480,62.1700,43
39872591596663,11:04:32.591,62.1700,27
39902652181954,11:05:02.652,62.1800,100
39902652242916,11:05:02.652,62.1800,100
39902666785329,11:05:02.666,62.1900,100
39915647890852,11:05:15.647,62.2100,4
39915647890852,11:05:15.647,62.2100,100
39915647890852,11:05:15.647,62.2100,100
39915647890852,11:05:15.647,62.2100,100
39915647964899,11:05:15.647,62.2100,22
39915647997672,11:05:15.647,62.2100,22
39915648033158,11:05:15.648,62.2100,7
39915648070660,11:05:15.648,62.2100,71
39915740373658,11:05:15.740,62.2100,100
39915815786654,11:05:15.815,62.2100,100
39915815786654,11:05:15.815,62.2100,62
39915815786654,11:05:15.815,62.2100,59
39927485053896,11:05:27.485,62.2100,100
39927485110300,11:05:27.485,62.2100,3
39927485144769,11:05:27.485,62.2100,3
39927485146513,11:05:27.485,62.2100,20
39976752279720,11:06:16.752,62.2000,3
39976752555007,11:06:16.752,62.2000,3
39976752588040,11:06:16.752,62.2000,9
39976752616189,11:06:16.752,62.2000,48
39977794785619,11:06:17.794,62.1900,100
39977794785619,11:06:17.794,62.1900,100
40009394534273,11:06:49.394,62.1800,100
40009394534273,11:06:49.394,62.1800,100
40094515206121,11:08:14.515,62.1700,3
40094515206121,11:08:14.515,62.1700,100
40094515206121,11:08:14.515,62.1700,9
40094515206121,11:08:14.515,62.1700,76
40095303990455,11:08:15.303,62.1700,100
40095545175231,11:08:15.545,62.1800,19
40095545175231,11:08:15.545,62.1800,100
40162515044340,11:09:22.515,62.1800,1
40162515044340,11:09:22.515,62.1800,100
40169137794533,11:09:29.137,62.1900,200
40169137794533,11:09:29.137,62.1900,100
40169166228687,11:09:29.166,62.2000,100
40181704642624,11:09:41.704,62.1800,100
40181704642624,11:09:41.704,62.1800,100
40201776120444,11:10:01.776,62.2000,100
40201776120444,11:10:01.776,62.2000,1
40207224632039,11:10:07.224,62.2200,46
40225699899091,11:10:25.699,62.2100,9
40278078418356,11:11:18.078,62.2000,200
40278078418356,11:11:18.078,62.2000,91
40278078418356,11:11:18.078,62.2000,100
40278419559088,11:11:18.419,62.1900,5
40278419559088,11:11:18.419,62.1900,43
40278419562149,11:11:18.419,62.1900,57
40281063816040,11:11:21.063,62.1800,4
40321253330055,11:12:01.253,62.1900,100
40343214847888,11:12:23.214,62.1900,100
40345471778764,11:12:25.471,62.2000,100
40371660565843,11:12:51.660,62.1800,100
40373744049060,11:12:53.744,62.1800,4
40381206636979,11:13:01.206,62.1700,97
40381206662797,11:13:01.206,62.1700,3
40381206662797,11:13:01.206,62.1700,1
40381206662797,11:13:01.206,62.1700,2
40381206662797,11:13:01.206,62.1700,2
40393251630998,11:13:13.251,62.1700,100
40393251630998,11:13:13.251,62.1700,100
40393251630998,11:13:13.251,62.1700,100
40531506461844,11:15:31.506,62.1900,100
40531506461844,11:15:31.506,62.1900,4
40531506461844,11:15:31.506,62.1900,96
40531506508815,11:15:31.506,62.1900,4
40534415569218,11:15:34.415,62.1700,90
40539014104462,11:15:39.014,62.1600,100
40567160572359,11:16:07.160,62.1500,4
40567163955219,11:16:07.163,62.1400,60
40567495743002,11:16:07.495,62.1400,100
40571026634031,11:16:11.026,62.1500,100
40571026691092,11:16:11.026,62.1500,100
40571026717973,11:16:11.026,62.1500,59
40571026738782,11:16:11.026,62.1500,41
40571026738782,11:16:11.026,62.1500,100
40571026738782,11:16:11.026,62.1500,192
40571026769990,11:16:11.026,62.1500,8
40571026769990,11:16:11.026,62.1500,100
40571027071049,11:16:11.027,62.1500,100
40573030111298,11:16:13.030,62.1800,1
40603368947242,11:16:43.368,62.1800,100
40603368947242,11:16:43.368,62.1800,40
40603368953335,11:16:43.368,62.1800,5
40614545067702,11:16:54.545,62.1900,49
40614545110001,11:16:54.545,62.1900,51
40614549368877,11:16:54.549,62.2000,100
40614549368877,11:16:54.549,62.2000,100
40628547202988,11:17:08.547,62.2200,1
40628547280866,11:17:08.547,62.2300,45
40628547282656,11:17:08.547,62.2300,55
40628547282656,11:17:08.547,62.2300,7
40628547404911,11:17:08.547,62.2300,77
40628547407423,11:17:08.547,62.2300,61
40628547436888,11:17:08.547,62.2300,55
40628548217459,11:17:08.548,62.2300,100
40630550838252,11:17:10.550,62.2300,29
40630550838252,11:17:10.550,62.2300,71
40630550935352,11:17:10.550,62.2400,100
40656922179957,11:17:36.922,62.2100,64
40657264317151,11:17:37.264,62.2100,100
40664418749893,11:17:44.418,62.2200,100
40664418749893,11:17:44.418,62.2200,75
40665633802656,11:17:45.633,62.2400,100
40745815896543,11:19:05.815,62.2500,1
40745815896543,11:19:05.815,62.2500,61
40745816303314,11:19:05.816,62.2500,2
40745816413673,11:19:05.816,62.2500,1
40745817794773,11:19:05.817,62.2500,36
40745817794773,11:19:05.817,62.2500,100
40746329869439,11:19:06.329,62.2600,100
40750699156377,11:19:10.699,62.2600,2
40769773469938,11:19:29.773,62.2600,2
40769773986258,11:19:29.773,62.2600,86
40770597320705,11:19:30.597,62.2600,200
40770597320705,11:19:30.597,62.2600,100
40770597320705,11:19:30.597,62.2600,100
40803281314961,11:20:03.281,62.2500,93
40803312421459,11:20:03.312,62.2500,7
40803312421459,11:20:03.312,62.2500,100
40805455480941,11:20:05.455,62.2600,100
40815472836583,11:20:15.472,62.2500,2
40815472836583,11:20:15.472,62.2500,100
40837267476734,11:20:37.267,62.2500,5
40837267476734,11:20:37.267,62.2500,95
40837267732009,11:20:37.267,62.2500,5
40839004957193,11:20:39.004,62.2500,100
40839004957193,11:20:39.004,62.2500,100
40849510009577,11:20:49.510,62.2550,200
40880556798912,11:21:20.556,62.2450,1
40880625711141,11:21:20.625,62.2450,35
40880625711141,11:21:20.625,62.2450,29
40896735490954,11:21:36.735,62.2400,46
40896735498315,11:21:36.735,62.2400,54
40896735498315,11:21:36.735,62.2400,7
40896735499081,11:21:36.735,62.2400,62
40896735520303,11:21:36.735,62.2400,31
40896735520303,11:21:36.735,62.2400,65
40896735520303,11:21:36.735,62.2400,35
40899925720382,11:21:39.925,62.2300,100
40899925720382,11:21:39.925,62.2300,100
40900114299047,11:21:40.114,62.2300,100
40916174505531,11:21:56.174,62.2300,49
40938174888315,11:22:18.174,62.2350,30
40938174888315,11:22:18.174,62.2300,3
40938262802537,11:22:18.262,62.2200,41
40957450657504,11:22:37.450,62.2300,100
40981329325852,11:23:01.329,62.2300,100
41000036161093,11:23:20.036,62.2300,1
41001256076719,11:23:21.256,62.2200,22
41040402274548,11:24:00.402,62.2300,200
41098419515270,11:24:58.419,62.2200,30
41098426130483,11:24:58.426,62.2200,48
41098426130483,11:24:58.426,62.2200,3
41100091734775,11:25:00.091,62.2250,100
41100091734775,11:25:00.091,62.2200,22
41116856432554,11:25:16.856,62.2200,78
41116856432554,11:25:16.856,62.2200,22
41116856432554,11:25:16.856,62.2200,78
41117486268773,11:25:17.486,62.2000,21
41118443657859,11:25:18.443,62.2000,100
41149500148278,11:25:49.500,62.1900,100
41149500148278,11:25:49.500,62.1900,100
41149500148278,11:25:49.500,62.1900,100
41149614542857,11:25:49.614,62.1800,100
41170244236314,11:26:10.244,62.1700,3
41170244236314,11:26:10.244,62.1700,100
41170270393627,11:26:10.270,62.1700,100
41175427527420,11:26:15.427,62.1600,100
41175427527420,11:26:15.427,62.1600,11
41175427533458,11:26:15.427,62.1600,18
41200144474377,11:26:40.144,62.1400,12
41224289016515,11:27:04.289,62.1400,100
41224289151077,11:27:04.289,62.1500,37
41224289177612,11:27:04.289,62.1500,63
41224289177612,11:27:04.289,62.1500,18
41224292563137,11:27:04.292,62.1400,4
41260506376293,11:27:40.506,62.1000,120
41260506376293,11:27:40.506,62.1000,100
41261030182403,11:27:41.030,62.1000,262
41261030182403,11:27:41.030,62.1000,17
41261030182403,11:27:41.030,62.1000,100
41261236479410,11:27:41.236,62.1100,10
41283228704629,11:28:03.228,62.1100,100
41283228704629,11:28:03.228,62.1100,100
41307430790004,11:28:27.430,62.1000,5
41307430790004,11:28:27.430,62.1000,10
41325200513604,11:28:45.200,62.0700,100
41332700444229,11:28:52.700,62.0700,100
41347698598367,11:29:07.698,62.0700,100
41356628975480,11:29:16.628,62.0800,100
41370221338365,11:29:30.221,62.0900,29
41370233482930,11:29:30.233,62.0800,71
41388472019969,11:29:48.472,62.0850,100
41402782669443,11:30:02.782,62.0900,29
41402782669443,11:30:02.782,62.0900,400
41424736402066,11:30:24.736,62.0900,5
41425491439087,11:30:25.491,62.0900,100
41444550051500,11:30:44.550,62.0900,128
41453690292942,11:30:53.690,62.0750,100
41453691169961,11:30:53.691,62.0750,100
41460060284645,11:31:00.060,62.0900,100
41460060311033,11:31:00.060,62.0900,53
41460060361951,11:31:00.060,62.0900,47
41485810682193,11:31:25.810,62.1200,50
41485810682193,11:31:25.810,62.1200,1
41490942329409,11:31:30.942,62.1400,2
41507608194507,11:31:47.608,62.1400,2
41507608194507,11:31:47.608,62.1500,98
41515253893861,11:31:55.253,62.1500,16
41515253957519,11:31:55.253,62.1500,181
41515254183113,11:31:55.254,62.1500,3
41515254393223,11:31:55.254,62.1500,100
41515361536109,11:31:55.361,62.1500,13
41548837644251,11:32:28.837,62.1600,100
41548840063251,11:32:28.840,62.1700,18
41569574335039,11:32:49.574,62.1500,4
41569574335039,11:32:49.574,62.1500,36
41569574911201,11:32:49.574,62.1500,7
41569574929091,11:32:49.574,62.1500,7
41569575602817,11:32:49.575,62.1400,1
41581033448488,11:33:01.033,62.1600,100
41689984242209,11:34:49.984,62.1600,100
41689984242209,11:34:49.984,62.1600,100
41689984242209,11:34:49.984,62.1600,100
41689984242209,11:34:49.984,62.1600,100
41702202092859,11:35:02.202,62.1700,100
41702202156178,11:35:02.202,62.1700,50
41704189667288,11:35:04.189,62.1800,4
41749776034326,11:35:49.776,62.1800,100
41749776034326,11:35:49.776,62.1800,100
41749777160088,11:35:49.777,62.1800,2
41749895026458,11:35:49.895,62.1800,98
41776390332871,11:36:16.390,62.1700,4
41776390332871,11:36:16.390,62.1700,100
41787926676937,11:36:27.926,62.1500,100
41787926786700,11:36:27.926,62.1500,100
41787928688423,11:36:27.928,62.1500,100
41807053893742,11:36:47.053,62.1400,66
41807053897733,11:36:47.053,62.1400,34
41846063608542,11:37:26.063,62.1300,5
41846063608542,11:37:26.063,62.1300,5
41846063608542,11:37:26.063,62.1300,45
41871437236993,11:37:51.437,62.1200,110
41871437991889,11:37:51.437,62.1200,90
41871437991889,11:37:51.437,62.1200,100
41871439607642,11:37:51.439,62.1200,100
41874473628345,11:37:54.473,62.1200,100
41897042760820,11:38:17.042,62.1100,4
41897042760820,11:38:17.042,62.1100,13
41921447212330,11:38:41.447,62.1200,100
41921451329857,11:38:41.451,62.1200,69
41938498229845,11:38:58.498,62.1200,100
41947849986504,11:39:07.849,62.1300,3
41948456981267,11:39:08.456,62.1400,100
41948456981267,11:39:08.456,62.1400,71
41948457004994,11:39:08.457,62.1400,29
41948457004994,11:39:08.457,62.1400,75
41948457011430,11:39:08.457,62.1400,25
41948457011430,11:39:08.457,62.1400,100
41948656179671,11:39:08.656,62.1400,100
41962927478633,11:39:22.927,62.1200,200
42009439655935,11:40:09.439,62.1300,4
42043149326142,11:40:43.149,62.1000,1
42044148762690,11:40:44.148,62.1000,300
42044148762690,11:40:44.148,62.1000,100
42059708390448,11:40:59.708,62.1100,129
42059708430863,11:40:59.708,62.1100,71
42059709541191,11:40:59.709,62.1200,100
42085455128517,11:41:25.455,62.1000,300
42085455128517,11:41:25.455,62.1000,100
42085455185810,11:41:25.455,62.1000,400
42085455784711,11:41:25.455,62.0950,100
42086456324095,11:41:26.456,62.1000,2
42086456324095,11:41:26.456,62.1000,100
42086456324095,11:41:26.456,62.1000,100
42086456324095,11:41:26.456,62.1000,98
42098924574201,11:41:38.924,62.0850,100
42099899852343,11:41:39.899,62.0900,100
42099899852343,11:41:39.899,62.0900,100
42099899852343,11:41:39.899,62.0900,100
42100901087260,11:41:40.901,62.0900,100
42100901087260,11:41:40.901,62.0900,100
42100901087260,11:41:40.901,62.0900,100
42100901127426,11:41:40.901,62.0900,100
42100901127426,11:41:40.901,62.0900,100
42100901127426,11:41:40.901,62.0900,60
42100901160248,11:41:40.901,62.0900,40
42133530818054,11:42:13.530,62.1000,100
42133530818054,11:42:13.530,62.1000,1
42133531838215,11:42:13.531,62.1100,1
42196128557120,11:43:16.128,62.1300,100
42240814147225,11:44:00.814,62.1600,100
42240814147225,11:44:00.814,62.1600,100
42240818455699,11:44:00.818,62.1500,200
42240818505826,11:44:00.818,62.1500,200
42240818723254,11:44:00.818,62.1500,100
42241331421267,11:44:01.331,62.1400,100
42241331425951,11:44:01.331,62.1400,100
42241331425951,11:44:01.331,62.1400,100
42268917092563,11:44:28.917,62.1300,86
42268917161947,11:44:28.917,62.1300,14
42268928700411,11:44:28.928,62.1400,100
42297758628947,11:44:57.758,62.1300,16
42327909605709,11:45:27.909,62.1400,4
42329195775659,11:45:29.195,62.1200,100
42329195775659,11:45:29.195,62.1200,100
42329195775659,11:45:29.195,62.1200,1
42331705472139,11:45:31.705,62.1300,100
42360615862807,11:46:00.615,62.1200,100
42363229794920,11:46:03.229,62.1300,100
42364304635687,11:46:04.304,62.1400,4
42366761903272,11:46:06.761,62.1400,42
42382856259914,11:46:22.856,62.1400,1
42428052575982,11:47:08.052,62.1300,63
42428052575982,11:47:08.052,62.1200,37
42428052752606,11:47:08.052,62.1200,6
42428052779144,11:47:08.052,62.1200,38
42428052779144,11:47:08.052,62.1200,100
42431538339100,11:47:11.538,62.1250,100
42431538339100,11:47:11.538,62.1200,81
42431550117286,11:47:11.550,62.1300,1
42436662870347,11:47:16.662,62.1200,44
42458462014933,11:47:38.462,62.1200,21
42458587624258,11:47:38.587,62.1200,100
42469156644958,11:47:49.156,62.1200,100
42485747813900,11:48:05.747,62.1200,81
42518045183466,11:48:38.045,62.1200,31
42525152255670,11:48:45.152,62.1200,7
42525152291320,11:48:45.152,62.1200,81
42525152291320,11:48:45.152,62.1200,16
42525152359765,11:48:45.152,62.1200,84
42525230295449,11:48:45.230,62.1300,100
42525230354910,11:48:45.230,62.1300,100
42525522289109,11:48:45.522,62.1400,100
42525525239869,11:48:45.525,62.1400,40
42525528419607,11:48:45.528,62.1400,27
42526805882285,11:48:46.805,62.1300,1
42526806002091,11:48:46.806,62.1300,1
42526806071319,11:48:46.806,62.1300,1
42537727171465,11:48:57.727,62.1200,1
42537727171465,11:48:57.727,62.1200,5
42537727171465,11:48:57.727,62.1200,100
42537727171465,11:48:57.727,62.1200,100
42591648585498,11:49:51.648,62.1700,100
42623137524496,11:50:23.137,62.1700,100
42668768497494,11:51:08.768,62.1600,39
42668768497494,11:51:08.768,62.1600,4
42668768497494,11:51:08.768,62.1600,3
42669628592899,11:51:09.628,62.1500,100
42669646458663,11:51:09.646,62.1500,100
42674365716471,11:51:14.365,62.1500,4
42674365716471,11:51:14.365,62.1500,3
42698677023314,11:51:38.677,62.1400,100
42698677023314,11:51:38.677,62.1400,59
42712765640445,11:51:52.765,62.1400,13
42712765894131,11:51:52.765,62.1400,100
42712765894131,11:51:52.765,62.1400,35
42712765935217,11:51:52.765,62.1400,65
42712942317754,11:51:52.942,62.1400,100
42712942317754,11:51:52.942,62.1400,27
42712942317754,11:51:52.942,62.1400,41
42715064013806,11:51:55.064,62.1400,100
42715064013806,11:51:55.064,62.1400,100
42718700289968,11:51:58.700,62.1500,3
42718700381995,11:51:58.700,62.1500,100
42742509540755,11:52:22.509,62.1400,300
42742509540755,11:52:22.509,62.1400,4
42742509540755,11:52:22.509,62.1400,100
42742509540755,11:52:22.509,62.1400,4
42800092940846,11:53:20.092,62.1300,80
42805930609288,11:53:25.930,62.1300,100
42837526470663,11:53:57.526,62.1200,2
42837526476860,11:53:57.526,62.1200,98
42837526476860,11:53:57.526,62.1200,18
42837526515928,11:53:57.526,62.1200,82
42837539132747,11:53:57.539,62.1200,1
42900499819027,11:55:00.499,62.1200,100
42900517511142,11:55:00.517,62.1300,100
42900518005373,11:55:00.518,62.1300,2
42901731161012,11:55:01.731,62.1300,100
42929549832671,11:55:29.549,62.1200,2
42929549910433,11:55:29.549,62.1200,2
43010853314327,11:56:50.853,62.1200,85
43011141487092,11:56:51.141,62.1300,200
43011141487092,11:56:51.141,62.1300,4
43011455273241,11:56:51.455,62.1300,5
43012344109188,11:56:52.344,62.1400,3
43012371609621,11:56:52.371,62.1300,95
43025900634935,11:57:05.900,62.1300,5
43029939995992,11:57:09.939,62.1300,100
43029939995992,11:57:09.939,62.1300,100
43029939995992,11:57:09.939,62.1300,100
43040755076251,11:57:20.755,62.1400,19
43040755083806,11:57:20.755,62.1400,25
43040755118626,11:57:20.755,62.1400,103
43040755144951,11:57:20.755,62.1400,50
43040755144951,11:57:20.755,62.1400,100
43115752412440,11:58:35.752,62.1300,6
43128471299447,11:58:48.471,62.1300,27
43128471383448,11:58:48.471,62.1300,73
43141686598672,11:59:01.686,62.1200,100
43148149214035,11:59:08.149,62.1100,100
43148149214035,11:59:08.149,62.1100,1
43148149214035,11:59:08.149,62.1100,100
43148149532528,11:59:08.149,62.1100,100
43148149532528,11:59:08.149,62.1100,100
43155036785688,11:59:15.036,62.1200,50
43167330348893,11:59:27.330,62.1200,100
43192107288545,11:59:52.107,62.1100,46
43192107317773,11:59:52.107,62.1100,54
43192213781117,11:59:52.213,62.1100,16
43200107425187,12:00:00.107,62.1100,30
43311882595145,12:01:51.882,62.1100,20
43311882595145,12:01:51.882,62.1100,6
43311882595145,12:01:51.882,62.1100,74
43311882654403,12:01:51.882,62.1100,26
43311882654403,12:01:51.882,62.1100,74
43311882683871,12:01:51.882,62.1100,26
43311882683871,12:01:51.882,62.1100,100
43312131373358,12:01:52.131,62.1200,100
43312131373358,12:01:52.131,62.1200,100
43312131373358,12:01:52.131,62.1200,100
43312131373358,12:01:52.131,62.1200,7
43312134230620,12:01:52.134,62.1300,100
43312138096916,12:01:52.138,62.1300,100
43312138145761,12:01:52.138,62.1300,31
43312138145761,12:01:52.138,62.1300,50
43320339635868,12:02:00.339,62.1500,100
43320340614229,12:02:00.340,62.1500,4
43322254646325,12:02:02.254,62.1500,100
43322254646325,12:02:02.254,62.1500,100
43356665030419,12:02:36.665,62.1700,4
43357032293179,12:02:37.032,62.1900,9
43357032321197,12:02:37.032,62.1900,100
43357032329118,12:02:37.032,62.1800,100
43357038208902,12:02:37.038,62.1800,100
43357133625578,12:02:37.133,62.1800,75
43392696609585,12:03:12.696,62.1900,1
43392696609585,12:03:12.696,62.1900,5
43392696609585,12:03:12.696,62.1900,94
43439955829702,12:03:59.955,62.1800,100
43452519616917,12:04:12.519,62.1700,100
43452519616917,12:04:12.519,62.1700,5
43452519616917,12:04:12.519,62.1700,16
43473548197128,12:04:33.548,62.1700,100
43473548235311,12:04:33.548,62.1700,100
43489116084079,12:04:49.116,62.1800,100
43502035731263,12:05:02.035,62.1700,2
43510713916626,12:05:10.713,62.1800,100
43510765481305,12:05:10.765,62.1900,95
43520539343820,12:05:20.539,62.1900,100
43638511017008,12:07:18.511,62.1700,59
43638511549352,12:07:18.511,62.1700,41
43638511549352,12:07:18.511,62.1700,5
43638511549352,12:07:18.511,62.1700,1
43698706267779,12:08:18.706,62.1800,64
43698706275294,12:08:18.706,62.1800,36
43698706275294,12:08:18.706,62.1800,73
43698706297675,12:08:18.706,62.1800,27
43758993978547,12:09:18.993,62.1800,100
43758993978547,12:09:18.993,62.1800,100
43759005426716,12:09:19.005,62.1800,1
43760673238445,12:09:20.673,62.1700,4
43760673238445,12:09:20.673,62.1700,55
43760675355824,12:09:20.675,62.1700,45
43785545576878,12:09:45.545,62.1700,95
43785545804041,12:09:45.545,62.1700,5
43849977699660,12:10:49.977,62.1700,100
43849977699660,12:10:49.977,62.1700,75
43849977699660,12:10:49.977,62.1700,100
43856210524803,12:10:56.210,62.1900,100
43856210524803,12:10:56.210,62.1900,29
43858605248088,12:10:58.605,62.1900,71
43953575761290,12:12:33.575,62.2000,7
43969427049912,12:12:49.427,62.1900,100
43969427049912,12:12:49.427,62.1900,5
43969427049912,12:12:49.427,62.1900,9
43969427057183,12:12:49.427,62.1900,31
43969427057183,12:12:49.427,62.1900,78
43969427091307,12:12:49.427,62.1900,22
43990038536951,12:13:10.038,62.2000,93
43990038536951,12:13:10.038,62.2000,7
44045422334973,12:14:05.422,62.1900,100
44045422334973,12:14:05.422,62.1900,5
44060779711906,12:14:20.779,62.1800,2
44060782502851,12:14:20.782,62.1800,98
44060826996417,12:14:20.826,62.1800,100
44060828075956,12:14:20.828,62.1800,50
44060837601695,12:14:20.837,62.1800,100
44077470823742,12:14:37.470,62.1800,100
44083367596287,12:14:43.367,62.1800,200
44083372199413,12:14:43.372,62.1900,100
44102931333250,12:15:02.931,62.1900,3
44102931455368,12:15:02.931,62.1900,3
44102931557465,12:15:02.931,62.1900,3
44162930384678,12:16:02.930,62.1900,1
44162930384678,12:16:02.930,62.1900,18
44162930389147,12:16:02.930,62.1900,54
44162930927837,12:16:02.930,62.1900,28
44162930927837,12:16:02.930,62.1900,28
44171725364173,12:16:11.725,62.2000,100
44173830806214,12:16:13.830,62.2100,100
44209413878456,12:16:49.413,62.2200,45
44213226748949,12:16:53.226,62.2200,5
44318123142299,12:18:38.123,62.2200,100
44318123142299,12:18:38.123,62.2200,100
44318123142299,12:18:38.123,62.2200,38
44324809145983,12:18:44.809,62.2100,100
44324809145983,12:18:44.809,62.2100,4
44324809145983,12:18:44.809,62.2100,60
44324809150421,12:18:44.809,62.2100,40
44324809150421,12:18:44.809,62.2100,14
44324809177840,12:18:44.809,62.2100,86
44324823698802,12:18:44.823,62.2100,1
44324915995862,12:18:44.915,62.2100,99
44324916073289,12:18:44.916,62.2200,100
44324916073289,12:18:44.916,62.2200,99
44414112562851,12:20:14.112,62.2200,100
44414112562851,12:20:14.112,62.2200,4
44466941690124,12:21:06.941,62.2100,100
44466941969348,12:21:06.941,62.2100,100
44466942142903,12:21:06.942,62.2100,100
44466966626214,12:21:06.966,62.2100,100
44466966626214,12:21:06.966,62.2000,35
44476812713005,12:21:16.812,62.2100,2
44487163513783,12:21:27.163,62.2200,2
44522235233718,12:22:02.235,62.2300,100
44522235233718,12:22:02.235,62.2300,146
44522235233718,12:22:02.235,62.2300,1
44531087534197,12:22:11.087,62.2200,4
44534188755333,12:22:14.188,62.2200,100
44559395573617,12:22:39.395,62.2200,100
44587216550650,12:23:07.216,62.2100,55
44589018163713,12:23:09.018,62.2100,45
44589018163713,12:23:09.018,62.2100,1
44624691029870,12:23:44.691,62.2000,165
44624691029870,12:23:44.691,62.2000,100
44624691029870,12:23:44.691,62.2000,3
44624691457484,12:23:44.691,62.2000,55
44624691496209,12:23:44.691,62.2000,42
44638038637382,12:23:58.038,62.1900,100
44638038728459,12:23:58.038,62.1900,1
44638038728459,12:23:58.038,62.1900,81
44638038807713,12:23:58.038,62.1900,19
44638041748946,12:23:58.041,62.1800,100
44687178835975,12:24:47.178,62.1800,200
44687178835975,12:24:47.178,62.1800,35
44687178835975,12:24:47.178,62.1800,166
44687178896938,12:24:47.178,62.1800,34
44687179324421,12:24:47.179,62.1800,200
44689065030225,12:24:49.065,62.1800,100
44689065030225,12:24:49.065,62.1800,100
44698203027768,12:24:58.203,62.1700,4
44719834429119,12:25:19.834,62.1800,6
44725831607692,12:25:25.831,62.1700,65
44725831607692,12:25:25.831,62.1700,6
44725832106882,12:25:25.832,62.1700,100
44725833748027,12:25:25.833,62.1700,100
44725841144837,12:25:25.841,62.1700,100
44727354476131,12:25:27.354,62.1800,100
44767119771050,12:26:07.119,62.1900,100
44767119771050,12:26:07.119,62.1900,95
44767119802929,12:26:07.119,62.1900,5
44767119802929,12:26:07.119,62.1900,100
44767119802929,12:26:07.119,62.1900,100
44767119834925,12:26:07.119,62.1900,100
44767130703264,12:26:07.130,62.2000,100
44767130703264,12:26:07.130,62.2000,100
44767130703264,12:26:07.130,62.2000,100
44767130703264,12:26:07.130,62.2000,100
44767130764061,12:26:07.130,62.2000,100
44776916659411,12:26:16.916,62.2200,100
44776916659411,12:26:16.916,62.2200,100
44783465774320,12:26:23.465,62.2200,5
44795050657993,12:26:35.050,62.2200,4
44795051274037,12:26:35.051,62.2200,4
44795051274037,12:26:35.051,62.2200,96
44830904560500,12:27:10.904,62.2200,100
44830904560500,12:27:10.904,62.2200,45
44830904735038,12:27:10.904,62.2200,55
44831487014382,12:27:11.487,62.2100,100
44831487091647,12:27:11.487,62.2100,100
44834865555156,12:27:14.865,62.2000,3
44880748987028,12:28:00.748,62.2100,8
44895316259543,12:28:15.316,62.2200,100
44902036409389,12:28:22.036,62.2200,100
44923539831231,12:28:43.539,62.2100,38
44923539873723,12:28:43.539,62.2100,62
44923539873723,12:28:43.539,62.2100,4
44923539873723,12:28:43.539,62.2100,1
44943291324698,12:29:03.291,62.2200,100
44943291719655,12:29:03.291,62.2200,100
44947860933716,12:29:07.860,62.2200,100
44968049919601,12:29:28.049,62.2100,1
45034350908436,12:30:34.350,62.2200,1
45036489675099,12:30:36.489,62.2100,4
45042339929415,12:30:42.339,62.2100,100
45068365870491,12:31:08.365,62.2100,1
45126616389067,12:32:06.616,62.2000,100
45126616570369,12:32:06.616,62.2000,100
45126616570369,12:32:06.616,62.2000,100
45126616570369,12:32:06.616,62.2000,4
45126691982813,12:32:06.691,62.2000,2
45166730715891,12:32:46.730,62.1800,9
45166730715891,12:32:46.730,62.1800,1
45182969080273,12:33:02.969,62.1700,7
45203434054076,12:33:23.434,62.1700,93
45203434054076,12:33:23.434,62.1700,100
45203434054890,12:33:23.434,62.1700,193
45203434066185,12:33:23.434,62.1700,7
45203441339890,12:33:23.441,62.1700,100
45215719968336,12:33:35.719,62.1700,6
45215779782262,12:33:35.779,62.1600,5
45281927650397,12:34:41.927,62.1600,100
45281927650397,12:34:41.927,62.1600,100
45281927650397,12:34:41.927,62.1600,5
45314853824938,12:35:14.853,62.1500,51
45314853860839,12:35:14.853,62.1500,100
45314853907418,12:35:14.853,62.1500,49
45314853907418,12:35:14.853,62.1500,11
45314853979938,12:35:14.853,62.1500,60
45314854033808,12:35:14.854,62.1500,29
45314854033808,12:35:14.854,62.1500,71
45314854070734,12:35:14.854,62.1500,29
45367670668675,12:36:07.670,62.1300,5
45367684209312,12:36:07.684,62.1200,1
45367712381862,12:36:07.712,62.1200,100
45394578851393,12:36:34.578,62.1200,100
45426914893757,12:37:06.914,62.1100,200
45433700592438,12:37:13.700,62.1000,100
45434726168130,12:37:14.726,62.1000,100
45532515719877,12:38:52.515,62.1100,78
45542798122420,12:39:02.798,62.1000,100
45542798122420,12:39:02.798,62.1000,5
45552002792337,12:39:12.002,62.0900,7
45554555047807,12:39:14.555,62.0800,100
45554555047807,12:39:14.555,62.0800,200
45554555047807,12:39:14.555,62.0800,1
45564807395713,12:39:24.807,62.0700,1
45592840941602,12:39:52.840,62.0800,100
45592840941602,12:39:52.840,62.0700,55
45624550759580,12:40:24.550,62.0900,100
45624550825223,12:40:24.550,62.0900,100
45624551393633,12:40:24.551,62.0900,12
45633542645211,12:40:33.542,62.0800,5
45633542650105,12:40:33.542,62.0800,5
45633542920889,12:40:33.542,62.0800,5
45637488500055,12:40:37.488,62.0900,87
45637498015859,12:40:37.498,62.0900,10
45649508493863,12:40:49.508,62.1000,4
45652509565995,12:40:52.509,62.1100,100
45708541764753,12:41:48.541,62.1100,100
45708541764753,12:41:48.541,62.1100,100
45724928831203,12:42:04.928,62.0900,100
45724929195630,12:42:04.929,62.0900,1
45724929195630,12:42:04.929,62.0900,5
45725524592412,12:42:05.524,62.0900,81
45728703774657,12:42:08.703,62.0900,19
45728703774657,12:42:08.703,62.0900,100
45737798544222,12:42:17.798,62.0900,9
45737798573849,12:42:17.798,62.0900,1
45737798679108,12:42:17.798,62.0900,90
45737798679108,12:42:17.798,62.0900,2
45737819405163,12:42:17.819,62.1000,100
45737819405163,12:42:17.819,62.1000,200
45737819405163,12:42:17.819,62.1000,100
45738365184274,12:42:18.365,62.1100,100
45762805940643,12:42:42.805,62.1200,50
45782755978101,12:43:02.755,62.1200,100
45835547834260,12:43:55.547,62.1100,100
45843962670909,12:44:03.962,62.1100,100
45843963431780,12:44:03.963,62.1100,4
45844466205063,12:44:04.466,62.1000,100
45909179252199,12:45:09.179,62.1100,100
45931410242805,12:45:31.410,62.1400,10
45960904671047,12:46:00.904,62.1400,100
46091606858031,12:48:11.606,62.1300,100
46094386589502,12:48:14.386,62.1400,100
46094386589502,12:48:14.386,62.1400,100
46121945582380,12:48:41.945,62.1500,20
46122085960131,12:48:42.085,62.1600,46
46175390116257,12:49:35.390,62.1700,6
46279150863709,12:51:19.150,62.1700,88
46279150863709,12:51:19.150,62.1700,100
46279172815834,12:51:19.172,62.1800,1
46279172815834,12:51:19.172,62.1800,100
46279172815834,12:51:19.172,62.1800,100
46279195203285,12:51:19.195,62.1900,3
46317198453350,12:51:57.198,62.2000,31
46319983238750,12:51:59.983,62.2000,69
46340088968048,12:52:20.088,62.2100,100
46340088968048,12:52:20.088,62.2100,100
46340088968048,12:52:20.088,62.2100,31
46342064566483,12:52:22.064,62.2100,4
46346580905163,12:52:26.580,62.2000,20
46346580905163,12:52:26.580,62.2000,75
46440931845666,12:54:00.931,62.1800,100
46440931845666,12:54:00.931,62.1800,100
46440931845666,12:54:00.931,62.1800,9
46440932087802,12:54:00.932,62.1700,51
46440932088433,12:54:00.932,62.1700,4
46440932114036,12:54:00.932,62.1700,45
46440932114036,12:54:00.932,62.1700,4
46440932116715,12:54:00.932,62.1700,11
46442633110885,12:54:02.633,62.1700,85
46442633110885,12:54:02.633,62.1700,100
46442633110885,12:54:02.633,62.1700,9
46442633110885,12:54:02.633,62.1700,2
46442633110885,12:54:02.633,62.1700,100
46442633995444,12:54:02.633,62.1600,70
46442638028809,12:54:02.638,62.1600,30
46486263305360,12:54:46.263,62.1700,100
46514463843757,12:55:14.463,62.1600,100
46514463843757,12:55:14.463,62.1600,5
46535020584822,12:55:35.020,62.1500,11
46535021109209,12:55:35.021,62.1500,7
46535021109209,12:55:35.021,62.1500,1
46535021109209,12:55:35.021,62.1500,3
46535021306710,12:55:35.021,62.1500,36
46535021307572,12:55:35.021,62.1500,51
46535021382964,12:55:35.021,62.1500,10
46537978479247,12:55:37.978,62.1500,10
46537978479247,12:55:37.978,62.1500,200
46549608028461,12:55:49.608,62.1500,198
46549608226347,12:55:49.608,62.1500,92
46580184872656,12:56:20.184,62.1600,100
46580184872656,12:56:20.184,62.1600,100
46610206391663,12:56:50.206,62.1600,100
46644324284936,12:57:24.324,62.1500,100
46687864183718,12:58:07.864,62.1400,100
46687864183718,12:58:07.864,62.1400,4
46687864293018,12:58:07.864,62.1400,100
46687898671880,12:58:07.898,62.1400,1
46727019503821,12:58:47.019,62.1300,58
46731866689464,12:58:51.866,62.1300,42
46731866689464,12:58:51.866,62.1300,9
46731866690933,12:58:51.866,62.1300,51
46731866717676,12:58:51.866,62.1300,40
46736620753841,12:58:56.620,62.1300,100
46736620753841,12:58:56.620,62.1300,59
46736620926434,12:58:56.620,62.1300,41
46765818257810,12:59:25.818,62.1400,2
46770141446035,12:59:30.141,62.1300,100
46772238363644,12:59:32.238,62.1200,100
46788327506174,12:59:48.327,62.1400,38
46788327532894,12:59:48.327,62.1400,53
46788327535680,12:59:48.327,62.1400,107
46788327535680,12:59:48.327,62.1400,100
46788327535680,12:59:48.327,62.1400,100
46788327535680,12:59:48.327,62.1400,100
46788327535680,12:59:48.327,62.1400,100
46833313285327,13:00:33.313,62.1500,100
46857803851661,13:00:57.803,62.1500,88
46857803881168,13:00:57.803,62.1500,12
46857803881168,13:00:57.803,62.1500,100
46857803881168,13:00:57.803,62.1500,100
46857803881168,13:00:57.803,62.1500,100
46857803881168,13:00:57.803,62.1500,4
46911411893670,13:01:51.411,62.1400,91
46911411901160,13:01:51.411,62.1400,9
46913047283195,13:01:53.047,62.1400,100
46913096771432,13:01:53.096,62.1500,1
46949138527755,13:02:29.138,62.1400,17
46963710113554,13:02:43.710,62.1300,5
46963711224648,13:02:43.711,62.1200,100
46968116037273,13:02:48.116,62.1200,20
46968136360140,13:02:48.136,62.1200,100
47094989808976,13:04:54.989,62.1000,4
47094989808976,13:04:54.989,62.1000,58
47106557287399,13:05:06.557,62.0800,100
47106557287399,13:05:06.557,62.0800,100
47116628495022,13:05:16.628,62.0900,6
47116684968106,13:05:16.684,62.0900,100
47162250631540,13:06:02.250,62.0600,200
47211506163715,13:06:51.506,62.0700,158
47260436236888,13:07:40.436,62.0800,100
47260436588305,13:07:40.436,62.0800,6
47260436588305,13:07:40.436,62.0800,41
47260436746890,13:07:40.436,62.0800,59
47260436746890,13:07:40.436,62.0800,1
47273022250203,13:07:53.022,62.0800,100
47275451153095,13:07:55.451,62.0800,100
47275452515916,13:07:55.452,62.0900,157
47276784197330,13:07:56.784,62.1000,100
47276784197330,13:07:56.784,62.1000,26
47276784262254,13:07:56.784,62.1000,74
47276784262254,13:07:56.784,62.1000,100
47285355542354,13:08:05.355,62.1200,10
47285355542354,13:08:05.355,62.1200,100
47333707493785,13:08:53.707,62.1300,10
47346436530433,13:09:06.436,62.1200,5
47346437370888,13:09:06.437,62.1200,100
47472162937038,13:11:12.162,62.1300,17
47473155658406,13:11:13.155,62.1300,83
47473628232653,13:11:13.628,62.1350,100
47473628416831,13:11:13.628,62.1300,100
47475053565829,13:11:15.053,62.1200,100
47475053926777,13:11:15.053,62.1200,15
47475053926777,13:11:15.053,62.1200,5
47475053951067,13:11:15.053,62.1200,100
47475439457464,13:11:15.439,62.1400,10
47478233979456,13:11:18.233,62.1450,100
47482890613490,13:11:22.890,62.1400,100
47619321554183,13:13:39.321,62.1100,48
47619321556852,13:13:39.321,62.1100,38
47619321654805,13:13:39.321,62.1100,14
47619321654805,13:13:39.321,62.1100,5
47619321654805,13:13:39.321,62.1100,100
47619321654805,13:13:39.321,62.1100,100
47619321663048,13:13:39.321,62.1100,100
47619322536992,13:13:39.322,62.1000,100
47619327636667,13:13:39.327,62.1000,21
47619330339040,13:13:39.330,62.1000,90
47634945887088,13:13:54.945,62.0600,100
47687637254050,13:14:47.637,62.0500,6
47687637254050,13:14:47.637,62.0500,100
47687637254050,13:14:47.637,62.0500,94
47700020347155,13:15:00.020,62.0600,70
47700021447082,13:15:00.021,62.0600,130
47700021447082,13:15:00.021,62.0600,70
47700021477154,13:15:00.021,62.0600,30
47826557253672,13:17:06.557,62.0500,6
47826557253672,13:17:06.557,62.0500,100
47827072984380,13:17:07.072,62.0500,12
47827072984380,13:17:07.072,62.0500,88
47827073013977,13:17:07.073,62.0500,12
47829199288214,13:17:09.199,62.0600,43
47829199288749,13:17:09.199,62.0600,4
47829199339081,13:17:09.199,62.0600,53
47829199339081,13:17:09.199,62.0600,1
47829199339081,13:17:09.199,62.0600,146
47829199339081,13:17:09.199,62.0600,100
47829227781534,13:17:09.227,62.0700,3
47829700497065,13:17:09.700,62.0700,97
47829700497065,13:17:09.700,62.0700,100
47830200534931,13:17:10.200,62.0800,100
47931870983642,13:18:51.870,62.0800,28
47931871597802,13:18:51.871,62.0800,28
47931871857382,13:18:51.871,62.0800,44
47931871857382,13:18:51.871,62.0800,5
47931871857382,13:18:51.871,62.0800,51
47931872181111,13:18:51.872,62.0800,49
47931872181111,13:18:51.872,62.0800,7
47931873015093,13:18:51.873,62.0800,56
47931873068590,13:18:51.873,62.0800,37
47931873068590,13:18:51.873,62.0800,19
47931873151273,13:18:51.873,62.0800,56
47931874185155,13:18:51.874,62.0800,100
47935383971629,13:18:55.383,62.0800,125
47935405432938,13:18:55.405,62.0800,200
47935405432938,13:18:55.405,62.0800,200
47935405432938,13:18:55.405,62.0800,33
47935406886450,13:18:55.406,62.0800,100
47943605690788,13:19:03.605,62.0800,100
47943605690788,13:19:03.605,62.0800,100
47958742408861,13:19:18.742,62.0800,400
47958931571733,13:19:18.931,62.0800,100
48015702434776,13:20:15.702,62.0700,100
48015702434776,13:20:15.702,62.0700,5
48015702565367,13:20:15.702,62.0700,60
48045701097001,13:20:45.701,62.0600,20
48059481548702,13:20:59.481,62.0500,100
48059481548702,13:20:59.481,62.0500,42
48059689079503,13:20:59.689,62.0600,100
48112559353609,13:21:52.559,62.0700,200
48124025492142,13:22:04.025,62.0700,100
48125032264995,13:22:05.032,62.0700,100
48131314244116,13:22:11.314,62.0700,100
48131314520901,13:22:11.314,62.0700,100
48160037350920,13:22:40.037,62.0500,100
48160037350920,13:22:40.037,62.0500,100
48214841499820,13:23:34.841,62.0400,100
48214841561502,13:23:34.841,62.0400,5
48214841561502,13:23:34.841,62.0400,95
48214841904335,13:23:34.841,62.0400,5
48214843156044,13:23:34.843,62.0400,100
48214843171205,13:23:34.843,62.0400,48
48238163573102,13:23:58.163,62.0500,100
48238163573102,13:23:58.163,62.0500,200
48238163573102,13:23:58.163,62.0500,100
48275415176111,13:24:35.415,62.0800,59
48287424466150,13:24:47.424,62.0700,5
48366696519799,13:26:06.696,62.0500,100
48366696687149,13:26:06.696,62.0500,4
48481687508876,13:28:01.687,62.0400,300
48481687508876,13:28:01.687,62.0400,100
48481687508876,13:28:01.687,62.0400,200
48481688457882,13:28:01.688,62.0500,100
48481688457882,13:28:01.688,62.0500,100
48488532776817,13:28:08.532,62.0500,5
48488532776817,13:28:08.532,62.0500,100
48488533504490,13:28:08.533,62.0500,100
48488533504490,13:28:08.533,62.0500,5
48488534003035,13:28:08.534,62.0500,95
48560279601416,13:29:20.279,62.0600,100
48560279601416,13:29:20.279,62.0600,100
48560279601416,13:29:20.279,62.0600,100
48579536093274,13:29:39.536,62.0600,100
48646768539425,13:30:46.768,62.0700,3
48665556257266,13:31:05.556,62.0600,11
48680502562095,13:31:20.502,62.0600,10
48695530767940,13:31:35.530,62.0600,79
48717358416912,13:31:57.358,62.0500,14
48717358838826,13:31:57.358,62.0500,100
48717358875815,13:31:57.358,62.0500,100
48717358893869,13:31:57.358,62.0500,100
48728454516030,13:32:08.454,62.0600,1
48728454540887,13:32:08.454,62.0600,60
48728454629916,13:32:08.454,62.0600,239
48728454629916,13:32:08.454,62.0600,2
48728455683807,13:32:08.455,62.0700,100
48728475193566,13:32:08.475,62.0800,100
48728475217482,13:32:08.475,62.0800,5
48741684997355,13:32:21.684,62.0900,2
48752816818805,13:32:32.816,62.1000,10
48805395706219,13:33:25.395,62.1100,1
48805395799149,13:33:25.395,62.1100,82
48805395831605,13:33:25.395,62.1100,17
48805395831605,13:33:25.395,62.1100,1
48805398215814,13:33:25.398,62.1200,17
48805398239997,13:33:25.398,62.1200,1
48819203412454,13:33:39.203,62.1100,100
48819203412454,13:33:39.203,62.1100,4
48819203468431,13:33:39.203,62.1100,82
48819203539624,13:33:39.203,62.1100,4
48867944110061,13:34:27.944,62.1200,1
48867944110061,13:34:27.944,62.1200,100
48867945526357,13:34:27.945,62.1300,10
48867945526357,13:34:27.945,62.1300,100
48867945526357,13:34:27.945,62.1300,100
49027973468662,13:37:07.973,62.1200,100
49080782879328,13:38:00.782,62.1200,1
49080782879328,13:38:00.782,62.1200,99
49080782913645,13:38:00.782,62.1200,1
49090939179274,13:38:10.939,62.1200,100
49152145686457,13:39:12.145,62.1300,100
49152145686457,13:39:12.145,62.1300,1
49152145686457,13:39:12.145,62.1300,100
49152145686457,13:39:12.145,62.1300,100
49152145945391,13:39:12.145,62.1300,75
49152145982935,13:39:12.145,62.1300,25
49152158604504,13:39:12.158,62.1400,1
49152158604504,13:39:12.158,62.1400,19
49152158604504,13:39:12.158,62.1400,100
49153544530591,13:39:13.544,62.1400,100
49153544530591,13:39:13.544,62.1400,100
49153571137808,13:39:13.571,62.1400,100
49199029560656,13:39:59.029,62.1300,79
49210398022475,13:40:10.398,62.1300,100
49321896868288,13:42:01.896,62.1300,16
49321896868288,13:42:01.896,62.1300,18
49321896913653,13:42:01.896,62.1300,82
49321896913653,13:42:01.896,62.1300,27
49344996540617,13:42:24.996,62.1300,55
49344996542490,13:42:24.996,62.1300,45
49370766411558,13:42:50.766,62.1300,46
49370766907339,13:42:50.766,62.1300,54
49444576482344,13:44:04.576,62.1300,100
49475429590518,13:44:35.429,62.1200,77
49475429819738,13:44:35.429,62.1200,23
49475429819738,13:44:35.429,62.1200,21
49475429865019,13:44:35.429,62.1200,79
49475429865019,13:44:35.429,62.1200,100
49476542039835,13:44:36.542,62.1100,100
49476542039835,13:44:36.542,62.1100,100
49482164309459,13:44:42.164,62.1200,90
49484010480902,13:44:44.010,62.1200,10
49484010480902,13:44:44.010,62.1200,100
49484010480902,13:44:44.010,62.1200,1
49513273994657,13:45:13.273,62.1100,100
49514413990984,13:45:14.413,62.1150,100
49515082664155,13:45:15.082,62.1100,100
49522578644497,13:45:22.578,62.1100,6
49522578664699,13:45:22.578,62.1100,94
49522578664699,13:45:22.578,62.1100,100
49589984481131,13:46:29.984,62.1000,100
49589984481131,13:46:29.984,62.1000,100
49590011423281,13:46:30.011,62.1000,100
49605181327645,13:46:45.181,62.1000,32
49605181399346,13:46:45.181,62.1000,200
49605181399346,13:46:45.181,62.1000,200
49608487675253,13:46:48.487,62.0850,100
49680232093509,13:48:00.232,62.0800,100
49680232093509,13:48:00.232,62.0800,100
49680232093509,13:48:00.232,62.0800,200
49680232093509,13:48:00.232,62.0800,100
49680232575170,13:48:00.232,62.0700,100
49680232575170,13:48:00.232,62.0700,100
49680233378722,13:48:00.233,62.0700,100
49736541625282,13:48:56.541,62.0400,84
49736541658271,13:48:56.541,62.0400,16
49761336554965,13:49:21.336,62.0300,100
49761337188030,13:49:21.337,62.0300,100
49761350926717,13:49:21.350,62.0300,100
49779777356446,13:49:39.777,62.0200,8
49779777406041,13:49:39.777,62.0200,192
49846158018321,13:50:46.158,62.0200,36
49891614893462,13:51:31.614,62.0100,1
49891616626870,13:51:31.616,62.0000,100
49891616626870,13:51:31.616,62.0000,100
49891620057327,13:51:31.620,61.9900,50
49900128227225,13:51:40.128,61.9900,50
49900128227225,13:51:40.128,61.9900,100
49900129223461,13:51:40.129,61.9900,100
49900152048481,13:51:40.152,61.9900,100
49900170765118,13:51:40.170,61.9900,50
49900171248222,13:51:40.171,61.9900,100
49917486149119,13:51:57.486,61.9800,100
49918163821493,13:51:58.163,61.9700,100
49922443421617,13:52:02.443,61.9650,100
49924565773684,13:52:04.565,61.9700,400
49924565773684,13:52:04.565,61.9700,100
49924565773684,13:52:04.565,61.9700,200
49965159118627,13:52:45.159,61.9800,2
49965159118627,13:52:45.159,61.9800,48
49965159173237,13:52:45.159,61.9800,52
49965231293833,13:52:45.231,61.9800,200
49965231293833,13:52:45.231,61.9800,100
49965231293833,13:52:45.231,61.9800,100
49966161610814,13:52:46.161,61.9700,100
49966161610814,13:52:46.161,61.9700,3
49986139732422,13:53:06.139,61.9500,100
50021094422778,13:53:41.094,61.9400,90
50057632461177,13:54:17.632,61.9500,200
50057632523951,13:54:17.632,61.9500,17
50057632523951,13:54:17.632,61.9500,100
50058827129257,13:54:18.827,61.9600,59
50058828164088,13:54:18.828,61.9600,41
50059036120721,13:54:19.036,61.9500,200
50059036120721,13:54:19.036,61.9500,100
50059036120721,13:54:19.036,61.9500,9
50059036151835,13:54:19.036,61.9500,21
50059037881922,13:54:19.037,61.9600,100
50059037935668,13:54:19.037,61.9600,100
50059037957389,13:54:19.037,61.9600,100
50074808719553,13:54:34.808,61.9700,1
50104735497748,13:55:04.735,61.9700,33
50104735498403,13:55:04.735,61.9700,67
50104735498403,13:55:04.735,61.9700,22
50104735609862,13:55:04.735,61.9700,78
50104735609862,13:55:04.735,61.9700,100
50104735609862,13:55:04.735,61.9700,100
50135314964806,13:55:35.314,61.9500,5
50135314964806,13:55:35.314,61.9500,2
50162929918020,13:56:02.929,61.9400,180
50162930279732,13:56:02.930,61.9400,20
50162930279732,13:56:02.930,61.9400,100
50258661080258,13:57:38.661,61.9600,100
50258665094210,13:57:38.665,61.9600,100
50258665184685,13:57:38.665,61.9600,100
50258665222714,13:57:38.665,61.9600,131
50258665271724,13:57:38.665,61.9600,69
50258673471994,13:57:38.673,61.9600,43
50330786434039,13:58:50.786,61.9300,6
50330786434039,13:58:50.786,61.9300,100
50330792923184,13:58:50.792,61.9300,100
50337002165272,13:58:57.002,61.9400,31
50337002217141,13:58:57.002,61.9400,69
50337010337758,13:58:57.010,61.9400,100
50345005552714,13:59:05.005,61.9500,1
50369027159919,13:59:29.027,61.9600,1
50369038216554,13:59:29.038,61.9600,1
50396811017967,13:59:56.811,61.9500,58
50402687991980,14:00:02.687,61.9400,100
50402687991980,14:00:02.687,61.9400,100
50402693344172,14:00:02.693,61.9400,200
50402708491353,14:00:02.708,61.9600,100
50402718027570,14:00:02.718,61.9300,100
50402828483716,14:00:02.828,61.9700,100
50402828483716,14:00:02.828,61.9700,100
50402828483716,14:00:02.828,61.9700,100
50403124482933,14:00:03.124,61.9700,100
50403127807803,14:00:03.127,61.9800,100
50403149960261,14:00:03.149,61.9800,10
50407247663147,14:00:07.247,61.9900,20
50407247663147,14:00:07.247,61.9900,100
50407248291351,14:00:07.248,62.0000,20
50407248291351,14:00:07.248,62.0100,80
50407248994370,14:00:07.248,62.0100,20
50407478574611,14:00:07.478,62.0300,20
50407838994859,14:00:07.838,62.0400,20
50408895384212,14:00:08.895,62.0700,10
50408895384212,14:00:08.895,62.0800,90
50408990023745,14:00:08.990,62.0800,20
50408993539994,14:00:08.993,62.0900,10
50409007775558,14:00:09.007,62.0700,1
50409026061879,14:00:09.026,62.1100,20
50409032446146,14:00:09.032,62.0900,1
50410272996569,14:00:10.272,62.1200,20
50410413831872,14:00:10.413,62.1300,20
50411209630014,14:00:11.209,62.1400,45
50413017724169,14:00:13.017,62.2000,200
50413020589037,14:00:13.020,62.2100,100
50413026426881,14:00:13.026,62.2300,100
50414953925089,14:00:14.953,62.2400,29
50414953925089,14:00:14.953,62.2400,93
50414953925089,14:00:14.953,62.2400,28
50414953958533,14:00:14.953,62.2400,72
50418025132602,14:00:18.025,62.1500,29
50423323914961,14:00:23.323,62.1400,100
50423323914961,14:00:23.323,62.1300,72
50423324753315,14:00:23.324,62.1300,28
50423324753315,14:00:23.324,62.1300,200
50423324753315,14:00:23.324,62.1300,100
50423350537264,14:00:23.350,62.1200,92
50423421430431,14:00:23.421,62.1400,100
50423421664495,14:00:23.421,62.1500,100
50431606599784,14:00:31.606,62.1100,100
50431608752796,14:00:31.608,62.1000,100
50433095545238,14:00:33.095,62.1500,5
50442137050077,14:00:42.137,62.1600,100
50446447176365,14:00:46.447,62.1600,4
50446447409535,14:00:46.447,62.1600,35
50446447409535,14:00:46.447,62.1600,61
50460553600171,14:01:00.553,62.1800,3
50460553601678,14:01:00.553,62.1800,41
50463244931420,14:01:03.244,62.1700,200
50463244962507,14:01:03.244,62.1700,100
50463245395486,14:01:03.245,62.1800,45
50465137922386,14:01:05.137,62.1900,29
50466718539779,14:01:06.718,62.1900,100
50466718575612,14:01:06.718,62.1900,91
50471088076489,14:01:11.088,62.1600,86
50471088087002,14:01:11.088,62.1600,14
50471958467717,14:01:11.958,62.1400,100
50471958467717,14:01:11.958,62.1600,190
50471962800083,14:01:11.962,62.1600,10
50471962800083,14:01:11.962,62.1600,90
50471988170476,14:01:11.988,62.1600,100
50474818469254,14:01:14.818,62.1600,100
50491402391581,14:01:31.402,62.2100,17
50537073734360,14:02:17.073,62.1700,100
50537073734360,14:02:17.073,62.1700,1
50537075336940,14:02:17.075,62.1500,45
50567016323841,14:02:47.016,62.1700,100
50598585387072,14:03:18.585,62.1900,80
50598585387072,14:03:18.585,62.1900,80
50598850571518,14:03:18.850,62.2100,100
50615082188071,14:03:35.082,62.2500,15
50615799834903,14:03:35.799,62.2400,3
50628690051221,14:03:48.690,62.2600,100
50652620711989,14:04:12.620,62.2700,100
50669987008994,14:04:29.987,62.3100,100
50675246475183,14:04:35.246,62.3200,26
50675246475183,14:04:35.246,62.3200,38
50675247051120,14:04:35.247,62.3200,62
50686521038004,14:04:46.521,62.3300,100
50686521796617,14:04:46.521,62.3400,2
50686521838676,14:04:46.521,62.3400,98
50686522386763,14:04:46.522,62.3400,2
50686522442293,14:04:46.522,62.3400,2
50686522524307,14:04:46.522,62.3400,2
50686522637123,14:04:46.522,62.3400,2
50686522691363,14:04:46.522,62.3400,2
50686525995471,14:04:46.525,62.3300,100
50687680286295,14:04:47.680,62.3200,100
50687680683774,14:04:47.680,62.3200,4
50687871214048,14:04:47.871,62.3300,90
50731388061554,14:05:31.388,62.3100,100
50733765191196,14:05:33.765,62.3000,100
50733765191196,14:05:33.765,62.3000,100
50733766316822,14:05:33.766,62.3000,100
50733791687904,14:05:33.791,62.3000,200
50733792020140,14:05:33.792,62.3000,25
50759236890177,14:05:59.236,62.2800,28
50759239692310,14:05:59.239,62.2800,72
50759239692310,14:05:59.239,62.2800,7
50759239692310,14:05:59.239,62.2800,21
50759240705681,14:05:59.240,62.2800,72
50759240740743,14:05:59.240,62.2800,7
50759240740743,14:05:59.240,62.2800,63
50759240924340,14:05:59.240,62.2800,37
50763212021027,14:06:03.212,62.2750,100
50861558794020,14:07:41.558,62.2600,59
50861558825116,14:07:41.558,62.2600,41
50861611831744,14:07:41.611,62.2500,9
50861612273131,14:07:41.612,62.2400,22
50861631316495,14:07:41.631,62.2500,100
50862096328872,14:07:42.096,62.2400,1
50876080311501,14:07:56.080,62.2400,100
50876080374269,14:07:56.080,62.2400,99
50876080374269,14:07:56.080,62.2400,1
50876670042959,14:07:56.670,62.2500,100
50876681530769,14:07:56.681,62.2600,90
50876681556112,14:07:56.681,62.2600,10
50876681556112,14:07:56.681,62.2600,90
50876681702046,14:07:56.681,62.2600,10
50876825335092,14:07:56.825,62.2500,100
50917806362909,14:08:37.806,62.2300,200
50917815860291,14:08:37.815,62.2400,100
50939675226225,14:08:59.675,62.2800,200
50977865197711,14:09:37.865,62.2800,100
50977865197711,14:09:37.865,62.2800,99
50977865203357,14:09:37.865,62.2800,100
50979588996385,14:09:39.588,62.2800,10
50979590520658,14:09:39.590,62.2800,100
50984195148331,14:09:44.195,62.2600,100
50993899345951,14:09:53.899,62.2600,14
50993899345951,14:09:53.899,62.2600,100
50993899345951,14:09:53.899,62.2600,100
50993899345951,14:09:53.899,62.2600,64
50993901132353,14:09:53.901,62.2700,100
50993901358300,14:09:53.901,62.2700,74
50993901364319,14:09:53.901,62.2700,26
51034306579616,14:10:34.306,62.2500,100
51034330988252,14:10:34.330,62.2500,86
51034331077959,14:10:34.331,62.2500,14
51037864306082,14:10:37.864,62.2500,100
51094521935913,14:11:34.521,62.3100,4
51094521935913,14:11:34.521,62.3100,100
51130994674068,14:12:10.994,62.3100,100
51130994866121,14:12:10.994,62.3100,11
51176970481576,14:12:56.970,62.3300,159
51176970600355,14:12:56.970,62.3300,41
51176970600355,14:12:56.970,62.3300,100
51176983689516,14:12:56.983,62.3400,45
51182794545131,14:13:02.794,62.3200,6
51182794545131,14:13:02.794,62.3200,100
51182794545131,14:13:02.794,62.3200,23
51201131999564,14:13:21.131,62.3200,100
51215131388936,14:13:35.131,62.3300,10
51215131388936,14:13:35.131,62.3300,100
51246086843179,14:14:06.086,62.3300,200
51256420400276,14:14:16.420,62.3400,100
51256420400276,14:14:16.420,62.3400,100
51258490024193,14:14:18.490,62.3400,300
51259590044520,14:14:19.590,62.3400,100
51268246242239,14:14:28.246,62.3400,100
51273156549692,14:14:33.156,62.3500,20
51273261278470,14:14:33.261,62.3600,100
51273934423062,14:14:33.934,62.3600,3
51273934423062,14:14:33.934,62.3600,16
51277937703584,14:14:37.937,62.3600,84
51277937703584,14:14:37.937,62.3600,100
51277937703584,14:14:37.937,62.3600,100
51278437786690,14:14:38.437,62.3600,200
51278437786690,14:14:38.437,62.3600,80
51278438931939,14:14:38.438,62.3600,100
51278438960110,14:14:38.438,62.3600,100
51278450207396,14:14:38.450,62.3600,90
51284992204872,14:14:44.992,62.3500,19
51300162855703,14:15:00.162,62.3500,81
51300162855703,14:15:00.162,62.3500,100
51300173958806,14:15:00.173,62.3400,100
51300173958806,14:15:00.173,62.3400,100
51300173958806,14:15:00.173,62.3400,24
51300198406432,14:15:00.198,62.3300,100
51300208692025,14:15:00.208,62.3300,24
51300327407947,14:15:00.327,62.3300,100
51301081142699,14:15:01.081,62.3300,5
51314124336431,14:15:14.124,62.2900,9
51314125180344,14:15:14.125,62.2800,28
51314265093133,14:15:14.265,62.2800,52
51314265099479,14:15:14.265,62.2800,20
51342094673070,14:15:42.094,62.2600,100
51342094673070,14:15:42.094,62.2600,100
51342096463860,14:15:42.096,62.2600,20
51342096491655,14:15:42.096,62.2600,80
51348161812769,14:15:48.161,62.2700,100
51348832492413,14:15:48.832,62.2900,20
51393446514554,14:16:33.446,62.3000,100
51398751180789,14:16:38.751,62.3000,100
51398751180789,14:16:38.751,62.3000,22
51398751187147,14:16:38.751,62.3000,40
51398751788762,14:16:38.751,62.3000,38
51399042488492,14:16:39.042,62.3100,100
51414978304765,14:16:54.978,62.3300,100
51415536586427,14:16:55.536,62.3200,100
51415536639628,14:16:55.536,62.3200,100
51437769891116,14:17:17.769,62.3500,100
51531291150183,14:18:51.291,62.3700,100
51531291319430,14:18:51.291,62.3700,100
51531291319430,14:18:51.291,62.3700,100
51531291319430,14:18:51.291,62.3700,100
51555561035790,14:19:15.561,62.3500,4
51555584541419,14:19:15.584,62.3500,96
51555584541419,14:19:15.584,62.3500,4
51560609739999,14:19:20.609,62.3500,3
51560749744892,14:19:20.749,62.3500,100
51577707605424,14:19:37.707,62.3600,2
51577737886946,14:19:37.737,62.3600,41
51577818819359,14:19:37.818,62.3600,115
51579242776362,14:19:39.242,62.3600,15
51579242895343,14:19:39.242,62.3600,15
51579242933578,14:19:39.242,62.3600,15
51583911392514,14:19:43.911,62.3700,100
51624427920975,14:20:24.427,62.3600,7
51624451388253,14:20:24.451,62.3500,100
51624452072721,14:20:24.452,62.3500,100
51624473830067,14:20:24.473,62.3500,100
51635663464414,14:20:35.663,62.3400,34
51635663873710,14:20:35.663,62.3400,166
51653999248242,14:20:53.999,62.3600,100
51654048142262,14:20:54.048,62.3700,100
51654373742713,14:20:54.373,62.3800,100
51656129204331,14:20:56.129,62.4000,100
51656129204331,14:20:56.129,62.4000,1
51658596881649,14:20:58.596,62.4000,25
51658596987492,14:20:58.596,62.4000,41
51658597768283,14:20:58.597,62.4000,34
51658597768283,14:20:58.597,62.4000,26
51729279226533,14:22:09.279,62.4100,95
51729279365977,14:22:09.279,62.4100,5
51729279365977,14:22:09.279,62.4100,95
51729279379717,14:22:09.279,62.4100,5
51729279379717,14:22:09.279,62.4100,7
51729279379717,14:22:09.279,62.4100,100
51729279910056,14:22:09.279,62.4000,100
51729280043998,14:22:09.280,62.4100,100
51730594645290,14:22:10.594,62.4100,242
51730594721347,14:22:10.594,62.4100,58
51731594856587,14:22:11.594,62.4200,100
51733597590398,14:22:13.597,62.4200,27
51759078860973,14:22:39.078,62.4200,100
51759080553461,14:22:39.080,62.4200,84
51759083629432,14:22:39.083,62.4200,16
51759083629432,14:22:39.083,62.4200,26
51759085633874,14:22:39.085,62.4300,82
51759088068312,14:22:39.088,62.4300,18
51759102461434,14:22:39.102,62.4300,100
51759449278254,14:22:39.449,62.4400,100
51759569187243,14:22:39.569,62.4400,20
51759570711272,14:22:39.570,62.4500,100
51759576603299,14:22:39.576,62.4800,100
51784826644319,14:23:04.826,62.4200,100
51784826644319,14:23:04.826,62.4200,2
51784827336621,14:23:04.827,62.4200,25
51787993475887,14:23:07.993,62.4300,25
51803805985887,14:23:23.805,62.4500,40
51803805986969,14:23:23.805,62.4500,1
51803828140445,14:23:23.828,62.4600,75
51804091152024,14:23:24.091,62.4800,100
51862518247598,14:24:22.518,62.4300,89
51862518247598,14:24:22.518,62.4300,6
51862518247598,14:24:22.518,62.4300,100
51862518467782,14:24:22.518,62.4200,100
51862518467782,14:24:22.518,62.4200,27
51862518558439,14:24:22.518,62.4100,100
51862518558439,14:24:22.518,62.4100,100
51862926607714,14:24:22.926,62.3900,100
51862926607714,14:24:22.926,62.3900,100
51862926607714,14:24:22.926,62.3900,100
51877053020356,14:24:37.053,62.3800,10
51877523240593,14:24:37.523,62.3800,122
51877523245384,14:24:37.523,62.3800,41
51877523280255,14:24:37.523,62.3800,37
51877523280255,14:24:37.523,62.3800,100
51877523280255,14:24:37.523,62.3800,41
51877524976395,14:24:37.524,62.3800,100
51895684503822,14:24:55.684,62.3800,149
51895684503822,14:24:55.684,62.3800,100
51912095752966,14:25:12.095,62.3800,100
51927463356586,14:25:27.463,62.3800,100
51956050414487,14:25:56.050,62.3600,32
51964522348341,14:26:04.522,62.3600,68
51964522348341,14:26:04.522,62.3600,6
51982638960555,14:26:22.638,62.3500,100
51982638961168,14:26:22.638,62.3600,78
51982639020545,14:26:22.639,62.3600,22
51982639020545,14:26:22.639,62.3600,100
52000091202657,14:26:40.091,62.3500,100
52000091974833,14:26:40.091,62.3500,200
52000110868069,14:26:40.110,62.3500,100
52000128018833,14:26:40.128,62.3500,200
52028195268018,14:27:08.195,62.3300,200
52028195523240,14:27:08.195,62.3300,3
52029561017556,14:27:09.561,62.3000,100
52029605868152,14:27:09.605,62.3000,100
52042865308345,14:27:22.865,62.2900,100
52065319724636,14:27:45.319,62.2800,100
52065319724636,14:27:45.319,62.2800,100
52080331677317,14:28:00.331,62.3000,50
52163950924529,14:29:23.950,62.2900,3
52202244827534,14:30:02.244,62.2800,100
52202244827534,14:30:02.244,62.2800,100
52202246060822,14:30:02.246,62.2700,2
52202273218209,14:30:02.273,62.2800,200
52202994972957,14:30:02.994,62.2700,100
52203803685622,14:30:03.803,62.2700,4
52206421282749,14:30:06.421,62.2500,100
52206521405013,14:30:06.521,62.2500,100
52210946395199,14:30:10.946,62.2700,100
52210947474761,14:30:10.947,62.2800,100
52210948104968,14:30:10.948,62.2800,100
52210948864136,14:30:10.948,62.2900,100
52210949044900,14:30:10.949,62.2900,9
52211122391739,14:30:11.122,62.2900,20
52217300178709,14:30:17.300,62.2700,100
52223977916121,14:30:23.977,62.2700,100
52223979794603,14:30:23.979,62.2800,1
52262285760259,14:31:02.285,62.2800,5
52262316713832,14:31:02.316,62.2800,11
52275328575474,14:31:15.328,62.2700,1
52280957890679,14:31:20.957,62.2700,99
52280965069661,14:31:20.965,62.2600,100
52284765253155,14:31:24.765,62.2500,100
52304839084903,14:31:44.839,62.2300,100
52304839138833,14:31:44.839,62.2300,195
52304839165742,14:31:44.839,62.2300,5
52304839165742,14:31:44.839,62.2300,100
52304839165742,14:31:44.839,62.2300,82
52304839168465,14:31:44.839,62.2300,5
52304839173246,14:31:44.839,62.2300,5
52304839194989,14:31:44.839,62.2300,5
52304839893269,14:31:44.839,62.2300,3
52316554485063,14:31:56.554,62.2100,100
52316571096190,14:31:56.571,62.2100,100
52326726625172,14:32:06.726,62.2100,3
52326726625172,14:32:06.726,62.2100,97
52326726715376,14:32:06.726,62.2100,3
52330202455191,14:32:10.202,62.2100,8
52330202485068,14:32:10.202,62.2100,92
52330202586534,14:32:10.202,62.2100,100
52330204604672,14:32:10.204,62.2000,100
52330204604672,14:32:10.204,62.2000,100
52348722813635,14:32:28.722,62.2100,100
52396062986410,14:33:16.062,62.1900,100
52396062986410,14:33:16.062,62.1900,100
52396070441408,14:33:16.070,62.1900,100
52428908786010,14:33:48.908,62.2000,100
52428908786010,14:33:48.908,62.2000,20
52428908845609,14:33:48.908,62.2000,80
52456764423028,14:34:16.764,62.2200,20
52460503445719,14:34:20.503,62.2100,7
52471189179851,14:34:31.189,62.2100,6
52471189179851,14:34:31.189,62.2100,10
52471189179851,14:34:31.189,62.2100,24
52496875433001,14:34:56.875,62.2200,1
52499883241518,14:34:59.883,62.2200,78
52499883319953,14:34:59.883,62.2200,22
52499883319953,14:34:59.883,62.2200,78
52499883643656,14:34:59.883,62.2200,100
52510354953868,14:35:10.354,62.2200,100
52510354953868,14:35:10.354,62.2200,22
52510370786605,14:35:10.370,62.2200,200
52517626019319,14:35:17.626,62.2200,25
52517626205298,14:35:17.626,62.2200,25
52519704208556,14:35:19.704,62.2100,100
52531126462321,14:35:31.126,62.2000,100
52531126542230,14:35:31.126,62.2000,100
52531143185747,14:35:31.143,62.2100,100
52531143185747,14:35:31.143,62.2100,100
52564242281889,14:36:04.242,62.1800,6
52565193263632,14:36:05.193,62.1700,100
52567561883535,14:36:07.561,62.1600,110
52567562316411,14:36:07.562,62.1600,90
52571757345757,14:36:11.757,62.1600,100
52572053077160,14:36:12.053,62.1600,100
52572379899209,14:36:12.379,62.1500,11
52577538072190,14:36:17.538,62.1600,100
52579321047213,14:36:19.321,62.1800,100
52579321059074,14:36:19.321,62.1700,16
52579321059668,14:36:19.321,62.1700,39
52579321371204,14:36:19.321,62.1700,2
52579321472211,14:36:19.321,62.1700,43
52579321472211,14:36:19.321,62.1700,31
52579321854161,14:36:19.321,62.1700,43
52579321925598,14:36:19.321,62.1700,16
52579322058233,14:36:19.322,62.1700,10
52579626296359,14:36:19.626,62.1500,2
52606625117862,14:36:46.625,62.1700,100
52606625155985,14:36:46.625,62.1700,200
52611014946430,14:36:51.014,62.1800,100
52611031356849,14:36:51.031,62.1700,26
52611031356849,14:36:51.031,62.1700,74
52611031411796,14:36:51.031,62.1700,26
52646761501372,14:37:26.761,62.2200,10
52646774543552,14:37:26.774,62.2200,45
52648712905952,14:37:28.712,62.2200,26
52648712905952,14:37:28.712,62.2200,86
52648712914658,14:37:28.712,62.2200,14
52648712914658,14:37:28.712,62.2200,61
52648712957888,14:37:28.712,62.2200,39
52648712957888,14:37:28.712,62.2200,75
52648713034592,14:37:28.713,62.2200,25
52648714357084,14:37:28.714,62.2200,100
52648716043430,14:37:28.716,62.2200,100
52659402742005,14:37:39.402,62.2300,10
52666563024282,14:37:46.563,62.2400,20
52680523648197,14:38:00.523,62.2500,10
52680523712252,14:38:00.523,62.2500,10
52680524178794,14:38:00.524,62.2500,10
52682626381904,14:38:02.626,62.2500,100
52682627127296,14:38:02.627,62.2500,100
52682627127296,14:38:02.627,62.2500,90
52728206724230,14:38:48.206,62.2700,10
52728206724230,14:38:48.206,62.2700,100
52728206724230,14:38:48.206,62.2700,90
52728206839863,14:38:48.206,62.2700,10
52728206878945,14:38:48.206,62.2700,10
52728206881083,14:38:48.206,62.2700,10
52728206966688,14:38:48.206,62.2700,80
52728214357244,14:38:48.214,62.2800,50
52728270753567,14:38:48.270,62.2900,10
52728270753567,14:38:48.270,62.2900,90
52728270989719,14:38:48.270,62.2900,10
52728270989719,14:38:48.270,62.2900,100
52728273054380,14:38:48.273,62.2900,1
52733072497732,14:38:53.072,62.2900,100
52734955321380,14:38:54.955,62.2800,100
52734957012118,14:38:54.957,62.2700,4
52736717206734,14:38:56.717,62.2800,5
52763241293183,14:39:23.241,62.2300,200
52763241309390,14:39:23.241,62.2300,100
52763251847765,14:39:23.251,62.2300,100
52763251847765,14:39:23.251,62.2300,7
52763542592594,14:39:23.542,62.2500,100
52763837901900,14:39:23.837,62.2400,100
52770333428602,14:39:30.333,62.2300,100
52770342051498,14:39:30.342,62.2300,100
52778242356207,14:39:38.242,62.2400,100
52778242356207,14:39:38.242,62.2400,1
52808729493848,14:40:08.729,62.2300,4
52814712453592,14:40:14.712,62.2400,4
52849033987216,14:40:49.033,62.2200,100
52849034435173,14:40:49.034,62.2200,15
52849035197983,14:40:49.035,62.2200,100
52854956670018,14:40:54.956,62.2300,100
52854956680620,14:40:54.956,62.2300,100
52855144366603,14:40:55.144,62.2300,100
52867363624036,14:41:07.363,62.2300,100
52892245254059,14:41:32.245,62.2300,84
52892245458243,14:41:32.245,62.2300,16
52892245458243,14:41:32.245,62.2300,16
52892245521394,14:41:32.245,62.2300,84
52892245521394,14:41:32.245,62.2300,31
52915020272795,14:41:55.020,62.2300,3
52915146248309,14:41:55.146,62.2300,100
52915148577799,14:41:55.148,62.2300,100
52937304012833,14:42:17.304,62.2400,100
52937304055662,14:42:17.304,62.2400,90
52937347538566,14:42:17.347,62.2600,100
52950065218651,14:42:30.065,62.2400,5
52959034304725,14:42:39.034,62.2300,92
52959034657197,14:42:39.034,62.2300,8
52959035403544,14:42:39.035,62.2300,100
52959035514463,14:42:39.035,62.2300,100
52959675520055,14:42:39.675,62.2400,100
52980599940558,14:43:00.599,62.2300,100
52985645238983,14:43:05.645,62.2300,1
52995168532749,14:43:15.168,62.2100,100
52995168532749,14:43:15.168,62.2100,100
52995866026318,14:43:15.866,62.2100,100
52995866026318,14:43:15.866,62.2100,100
53000080189636,14:43:20.080,62.2100,100
53000150599003,14:43:20.150,62.2000,100
53028314618102,14:43:48.314,62.2300,100
53034653895415,14:43:54.653,62.2600,20
53089466588342,14:44:49.466,62.2600,81
53089466864474,14:44:49.466,62.2600,19
53089473579376,14:44:49.473,62.2700,10
53097217328886,14:44:57.217,62.2700,100
53097217328886,14:44:57.217,62.2700,9
53097635905024,14:44:57.635,62.2500,2
53110841746406,14:45:10.841,62.2400,1
53111661423400,14:45:11.661,62.2400,155
53117000995274,14:45:17.000,62.2500,5
53125299915517,14:45:25.299,62.2500,100
53126051609244,14:45:26.051,62.2500,100
53126353643082,14:45:26.353,62.2500,100
53176415140321,14:46:16.415,62.2500,100
53176415169262,14:46:16.415,62.2500,200
53189256197886,14:46:29.256,62.2700,100
53189283089392,14:46:29.283,62.2800,2
53189286648888,14:46:29.286,62.2800,18
53189286648888,14:46:29.286,62.2800,82
53189288674334,14:46:29.288,62.2800,18
53189463551729,14:46:29.463,62.2900,10
53190430059204,14:46:30.430,62.2900,100
53190430593658,14:46:30.430,62.2900,100
53190431186905,14:46:30.431,62.2900,100
53204022569823,14:46:44.022,62.2800,100
53205239553522,14:46:45.239,62.2900,100
53215262035795,14:46:55.262,62.3000,10
53215262035795,14:46:55.262,62.3000,10
53216262010554,14:46:56.262,62.3100,10
53218715380436,14:46:58.715,62.3000,100
53218945428271,14:46:58.945,62.3000,100
53228472420076,14:47:08.472,62.3100,100
53228770168081,14:47:08.770,62.3200,10
53240007344600,14:47:20.007,62.3300,20
53244204261066,14:47:24.204,62.3200,2
53245406447038,14:47:25.406,62.3100,1
53272538936359,14:47:52.538,62.2900,100
53272540049714,14:47:52.540,62.2900,100
53293793218153,14:48:13.793,62.2900,100
53293793320501,14:48:13.793,62.2900,1
53293793320501,14:48:13.793,62.2900,11
53298352125103,14:48:18.352,62.2800,100
53298352125103,14:48:18.352,62.2800,1
53308140739105,14:48:28.140,62.2800,1
53308140739105,14:48:28.140,62.2800,89
53308141418037,14:48:28.141,62.2800,11
53309644428700,14:48:29.644,62.3200,100
53381080897395,14:49:41.080,62.2900,51
53396807244846,14:49:56.807,62.2800,78
53396807978903,14:49:56.807,62.2800,22
53396808015137,14:49:56.808,62.2800,57
53396808043555,14:49:56.808,62.2800,21
53396808043555,14:49:56.808,62.2800,1
53408626119522,14:50:08.626,62.2700,100
