timestamp,time,price,volume
34200670997104,09:30:00.670,0.0000,0
35031742591074,09:43:51.742,40.6800,100
35053227924623,09:44:13.227,40.6700,100
36556004208661,10:09:16.004,40.7000,100
36556004506675,10:09:16.004,40.7000,100
36556004520747,10:09:16.004,40.7000,100
36556004543229,10:09:16.004,40.7000,100
36556004559240,10:09:16.004,40.7000,100
36556369873567,10:09:16.369,40.7000,100
36799640967248,10:13:19.640,40.6900,100
36799641044580,10:13:19.641,40.7000,81
36799641045099,10:13:19.641,40.7000,19
36916192735389,10:15:16.192,40.6900,100
37200039159394,10:20:00.039,40.7200,20
37200039292462,10:20:00.039,40.7200,80
37200039522260,10:20:00.039,40.7300,100
37645991035508,10:27:25.991,40.8400,100
37695624369298,10:28:15.624,40.8000,100
37695624445729,10:28:15.624,40.7900,16
37695624445729,10:28:15.624,40.7900,100
37695625330150,10:28:15.625,40.7800,100
37698542392515,10:28:18.542,40.7800,76
37729427731148,10:28:49.427,40.7000,24
37729428365947,10:28:49.428,40.7900,104
37729428374246,10:28:49.428,40.7900,50
37729428486578,10:28:49.428,40.7900,37
37729428579161,10:28:49.428,40.7900,9
37729429195693,10:28:49.429,40.7900,20
39625003333674,11:00:25.003,40.9100,100
39990773129440,11:06:30.773,40.9200,65
39990773140097,11:06:30.773,40.9200,13
39990773142591,11:06:30.773,40.9200,22
40259666470668,11:10:59.666,41.0400,200
40259666494917,11:10:59.666,41.0400,500
40259666531875,11:10:59.666,41.0300,50
40259666541676,11:10:59.666,41.0300,45
40259666546106,11:10:59.666,41.0300,5
40259667002204,11:10:59.667,41.0100,51
40259667013471,11:10:59.667,41.0100,62
40259667018004,11:10:59.667,41.0100,41
40259667021404,11:10:59.667,41.0100,22
40259667044617,11:10:59.667,41.0100,24
40259667044617,11:10:59.667,41.0100,76
40270785093755,11:11:10.785,40.9900,100
40270785093755,11:11:10.785,40.9900,100
40524899113257,11:15:24.899,40.9100,100
40524899189678,11:15:24.899,40.9100,76
40524899214559,11:15:24.899,40.9100,24
40524899214559,11:15:24.899,40.9100,76
40524899480161,11:15:24.899,40.9100,100
40524899571520,11:15:24.899,40.9100,24
41645208772709,11:34:05.208,40.9800,100
41645208772709,11:34:05.208,40.9800,100
42851676506724,11:54:11.676,41.0000,100
42851706920734,11:54:11.706,40.9900,100
43320942384292,12:02:00.942,40.9000,100
43320942384292,12:02:00.942,40.9000,200
43379041316985,12:02:59.041,40.9500,100
43379041316985,12:02:59.041,40.9500,179
43644544573848,12:07:24.544,41.0100,100
43782855302112,12:09:42.855,40.9600,100
43782875762427,12:09:42.875,40.9500,100
44274545583480,12:17:54.545,40.9000,100
45040513182868,12:30:40.513,40.9100,100
45395518318382,12:36:35.518,40.8000,100
45395518565902,12:36:35.518,40.8100,100
45395518573082,12:36:35.518,40.8200,16
45395518580129,12:36:35.518,40.8200,84
45395518583301,12:36:35.518,40.8300,84
45395518585942,12:36:35.518,40.8300,16
45395518585942,12:36:35.518,40.8400,84
45395518591825,12:36:35.518,40.8400,16
46152025905912,12:49:12.025,40.9400,100
46152026191574,12:49:12.026,40.9300,2
46152026217006,12:49:12.026,40.9300,98
46152026217006,12:49:12.026,40.9300,100
46152026217006,12:49:12.026,40.9300,100
46152030297223,12:49:12.030,40.9000,100
46543373771028,12:55:43.373,40.8300,100
46543373896417,12:55:43.373,40.8300,100
46903380158947,13:01:43.380,40.9300,100
48790056035081,13:33:10.056,40.9400,100
49053845265451,13:37:33.845,40.9400,4
49127621675982,13:38:47.621,40.8900,100
49127621817097,13:38:47.621,40.8900,100
49127621917041,13:38:47.621,40.8900,100
49127622265416,13:38:47.622,40.9000,1
49127622265416,13:38:47.622,40.9000,100
49742252593500,13:49:02.252,40.8900,93
49742252643543,13:49:02.252,40.8900,7
50151072942109,13:55:51.072,40.9900,100
50275520630566,13:57:55.520,41.0000,100
50301913579724,13:58:21.913,41.0800,100
50410050825204,14:00:10.050,41.1400,2
50446621047648,14:00:46.621,41.1600,91
50446621156755,14:00:46.621,41.1600,100
50446621223635,14:00:46.621,41.1600,100
50446621278955,14:00:46.621,41.1600,50
50446621384738,14:00:46.621,41.1600,159
50448598553328,14:00:48.598,41.1600,100
50645708211142,14:04:05.708,41.1900,98
50707449691249,14:05:07.449,41.2400,100
51166699720539,14:12:46.699,41.3500,100
51166699831056,14:12:46.699,41.3500,100
51217235205074,14:13:37.235,41.2800,100
51278855826214,14:14:38.855,41.2400,100
51278855826214,14:14:38.855,41.2400,100
51291008660180,14:14:51.008,41.2300,100
51864470089267,14:24:24.470,41.3800,100
52038536964265,14:27:18.536,41.2000,160
52084897234459,14:28:04.897,41.2000,100
52967977631900,14:42:47.977,41.2400,100
53259549686811,14:47:39.549,41.2800,100
53259549708766,14:47:39.549,41.2800,3
53259549708766,14:47:39.549,41.2700,97
53259549720476,14:47:39.549,41.2700,3
53280182437658,14:48:00.182,41.2600,100
53566381810028,14:52:46.381,41.1400,100
53566381810028,14:52:46.381,41.1600,100
53566389328728,14:52:46.389,41.1150,9
53578961659195,14:52:58.961,41.1500,6
53578961659195,14:52:58.961,41.1500,100
53578961659195,14:52:58.961,41.1700,94
53578961686081,14:52:58.961,41.1700,6
53578961686081,14:52:58.961,41.1700,100
53578961697481,14:52:58.961,41.1700,106
53578961746135,14:52:58.961,41.1700,94
53578962325428,14:52:58.962,41.2100,43
53578962332097,14:52:58.962,41.2100,36
53578962340382,14:52:58.962,41.2100,21
53602179317340,14:53:22.179,41.2900,100
53602179437761,14:53:22.179,41.2900,100
53605735710602,14:53:25.735,41.2900,100
53728417411659,14:55:28.417,41.2600,80
53728417412471,14:55:28.417,41.2600,18
53728417414661,14:55:28.417,41.2600,50
53728417424750,14:55:28.417,41.2600,50
53728417551179,14:55:28.417,41.2600,2
53806216547326,14:56:46.216,41.2400,100
53806216547326,14:56:46.216,41.2400,100
54277053144069,15:04:37.053,41.1400,6
54277053144069,15:04:37.053,41.1400,94
54554440450289,15:09:14.440,41.0800,59
54554545314894,15:09:14.545,41.0800,41
54916439415882,15:15:16.439,41.0400,100
55796598514991,15:29:56.598,40.8800,100
55969032630518,15:32:49.032,40.8500,100
56017718023915,15:33:37.718,40.9200,100
56017718023915,15:33:37.718,40.9200,100
56333595787530,15:38:53.595,40.7200,100
56339009955216,15:38:59.009,40.7300,75
56339010010940,15:38:59.010,40.7300,25
56414460563769,15:40:14.460,40.7600,57
56419492652611,15:40:19.492,40.7800,100
56569596414041,15:42:49.596,40.7100,100
56595090313677,15:43:15.090,40.6600,100
56595090819077,15:43:15.090,40.6700,76
56595091325909,15:43:15.091,40.6700,22
56595091351833,15:43:15.091,40.6700,2
56599171970423,15:43:19.171,40.7000,100
56599171970423,15:43:19.171,40.7000,100
56604461873906,15:43:24.461,40.7400,100
56604476337096,15:43:24.476,40.7500,5
56604476363541,15:43:24.476,40.7500,95
56609594619551,15:43:29.594,40.7700,100
56609595475825,15:43:29.595,40.7500,100
56754141244306,15:45:54.141,40.7000,100
56784596746361,15:46:24.596,40.6900,60
56788070587815,15:46:28.070,40.7200,100
56792596128198,15:46:32.596,40.7000,90
56792596137588,15:46:32.596,40.7000,10
56804202516167,15:46:44.202,40.7300,100
56807598289047,15:46:47.598,40.7300,100
56921596909430,15:48:41.596,40.6500,30
56924598581631,15:48:44.598,40.6400,30
56930596913918,15:48:50.596,40.6300,30
57037003570336,15:50:37.003,40.5900,100
57037003644463,15:50:37.003,40.6000,100
57037004271100,15:50:37.004,40.6100,54
57037004276442,15:50:37.004,40.6100,46
57037004276442,15:50:37.004,40.6100,100
57147596575303,15:52:27.596,40.5600,30
57147598079068,15:52:27.598,40.5600,100
57147598079068,15:52:27.598,40.5600,100
57147901073589,15:52:27.901,40.6000,100
57242597210132,15:54:02.597,40.5800,100
57242597210132,15:54:02.597,40.5800,21
57242597216943,15:54:02.597,40.5800,79
57242597386934,15:54:02.597,40.5800,100
57266598920414,15:54:26.598,40.5200,75
57304641808124,15:55:04.641,40.5500,100
57485312541756,15:58:05.312,40.5600,35
57546918763377,15:59:06.918,40.5800,100
57564919331965,15:59:24.919,40.6800,100
57590700626904,15:59:50.700,40.7700,25
57595257394207,15:59:55.257,40.7700,38
57600530226900,16:00:00.530,0.0000,0
