timestamp,time,price,volume
34200920018580,09:30:00.920,0.0000,0
34395803207269,09:33:15.803,17.9900,100
34395807155050,09:33:15.807,18.0100,100
34744481102404,09:39:04.481,18.0000,4
34916617080162,09:41:56.617,17.8600,4
35013432360146,09:43:33.432,17.9200,100
35013518812469,09:43:33.518,18.0100,50
35013532755816,09:43:33.532,18.0200,100
35565224629941,09:52:45.224,17.8000,40
35644284148369,09:54:04.284,17.6100,30
35647744579098,09:54:07.744,17.5100,2
35647744579098,09:54:07.744,17.5000,98
35753379986545,09:55:53.379,17.6000,70
35753379986545,09:55:53.379,17.6100,100
35753379986545,09:55:53.379,17.6100,100
35753379986545,09:55:53.379,17.6200,100
36440271231652,10:07:20.271,17.6200,100
36440282923867,10:07:20.282,17.6200,100
36440282923867,10:07:20.282,17.6300,200
37283255939647,10:21:23.255,17.6600,1
37283255939647,10:21:23.255,17.6600,100
37283271429798,10:21:23.271,17.6700,100
37283271429798,10:21:23.271,17.6700,100
37860007076000,10:31:00.007,17.8200,100
37860007076000,10:31:00.007,17.8200,100
38088998032252,10:34:48.998,17.8800,116
38088998109468,10:34:48.998,17.8800,84
38088998489306,10:34:48.998,17.8500,100
38882032927659,10:48:02.032,17.7900,6
38882032927659,10:48:02.032,17.7900,94
38882032953470,10:48:02.032,17.7900,6
38894422991062,10:48:14.422,17.7700,10
39035694934251,10:50:35.694,17.7900,100
39739758191062,11:02:19.758,17.7800,100
39739775110154,11:02:19.775,17.7900,100
39759878546684,11:02:39.878,17.8200,3
39759878571402,11:02:39.878,17.8200,25
39759878593502,11:02:39.878,17.8200,100
39759878823652,11:02:39.878,17.8200,72
39760472430785,11:02:40.472,17.7800,100
39760472430785,11:02:40.472,17.7800,100
39781103116527,11:03:01.103,17.8000,100
40223869436491,11:10:23.869,17.8500,2
41168225774459,11:26:08.225,17.8600,100
41533824629846,11:32:13.824,17.8400,28
41533824629846,11:32:13.824,17.8400,72
41607143133180,11:33:27.143,17.8800,100
41607143154636,11:33:27.143,17.8800,22
42821399832247,11:53:41.399,17.8600,100
43491378583898,12:04:51.378,17.8600,1
43491379436955,12:04:51.379,17.8600,1
43491379436955,12:04:51.379,17.8600,2
45575497466694,12:39:35.497,17.8300,4
45575497502951,12:39:35.497,17.8300,3
45575500051747,12:39:35.500,17.8300,177
45575500051747,12:39:35.500,17.8300,23
45586621633107,12:39:46.621,17.8300,77
45589520807519,12:39:49.520,17.8100,2
46208456540735,12:50:08.456,17.7800,10
46208456540735,12:50:08.456,17.7800,52
46208457986942,12:50:08.457,17.7800,48
47391833409664,13:09:51.833,17.7500,4
47404307635566,13:10:04.307,17.7500,8
47445996999521,13:10:45.996,17.7500,200
47460906854526,13:11:00.906,17.7200,100
47704273329742,13:15:04.273,17.7200,40
47704273329742,13:15:04.273,17.7200,4
47704273333693,13:15:04.273,17.7200,36
47704273648428,13:15:04.273,17.7200,21
47706450223997,13:15:06.450,17.7000,1
47706450344931,13:15:06.450,17.7000,11
48162943370694,13:22:42.943,17.6700,26
48162943403063,13:22:42.943,17.6700,12
48162943407285,13:22:42.943,17.6700,48
48162943494855,13:22:42.943,17.6700,14
49221530766983,13:40:21.530,17.6800,2
49221530766983,13:40:21.530,17.6800,100
49679422537354,13:47:59.422,17.6700,1
49679422588378,13:47:59.422,17.6700,1
49844677539708,13:50:44.677,17.6000,4
50652625634591,14:04:12.625,17.7600,20
50711293631774,14:05:11.293,17.7800,1
50711293631774,14:05:11.293,17.7800,198
51161986093436,14:12:41.986,17.7900,64
51305308431056,14:15:05.308,17.8100,100
51955752634461,14:25:55.752,17.8200,1
51955753244496,14:25:55.753,17.8100,2
51955754041909,14:25:55.754,17.8000,50
51955755857406,14:25:55.755,17.8100,38
51956635776498,14:25:56.635,17.8000,52
52540658752669,14:35:40.658,17.8200,50
52540658768082,14:35:40.658,17.8200,50
52639640356942,14:37:19.640,17.8100,100
52639640356942,14:37:19.640,17.8100,2
52939619838204,14:42:19.619,17.8200,100
53384393600019,14:49:44.393,17.8500,1
53384393626933,14:49:44.393,17.8500,43
53384393655386,14:49:44.393,17.8500,44
53384394062664,14:49:44.394,17.8500,12
53384394062664,14:49:44.394,17.8500,100
53395595566768,14:49:55.595,17.8200,12
53500504016441,14:51:40.504,17.7900,1
53500504044267,14:51:40.504,17.7900,1
53541187624731,14:52:21.187,17.8200,100
53541188185782,14:52:21.188,17.8200,100
53554948698336,14:52:34.948,17.8300,50
53819874529379,14:56:59.874,17.9000,100
53859482358663,14:57:39.482,17.8700,100
54256915809882,15:04:16.915,17.8600,100
54636896723157,15:10:36.896,17.8100,2
54960485075023,15:16:00.485,17.8200,50
54989782027628,15:16:29.782,17.8200,50
55342526278960,15:22:22.526,17.8400,26
55342526385152,15:22:22.526,17.8400,11
55342526457112,15:22:22.526,17.8400,50
55342526735362,15:22:22.526,17.8400,13
55342528181291,15:22:22.528,17.8400,100
55683069036287,15:28:03.069,17.8500,50
56077896983320,15:34:37.896,17.8100,2
56077896983320,15:34:37.896,17.8100,48
56123083225631,15:35:23.083,17.8300,50
56123334009085,15:35:23.334,17.8300,50
56199086681004,15:36:39.086,17.8400,91
56199086681004,15:36:39.086,17.8400,9
56737230013326,15:45:37.230,17.8100,98
56737231025289,15:45:37.231,17.8100,49
56737231025289,15:45:37.231,17.8100,50
56811040671164,15:46:51.040,17.8300,50
56824130435716,15:47:04.130,17.8200,72
56825508195101,15:47:05.508,17.8200,228
56860038462448,15:47:40.038,17.8100,2
56860038462448,15:47:40.038,17.8100,198
56984056521934,15:49:44.056,17.8100,3
57041543178257,15:50:41.543,17.8000,100
57048737753844,15:50:48.737,17.8000,100
57049189195551,15:50:49.189,17.8000,23
57304125483173,15:55:04.125,17.7800,100
57304640189321,15:55:04.640,17.7800,75
57304640189321,15:55:04.640,17.7800,79
57427348500331,15:57:07.348,17.8300,10
57507240350925,15:58:27.240,17.8300,21
57519902545761,15:58:39.902,17.8300,50
57557645901575,15:59:17.645,17.8500,43
57600466678050,16:00:00.466,0.0000,0
