timestamp,time,price,volume
22232798298587,06:10:32.798,46.4200,50
22238583416657,06:10:38.583,46.4200,200
22238583502182,06:10:38.583,46.4200,50
22238583502182,06:10:38.583,46.3900,50
22239532969714,06:10:39.532,46.3900,150
22239558786229,06:10:39.558,46.3900,30
22555964809393,06:15:55.964,46.2600,1
23476687805957,06:31:16.687,46.2800,10
23492615961188,06:31:32.615,46.2800,10
23709333547194,06:35:09.333,46.2800,20
25545624072381,07:05:45.624,46.4800,342
25545624072381,07:05:45.624,46.4900,1481
25545624072381,07:05:45.624,46.5000,300
25545624072381,07:05:45.624,46.5000,377
25679053474791,07:07:59.053,46.4900,60
25679053474791,07:07:59.053,46.5000,300
25679053474791,07:07:59.053,46.5000,23
25737270343189,07:08:57.270,46.5000,100
25798728469575,07:09:58.728,46.5000,100
25798728475691,07:09:58.728,46.5000,5
25840758937150,07:10:40.758,46.5000,200
25869761735604,07:11:09.761,46.5000,200
25869761735604,07:11:09.761,46.5000,200
25869762881972,07:11:09.762,46.5000,200
25869762881972,07:11:09.762,46.5000,690
26237442187581,07:17:17.442,46.5000,147
26280866405934,07:18:00.866,46.5100,100
26494325351920,07:21:34.325,46.5700,50
26502105667918,07:21:42.105,46.5000,53
26502105667918,07:21:42.105,46.5000,200
26502105667918,07:21:42.105,46.5000,22
26824235615343,07:27:04.235,46.5000,100
27044023887324,07:30:44.023,46.5700,100
27136198693428,07:32:16.198,46.5700,200
27136367015571,07:32:16.367,46.5700,200
27137858025422,07:32:17.858,46.5700,200
28395469451249,07:53:15.469,46.5500,378
28791824058435,07:59:51.824,46.5000,30
29851721008478,08:17:31.721,46.4800,1
29986598863251,08:19:46.598,46.4800,99
30487049757183,08:28:07.049,46.5300,100
30487050699508,08:28:07.050,46.5300,100
30494523868693,08:28:14.523,46.5300,60
30501777123600,08:28:21.777,46.5300,40
30501780859085,08:28:21.780,46.5400,170
30937575558913,08:35:37.575,46.5800,300
30937576177374,08:35:37.576,46.5800,1400
30949948907365,08:35:49.948,46.6500,378
31653750473898,08:47:33.750,46.6400,200
31672381954771,08:47:52.381,46.6400,200
32345469984479,08:59:05.469,46.6300,136
32513391804704,09:01:53.391,46.6300,5
32513764501119,09:01:53.764,46.7300,2
32526135399155,09:02:06.135,46.7300,1
32663051339749,09:04:23.051,46.6300,5
32775677636777,09:06:15.677,46.6300,354
32777156367079,09:06:17.156,46.6000,435
32892179648506,09:08:12.179,46.6000,65
33029404051759,09:10:29.404,46.5700,100
33370360404879,09:16:10.360,46.6200,175
33529818184727,09:18:49.818,46.6200,500
33562055597145,09:19:22.055,46.6200,68
33664876189042,09:21:04.876,46.6200,257
33993137269394,09:26:33.137,46.6400,1
34034676977463,09:27:14.676,46.6400,17
34080185697312,09:28:00.185,46.6500,1300
34094628896889,09:28:14.628,46.6600,100
34094628896889,09:28:14.628,46.6500,100
34094628896889,09:28:14.628,46.6500,200
34165324893220,09:29:25.324,46.6600,100
34165324893220,09:29:25.324,46.6500,100
34165325882292,09:29:25.325,46.6500,97
34165325882292,09:29:25.325,46.6500,3
34195410030411,09:29:55.410,46.6600,100
34195410030411,09:29:55.410,46.6600,751
34197245735069,09:29:57.245,46.6600,1
34199475620212,09:29:59.475,46.7100,213
34199902042558,09:29:59.902,46.7200,17
34199902042558,09:29:59.902,46.7200,403
34199966713085,09:29:59.966,46.7300,180
34199966713085,09:29:59.966,46.7000,600
34200202722815,09:30:00.202,46.6800,620
34200258372206,09:30:00.258,46.6800,100
34200258372206,09:30:00.258,46.6900,100
34200568580008,09:30:00.568,46.6900,353481
34200595036277,09:30:00.595,46.6900,100
34200595036277,09:30:00.595,46.6900,200
34200623554513,09:30:00.623,46.6900,83
34200623554513,09:30:00.623,46.7000,50
34200623554513,09:30:00.623,46.7000,91
34200662238979,09:30:00.662,46.6900,100
34200691479077,09:30:00.691,46.6800,1
34200721900364,09:30:00.721,46.6800,99
34200766635822,09:30:00.766,46.6800,1
34200766635822,09:30:00.766,46.6800,99
34200907481907,09:30:00.907,46.6500,3
34200956072621,09:30:00.956,46.6500,20
34200956072621,09:30:00.956,46.6500,100
34200956072621,09:30:00.956,46.6500,5
34200956072621,09:30:00.956,46.6500,65
34200968358787,09:30:00.968,46.6500,200
34200990257491,09:30:00.990,46.6500,303
34201098758627,09:30:01.098,46.6500,100
34201131635426,09:30:01.131,46.6500,75
34201131668271,09:30:01.131,46.6500,257
34201131856965,09:30:01.131,46.6500,143
34201131918551,09:30:01.131,46.6700,125
34201131934602,09:30:01.131,46.6500,1
34201131935252,09:30:01.131,46.6700,74
34201131938011,09:30:01.131,46.6500,56
34201131938011,09:30:01.131,46.6500,287
34201131939021,09:30:01.131,46.6700,126
34201131939471,09:30:01.131,46.6500,10
34201131996179,09:30:01.131,46.6700,20
34201132312956,09:30:01.132,46.6600,21
34201132331029,09:30:01.132,46.6600,250
34201132353620,09:30:01.132,46.6600,729
34201139847027,09:30:01.139,46.6400,50
34201194346848,09:30:01.194,46.6400,236
34201194375460,09:30:01.194,46.6400,248
34201194404207,09:30:01.194,46.6400,1416
34201194404207,09:30:01.194,46.6400,1000
34201199103532,09:30:01.199,46.6500,1000
34201199103532,09:30:01.199,46.6500,100
34201238213175,09:30:01.238,46.6400,1000
34201238213175,09:30:01.238,46.6400,1700
34201238213175,09:30:01.238,46.6400,100
34201255406879,09:30:01.255,46.6400,42
34201297853015,09:30:01.297,46.6500,100
34201332577794,09:30:01.332,46.6500,20
34201390467230,09:30:01.390,46.6600,600
34201558883557,09:30:01.558,46.6900,15
34201558954027,09:30:01.558,46.6700,1200
34201558954027,09:30:01.558,46.6700,300
34201558981045,09:30:01.558,46.6700,700
34201558981045,09:30:01.558,46.6700,564
34201565559960,09:30:01.565,46.6700,62
34201649388641,09:30:01.649,46.6700,700
34201649388641,09:30:01.649,46.6700,1000
34201649388641,09:30:01.649,46.6700,100
34201709341647,09:30:01.709,46.6600,600
34201831540199,09:30:01.831,46.6400,100
34201832020693,09:30:01.832,46.6400,1000
34201832020693,09:30:01.832,46.6400,500
34201837044546,09:30:01.837,46.6400,100
34201880152087,09:30:01.880,46.6400,38
34201892371048,09:30:01.892,46.6400,20
34201985443867,09:30:01.985,46.6200,6
34201985443867,09:30:01.985,46.6200,1
34201985443867,09:30:01.985,46.6200,93
34201985527428,09:30:01.985,46.6200,7
34202014914632,09:30:02.014,46.6200,200
34202014914632,09:30:02.014,46.6200,800
34202014919457,09:30:02.014,46.6100,100
34202015042203,09:30:02.015,46.6100,200
34202015212319,09:30:02.015,46.6100,700
34202015734214,09:30:02.015,46.6100,15
34202015734214,09:30:02.015,46.6100,61
34202016252225,09:30:02.016,46.6200,130
34202016366319,09:30:02.016,46.6200,6
34202020402747,09:30:02.020,46.6400,100
34202032541261,09:30:02.032,46.6400,100
34202059423641,09:30:02.059,46.6400,370
34202059423641,09:30:02.059,46.6400,30
34202264018173,09:30:02.264,46.6500,1
34202818007656,09:30:02.818,46.6700,100
34202904958606,09:30:02.904,46.6700,11
34203942820068,09:30:03.942,46.6700,13
34203942820068,09:30:03.942,46.6400,100
34203946409550,09:30:03.946,46.6500,100
34203946446656,09:30:03.946,46.6500,100
34203946446656,09:30:03.946,46.6500,100
34203946446656,09:30:03.946,46.6500,100
34203961086804,09:30:03.961,46.6500,100
34203982456902,09:30:03.982,46.6200,194
34203982456902,09:30:03.982,46.6200,100
34203982867495,09:30:03.982,46.6200,200
34203983511955,09:30:03.983,46.6300,200
34204035550741,09:30:04.035,46.6000,100
34204035550741,09:30:04.035,46.6000,30
34204035550741,09:30:04.035,46.6000,7163
34204035578178,09:30:04.035,46.6000,2837
34204071320886,09:30:04.071,46.5800,100
34204102375646,09:30:04.102,46.5800,200
34204104111901,09:30:04.104,46.5800,300
34204122898943,09:30:04.122,46.5800,200
34204125298139,09:30:04.125,46.5800,50
34204177542164,09:30:04.177,46.5800,200
34204177542164,09:30:04.177,46.5800,200
34204177569406,09:30:04.177,46.5800,100
34204178096282,09:30:04.178,46.5800,300
34204178096282,09:30:04.178,46.5800,100
34204178096282,09:30:04.178,46.5800,450
34204178096282,09:30:04.178,46.5800,100
34204178096282,09:30:04.178,46.5800,100
34204178096282,09:30:04.178,46.5700,1
34204178980007,09:30:04.178,46.5800,10
34204243389522,09:30:04.243,46.5800,100
34204281422443,09:30:04.281,46.6300,100
34206886745125,09:30:06.886,46.5900,100
34206886745125,09:30:06.886,46.5800,200
34207837949591,09:30:07.837,46.6100,100
34207837949591,09:30:07.837,46.6100,100
34207838090000,09:30:07.838,46.6100,100
34207838180860,09:30:07.838,46.6000,100
34207838180860,09:30:07.838,46.6000,100
34207838180860,09:30:07.838,46.6000,100
34207838190798,09:30:07.838,46.6100,100
34207838220629,09:30:07.838,46.6100,100
34208919622189,09:30:08.919,46.6300,100
34209023096699,09:30:09.023,46.6200,100
34209023096699,09:30:09.023,46.6200,229
34209023193038,09:30:09.023,46.6200,471
34209024625790,09:30:09.024,46.6200,100
34209030034043,09:30:09.030,46.6200,100
34209030034043,09:30:09.030,46.6200,300
34209030036456,09:30:09.030,46.6300,100
34209030036456,09:30:09.030,46.6300,100
34211523303456,09:30:11.523,46.6200,30
34211523303456,09:30:11.523,46.6200,10
34211523303456,09:30:11.523,46.6200,10
34211523303456,09:30:11.523,46.6200,10
34211523303456,09:30:11.523,46.6200,10
34211523303456,09:30:11.523,46.6100,100
34211523303456,09:30:11.523,46.6100,600
34211558128373,09:30:11.558,46.5600,200
34211558128373,09:30:11.558,46.5600,20
34211558128373,09:30:11.558,46.5600,10
34211558184318,09:30:11.558,46.5600,20
34211566989758,09:30:11.566,46.5500,440
34211566989758,09:30:11.566,46.5500,43
34211566989758,09:30:11.566,46.5500,12
34211566989758,09:30:11.566,46.5500,10
34211566989758,09:30:11.566,46.5500,1000
34211566989758,09:30:11.566,46.5500,6995
34211567040841,09:30:11.567,46.5500,100
34211580033866,09:30:11.580,46.5900,100
34211580033866,09:30:11.580,46.6000,30
34211580064235,09:30:11.580,46.6000,70
34211580064235,09:30:11.580,46.6000,100
34211619216170,09:30:11.619,46.5500,100
34211619611657,09:30:11.619,46.5500,2805
34211619611657,09:30:11.619,46.5500,5
34211619611657,09:30:11.619,46.5500,2
34211619611657,09:30:11.619,46.5500,5
34211619611657,09:30:11.619,46.5500,200
34211619611657,09:30:11.619,46.5500,51
34211619611657,09:30:11.619,46.5500,1000
34211619611657,09:30:11.619,46.5500,600
34211619611657,09:30:11.619,46.5500,3000
34211619611657,09:30:11.619,46.5500,42
34211619611657,09:30:11.619,46.5500,344
34211619611657,09:30:11.619,46.5500,100
34211619684216,09:30:11.619,46.5500,1000
34211619717815,09:30:11.619,46.5700,100
34211621213402,09:30:11.621,46.5600,100
34211621213402,09:30:11.621,46.5600,200
34211621213402,09:30:11.621,46.5600,100
34211621922556,09:30:11.621,46.5700,100
34211621922556,09:30:11.621,46.5700,100
34211621922556,09:30:11.621,46.5700,100
34211621922556,09:30:11.621,46.5700,100
34211621992885,09:30:11.621,46.5700,100
34211625646960,09:30:11.625,46.5700,100
34211625646960,09:30:11.625,46.5700,10
34211625646960,09:30:11.625,46.5700,10
34211625646960,09:30:11.625,46.5700,80
34211662132562,09:30:11.662,46.5700,100
34211662184921,09:30:11.662,46.5700,20
34211722386927,09:30:11.722,46.5700,100
34211722386927,09:30:11.722,46.5700,100
34211770865061,09:30:11.770,46.5800,100
34211770865061,09:30:11.770,46.6000,100
34211770865061,09:30:11.770,46.6000,100
34211771052794,09:30:11.771,46.5900,100
34211772093430,09:30:11.772,46.5800,300
34211772093430,09:30:11.772,46.5800,100
34211772093430,09:30:11.772,46.5800,200
34211772189347,09:30:11.772,46.5800,100
34211772189347,09:30:11.772,46.5800,100
34211773705273,09:30:11.773,46.5800,100
34211773705273,09:30:11.773,46.5800,100
34211773705273,09:30:11.773,46.5800,200
34211776891531,09:30:11.776,46.5800,100
34211776891531,09:30:11.776,46.5800,100
34211776891531,09:30:11.776,46.5900,100
34211776891531,09:30:11.776,46.5900,100
34211776891531,09:30:11.776,46.6200,100
34211776891531,09:30:11.776,46.6200,100
34211787844111,09:30:11.787,46.6100,100
34211787844111,09:30:11.787,46.6100,100
34211788905246,09:30:11.788,46.6100,100
34211813469778,09:30:11.813,46.5900,100
34215788322352,09:30:15.788,46.6000,200
34215788367316,09:30:15.788,46.6000,68
34215788367316,09:30:15.788,46.6000,100
34215788367316,09:30:15.788,46.6000,1
34215788773442,09:30:15.788,46.6100,200
34215788773442,09:30:15.788,46.6100,100
34215788924081,09:30:15.788,46.6100,100
34215788924081,09:30:15.788,46.6100,100
34215788924081,09:30:15.788,46.6100,100
34215788924081,09:30:15.788,46.6100,100
34215788924081,09:30:15.788,46.6100,10
34215880567898,09:30:15.880,46.5700,100
34216196736109,09:30:16.196,46.5700,700
34217198803926,09:30:17.198,46.5700,100
34217198828575,09:30:17.198,46.5700,200
34219125381052,09:30:19.125,46.5700,100
34219125752473,09:30:19.125,46.5800,100
34220271121921,09:30:20.271,46.6000,200
34220271489873,09:30:20.271,46.5900,200
34220272083859,09:30:20.272,46.5800,100
34220272753846,09:30:20.272,46.5700,100
34220275218078,09:30:20.275,46.5600,100
34220281639610,09:30:20.281,46.5600,100
34220282344658,09:30:20.282,46.5500,100
34220319499123,09:30:20.319,46.5400,5
34220319499123,09:30:20.319,46.5400,70
34220319499123,09:30:20.319,46.5400,11
34220319499123,09:30:20.319,46.5400,6
34220319499123,09:30:20.319,46.5400,108
34221225757801,09:30:21.225,46.5500,100
34221225757801,09:30:21.225,46.5500,100
34221225757801,09:30:21.225,46.5500,158
34221225784792,09:30:21.225,46.5500,342
34221225784792,09:30:21.225,46.5500,100
34221225832208,09:30:21.225,46.5500,31
34221235486313,09:30:21.235,46.5400,3
34221235486313,09:30:21.235,46.5400,20
34221235486313,09:30:21.235,46.5400,8
34221235486313,09:30:21.235,46.5300,2
34221235486313,09:30:21.235,46.5300,3
34221235486313,09:30:21.235,46.5300,2
34221235486313,09:30:21.235,46.5300,62
34221235557592,09:30:21.235,46.5300,38
34221236774098,09:30:21.236,46.5200,100
34221236897118,09:30:21.236,46.5200,100
34221237373757,09:30:21.237,46.5200,100
34221237440326,09:30:21.237,46.5200,100
34221269431297,09:30:21.269,46.5200,100
34221269431297,09:30:21.269,46.5200,100
34221269505465,09:30:21.269,46.5100,5
34221272820389,09:30:21.272,46.5000,50
34221272820389,09:30:21.272,46.5000,400
34221272820389,09:30:21.272,46.5000,2
34221272820389,09:30:21.272,46.5000,96
34221272820389,09:30:21.272,46.5000,20
34221272820389,09:30:21.272,46.5000,10
34221272820389,09:30:21.272,46.5000,1
34221272820389,09:30:21.272,46.5000,100
34221272820389,09:30:21.272,46.5000,100
34221272820389,09:30:21.272,46.5000,30
34221272820389,09:30:21.272,46.5000,1
34221272820389,09:30:21.272,46.5000,60
34221272820389,09:30:21.272,46.5000,50
34221272820389,09:30:21.272,46.5000,10
34221272820389,09:30:21.272,46.5000,50
34221272820389,09:30:21.272,46.5000,2
34221272820389,09:30:21.272,46.5000,100
34221272820389,09:30:21.272,46.5000,1500
34221272820389,09:30:21.272,46.5000,3
34221272820389,09:30:21.272,46.5000,15
34221272820389,09:30:21.272,46.5000,100
34221307244884,09:30:21.307,46.5000,300
34221316595903,09:30:21.316,46.5000,100
34221376751209,09:30:21.376,46.5100,100
34221376751209,09:30:21.376,46.5100,100
34221376751209,09:30:21.376,46.5100,100
34221376751209,09:30:21.376,46.5200,100
34221376751209,09:30:21.376,46.5400,100
34221376751209,09:30:21.376,46.5500,100
34221403899712,09:30:21.403,46.5500,100
34221411225737,09:30:21.411,46.5500,100
34222006225863,09:30:22.006,46.5000,7
34222006225863,09:30:22.006,46.5000,100
34222006225863,09:30:22.006,46.5000,30
34222006225863,09:30:22.006,46.5000,563
34222018462027,09:30:22.018,46.5000,37
34222026281646,09:30:22.026,46.4900,100
34222026281646,09:30:22.026,46.4900,100
34222027510899,09:30:22.027,46.5000,100
34222028093113,09:30:22.028,46.5000,100
34222039298647,09:30:22.039,46.4800,500
34222039298647,09:30:22.039,46.4800,1000
34222039938807,09:30:22.039,46.4800,100
34222045874755,09:30:22.045,46.4800,100
34222050662416,09:30:22.050,46.4700,100
34222050662416,09:30:22.050,46.4700,1000
34222050726353,09:30:22.050,46.4600,300
34222051550022,09:30:22.051,46.4600,100
34222051562582,09:30:22.051,46.4600,1000
34222051574383,09:30:22.051,46.4600,100
34222052022153,09:30:22.052,46.4600,100
34222059835504,09:30:22.059,46.4600,200
34222060543822,09:30:22.060,46.4500,100
34222060543822,09:30:22.060,46.4500,100
34222060543822,09:30:22.060,46.4500,6
34222060543822,09:30:22.060,46.4500,700
34222060543822,09:30:22.060,46.4500,500
34222060543822,09:30:22.060,46.4500,100
34222060699201,09:30:22.060,46.4500,100
34222060699201,09:30:22.060,46.4600,100
34222060739466,09:30:22.060,46.4500,500
34222068492699,09:30:22.068,46.4600,76
34222073383129,09:30:22.073,46.4500,500
34222073383129,09:30:22.073,46.4500,100
34222073383129,09:30:22.073,46.4500,100
34222073383129,09:30:22.073,46.4500,416
34222101423499,09:30:22.101,46.4500,400
34222114807587,09:30:22.114,46.4600,100
34222114807587,09:30:22.114,46.4600,100
34222114807587,09:30:22.114,46.4600,100
34222114807587,09:30:22.114,46.4600,100
34222128896208,09:30:22.128,46.4600,100
34222272565744,09:30:22.272,46.4600,100
34222272565744,09:30:22.272,46.4600,100
34222273349286,09:30:22.273,46.4500,100
34222273349286,09:30:22.273,46.4500,100
34222551570050,09:30:22.551,46.4600,24
34222602598657,09:30:22.602,46.4900,100
34222607386491,09:30:22.607,46.5300,100
34223057704568,09:30:23.057,46.5500,100
34223591958786,09:30:23.591,46.5500,100
34225165762619,09:30:25.165,46.5500,100
34225165762619,09:30:25.165,46.5500,100
34225165762619,09:30:25.165,46.5500,100
34225310139664,09:30:25.310,46.5500,100
34226402177606,09:30:26.402,46.5300,1500
34226402208751,09:30:26.402,46.5300,1109
34226402503607,09:30:26.402,46.5400,10
34226402529521,09:30:26.402,46.5400,90
34226402529521,09:30:26.402,46.5400,100
34226550328408,09:30:26.550,46.5200,100
34226550328408,09:30:26.550,46.5200,100
34226621183825,09:30:26.621,46.5300,100
34226765926965,09:30:26.765,46.5400,100
34226768264536,09:30:26.768,46.5400,300
34226775918604,09:30:26.775,46.5100,100
34226777984952,09:30:26.777,46.5500,100
34226777984952,09:30:26.777,46.5500,100
34226777984952,09:30:26.777,46.5600,100
34226777984952,09:30:26.777,46.5700,100
34226777984952,09:30:26.777,46.5800,100
34226874330788,09:30:26.874,46.5500,1
34226874357913,09:30:26.874,46.5500,119
34226874357913,09:30:26.874,46.5500,100
34227164758491,09:30:27.164,46.5400,8
34228153485350,09:30:28.153,46.5400,100
34230006536039,09:30:30.006,46.5600,800
34230006573252,09:30:30.006,46.5600,100
34230015242620,09:30:30.015,46.5400,200
34230020201241,09:30:30.020,46.5400,100
34231017229805,09:30:31.017,46.5400,300
34231017757680,09:30:31.017,46.5500,100
34231017757680,09:30:31.017,46.5500,100
34231017757680,09:30:31.017,46.5500,100
34231026789434,09:30:31.026,46.5500,100
34233774763250,09:30:33.774,46.5500,100
34233776401886,09:30:33.776,46.5400,100
34233776401886,09:30:33.776,46.5400,100
34234660466371,09:30:34.660,46.5500,100
34234660466371,09:30:34.660,46.5500,1
34234821688693,09:30:34.821,46.5400,1
34235955420260,09:30:35.955,46.5400,100
34237766328154,09:30:37.766,46.5500,100
34237766328154,09:30:37.766,46.5500,1
34237766413118,09:30:37.766,46.5500,100
34237770741869,09:30:37.770,46.5600,71
34237770767364,09:30:37.770,46.5600,29
34237770767364,09:30:37.770,46.5600,100
34237770932967,09:30:37.770,46.5600,100
34237770932967,09:30:37.770,46.5600,100
34237770932967,09:30:37.770,46.5600,100
34237771331534,09:30:37.771,46.5600,100
34242982800147,09:30:42.982,46.5800,1
34242982800147,09:30:42.982,46.5800,100
34242982800147,09:30:42.982,46.5800,99
34242982829074,09:30:42.982,46.5800,1
34242988189491,09:30:42.988,46.5800,100
34242988189491,09:30:42.988,46.5800,437
34242988581983,09:30:42.988,46.5700,100
34243053920638,09:30:43.053,46.5600,100
34243150065534,09:30:43.150,46.5600,100
34243150065534,09:30:43.150,46.5600,100
34243150065534,09:30:43.150,46.5600,100
34243456797661,09:30:43.456,46.5600,100
34243456892854,09:30:43.456,46.5600,100
34243456917375,09:30:43.456,46.5600,100
34244377836353,09:30:44.377,46.5500,100
34245065957066,09:30:45.065,46.5500,577
34245075508615,09:30:45.075,46.5500,100
34245075557522,09:30:45.075,46.5500,23
34245085274235,09:30:45.085,46.5400,99
34245085274235,09:30:45.085,46.5400,100
34245193838949,09:30:45.193,46.5300,100
34245214254933,09:30:45.214,46.5300,100
34248356105756,09:30:48.356,46.5700,100
34248356105756,09:30:48.356,46.5700,100
34248356615459,09:30:48.356,46.5700,100
34248356615459,09:30:48.356,46.5600,100
34248371860842,09:30:48.371,46.5500,100
34248372423282,09:30:48.372,46.5500,100
34248372423282,09:30:48.372,46.5500,200
34250509572068,09:30:50.509,46.4700,2300
34250510412935,09:30:50.510,46.4700,100
34250510437469,09:30:50.510,46.4700,300
34250510441978,09:30:50.510,46.4700,100
34250521001590,09:30:50.521,46.4700,100
34250521001590,09:30:50.521,46.4700,73
34250521010023,09:30:50.521,46.4700,227
34250526743279,09:30:50.526,46.4700,100
34250620579215,09:30:50.620,46.4700,100
34251378749005,09:30:51.378,46.5000,100
34251388394684,09:30:51.388,46.4900,100
34251420532944,09:30:51.420,46.4800,100
34252813567843,09:30:52.813,46.4700,61
34257728445028,09:30:57.728,46.5300,100
34257728512033,09:30:57.728,46.5300,100
34261732576540,09:31:01.732,46.5400,100
34261732674990,09:31:01.732,46.5400,100
34261732725138,09:31:01.732,46.5400,100
34261732725138,09:31:01.732,46.5400,100
34261732804599,09:31:01.732,46.5400,100
34261732883642,09:31:01.732,46.5400,100
34261732960426,09:31:01.732,46.5400,100
34261733041452,09:31:01.733,46.5400,100
34261733140916,09:31:01.733,46.5400,100
34261733219307,09:31:01.733,46.5400,100
34261733244176,09:31:01.733,46.5400,100
34261733244176,09:31:01.733,46.5400,32
34261733255330,09:31:01.733,46.5400,68
34261733255330,09:31:01.733,46.5400,100
34261733255330,09:31:01.733,46.5400,200
34261733255330,09:31:01.733,46.5400,56
34261733271944,09:31:01.733,46.5400,44
34261733271944,09:31:01.733,46.5400,62
34261733308089,09:31:01.733,46.5400,100
34261822440891,09:31:01.822,46.5500,100
34262036198945,09:31:02.036,46.5500,100
34262036198945,09:31:02.036,46.5500,100
34262123739321,09:31:02.123,46.5600,1
34262123739321,09:31:02.123,46.5600,36
34262123766936,09:31:02.123,46.5600,364
34262137519341,09:31:02.137,46.5600,100
34262173817824,09:31:02.173,46.5600,100
34262173817824,09:31:02.173,46.5600,100
34264956333958,09:31:04.956,46.5400,100
34264956333958,09:31:04.956,46.5400,100
34265087716028,09:31:05.087,46.5200,400
34265087963341,09:31:05.087,46.5200,23
34265212727378,09:31:05.212,46.4900,100
34265212751076,09:31:05.212,46.4900,100
34265212770256,09:31:05.212,46.4900,45
34265213216224,09:31:05.213,46.4900,55
34265227763321,09:31:05.227,46.4900,100
34265247600080,09:31:05.247,46.4700,100
34265247600080,09:31:05.247,46.4800,100
34265247600080,09:31:05.247,46.4800,100
34265247627583,09:31:05.247,46.4800,100
34265264815231,09:31:05.264,46.4800,100
34265264815231,09:31:05.264,46.4800,200
34265265156256,09:31:05.265,46.4800,45
34265267086800,09:31:05.267,46.4800,34
34265267113165,09:31:05.267,46.4800,66
34265267113165,09:31:05.267,46.4800,100
34265278450386,09:31:05.278,46.4800,100
34265278450386,09:31:05.278,46.4800,100
34265278450386,09:31:05.278,46.4800,100
34265278785020,09:31:05.278,46.4800,34
34265278812235,09:31:05.278,46.4800,66
34265278812235,09:31:05.278,46.4800,100
34265292649946,09:31:05.292,46.4800,100
34265292649946,09:31:05.292,46.4800,245
34265306277446,09:31:05.306,46.4700,100
34265306277446,09:31:05.306,46.4700,62
34265306848409,09:31:05.306,46.4700,100
34265306912790,09:31:05.306,46.4700,28
34265306939230,09:31:05.306,46.4700,72
34265306939230,09:31:05.306,46.4700,100
34265306939230,09:31:05.306,46.4700,100
34265306939230,09:31:05.306,46.4700,100
34265308627431,09:31:05.308,46.4700,28
34265311500005,09:31:05.311,46.4700,23
34265311524598,09:31:05.311,46.4700,49
34265318540458,09:31:05.318,46.4700,100
34265325501690,09:31:05.325,46.4700,100
34265381148052,09:31:05.381,46.4800,23
34265381155080,09:31:05.381,46.4800,77
34265381155080,09:31:05.381,46.4900,100
34265381155080,09:31:05.381,46.4900,823
34265388603582,09:31:05.388,46.4900,100
34268978700811,09:31:08.978,46.5000,100
34268978700811,09:31:08.978,46.5000,100
34269200830118,09:31:09.200,46.5200,100
34269200830118,09:31:09.200,46.5200,100
34269200855947,09:31:09.200,46.5200,100
34269211878484,09:31:09.211,46.5100,100
34273022680952,09:31:13.022,46.5000,100
34273058828530,09:31:13.058,46.4900,100
34273827502508,09:31:13.827,46.4800,100
34273827502508,09:31:13.827,46.4800,100
34273827525921,09:31:13.827,46.4800,200
34273828094164,09:31:13.828,46.4800,100
34273828094164,09:31:13.828,46.4800,100
34274012943144,09:31:14.012,46.4900,100
34274089279065,09:31:14.089,46.5000,15
34276022471981,09:31:16.022,46.4900,157
34276044850869,09:31:16.044,46.4900,100
34276044850869,09:31:16.044,46.4900,100
34276045002261,09:31:16.045,46.4900,100
34276045002261,09:31:16.045,46.4900,100
34276045002261,09:31:16.045,46.4900,100
34276045704447,09:31:16.045,46.4900,100
34276045704447,09:31:16.045,46.4900,100
34276053808009,09:31:16.053,46.4900,100
34276061682597,09:31:16.061,46.4900,100
34276061682597,09:31:16.061,46.4900,100
34276070479079,09:31:16.070,46.4900,100
34276557601060,09:31:16.557,46.4900,100
34278512019214,09:31:18.512,46.5000,100
34281882946552,09:31:21.882,46.4900,100
34282979926952,09:31:22.979,46.5100,100
34282979926952,09:31:22.979,46.5100,200
34282987597388,09:31:22.987,46.5100,100
34283898977254,09:31:23.898,46.5200,100
34283898977254,09:31:23.898,46.5200,100
34287008163256,09:31:27.008,46.5250,100
34288216773143,09:31:28.216,46.5300,21
34290437154990,09:31:30.437,46.5400,100
34290437154990,09:31:30.437,46.5400,72
34290976556751,09:31:30.976,46.5500,18
34290978191914,09:31:30.978,46.5500,82
34290978191914,09:31:30.978,46.5500,100
34291406189486,09:31:31.406,46.5600,10
34291406214718,09:31:31.406,46.5600,90
34291948395580,09:31:31.948,46.5500,100
34297287536198,09:31:37.287,46.5500,300
34297313670459,09:31:37.313,46.5300,100
34297313670459,09:31:37.313,46.5300,100
34298462395621,09:31:38.462,46.5400,1
34298466149831,09:31:38.466,46.5400,100
34298466149831,09:31:38.466,46.5400,100
34298466149831,09:31:38.466,46.5400,100
34298466149831,09:31:38.466,46.5400,100
34299454695316,09:31:39.454,46.5300,700
34299454695316,09:31:39.454,46.5300,100
34299454695316,09:31:39.454,46.5300,100
34299454791020,09:31:39.454,46.5300,100
34299454796582,09:31:39.454,46.5300,100
34299454804132,09:31:39.454,46.5300,100
34299454814722,09:31:39.454,46.5300,100
34299776293313,09:31:39.776,46.5400,100
34301971307044,09:31:41.971,46.5500,100
34301971307044,09:31:41.971,46.5500,100
34301971307044,09:31:41.971,46.5500,1
34301981759020,09:31:41.981,46.5600,100
34301981759020,09:31:41.981,46.5600,100
34301982375496,09:31:41.982,46.5600,100
34303325382047,09:31:43.325,46.5600,100
34306723958573,09:31:46.723,46.5600,100
34306723958573,09:31:46.723,46.5600,100
34310890585794,09:31:50.890,46.5600,100
34310890726511,09:31:50.890,46.5600,200
34313427231645,09:31:53.427,46.5900,100
34313427231645,09:31:53.427,46.5900,30
34313427288022,09:31:53.427,46.5900,70
34313429488517,09:31:53.429,46.6000,86
34313433816687,09:31:53.433,46.6000,14
34313433816687,09:31:53.433,46.6000,63
34313433816687,09:31:53.433,46.6000,9
34314983014210,09:31:54.983,46.6200,100
34316180889782,09:31:56.180,46.6300,100
34316180889782,09:31:56.180,46.6300,100
34316208858840,09:31:56.208,46.6300,100
34316466156631,09:31:56.466,46.6400,100
34317880621962,09:31:57.880,46.6300,100
34317880621962,09:31:57.880,46.6300,100
34317880621962,09:31:57.880,46.6300,100
34317880706940,09:31:57.880,46.6300,100
34317880706940,09:31:57.880,46.6300,100
34317880969295,09:31:57.880,46.6300,100
34317880969295,09:31:57.880,46.6300,100
34317880969295,09:31:57.880,46.6300,100
34317903926199,09:31:57.903,46.6300,100
34317903926199,09:31:57.903,46.6300,100
34318099947274,09:31:58.099,46.6400,24
34318122381115,09:31:58.122,46.6300,100
34319552872046,09:31:59.552,46.6400,100
34319552872046,09:31:59.552,46.6400,100
34319553809701,09:31:59.553,46.6400,100
34319578747384,09:31:59.578,46.6400,100
34319578747384,09:31:59.578,46.6400,100
34319578795827,09:31:59.578,46.6400,100
34320013928043,09:32:00.013,46.6500,300
34320032696977,09:32:00.032,46.6500,100
34320032696977,09:32:00.032,46.6500,100
34320032696977,09:32:00.032,46.6500,100
34320032696977,09:32:00.032,46.6500,100
34320032696977,09:32:00.032,46.6500,300
34320032696977,09:32:00.032,46.6500,300
34320174020177,09:32:00.174,46.6400,100
34320174577821,09:32:00.174,46.6400,100
34320174577821,09:32:00.174,46.6400,100
34320174958639,09:32:00.174,46.6400,100
34324876844054,09:32:04.876,46.6500,5
34324951140789,09:32:04.951,46.6500,95
34325118370367,09:32:05.118,46.6500,100
34326633901545,09:32:06.633,46.6500,100
34326633901545,09:32:06.633,46.6500,100
34326652746508,09:32:06.652,46.6500,100
34326652746508,09:32:06.652,46.6500,100
34326652746508,09:32:06.652,46.6500,300
34326652746508,09:32:06.652,46.6500,300
34327501253996,09:32:07.501,46.6500,100
34330386238317,09:32:10.386,46.6600,100
34330386238317,09:32:10.386,46.6600,100
34332982901638,09:32:12.982,46.6900,50
34333184981426,09:32:13.184,46.6900,100
34333199720014,09:32:13.199,46.6900,100
34333199787266,09:32:13.199,46.6900,650
34333200100117,09:32:13.200,46.6900,100
34333289394686,09:32:13.289,46.7000,44
34333291957454,09:32:13.291,46.7000,86
34333588639606,09:32:13.588,46.7000,179
34333588639606,09:32:13.588,46.7000,21
34334009584337,09:32:14.009,46.7000,79
34334009584337,09:32:14.009,46.7000,32
34334009584337,09:32:14.009,46.7000,14
34334009584337,09:32:14.009,46.7100,200
34334009584337,09:32:14.009,46.7100,100
34334009584337,09:32:14.009,46.7200,50
34334009584337,09:32:14.009,46.7200,1200
34334009584337,09:32:14.009,46.7300,300
34334009584337,09:32:14.009,46.7300,100
34334009584337,09:32:14.009,46.7300,1700
34334009584337,09:32:14.009,46.7400,100
34334009584337,09:32:14.009,46.7400,1800
34334009584337,09:32:14.009,46.7400,53
34334009584337,09:32:14.009,46.7500,26
34334009584337,09:32:14.009,46.7500,100
34334009584337,09:32:14.009,46.7500,325
34334009584337,09:32:14.009,46.7500,24
34334009584337,09:32:14.009,46.7500,100
34334009584337,09:32:14.009,46.7500,500
34334009584337,09:32:14.009,46.7500,1500
34334009584337,09:32:14.009,46.7500,4900
34334009584337,09:32:14.009,46.7600,5
34334009584337,09:32:14.009,46.7600,100
34334009584337,09:32:14.009,46.7600,1300
34334009584337,09:32:14.009,46.7700,303
34334009584337,09:32:14.009,46.7700,1400
34334009584337,09:32:14.009,46.7700,100
34334009584337,09:32:14.009,46.7800,100
34334009584337,09:32:14.009,46.7800,209
34334010719740,09:32:14.010,46.7400,100
34334010880299,09:32:14.010,46.7400,100
34334011367258,09:32:14.011,46.7300,100
34334011367258,09:32:14.011,46.7300,100
34334784097549,09:32:14.784,46.7200,200
34334784097549,09:32:14.784,46.7200,100
34335430590288,09:32:15.430,46.7200,100
34335430590288,09:32:15.430,46.7200,100
34335430926278,09:32:15.430,46.7100,100
34335430926278,09:32:15.430,46.7100,100
34335431093127,09:32:15.431,46.7100,100
34335432089734,09:32:15.432,46.7100,100
34335432089734,09:32:15.432,46.7100,100
34336444221615,09:32:16.444,46.7000,100
34336444221615,09:32:16.444,46.7000,100
34336445740594,09:32:16.445,46.6900,16
34336713198515,09:32:16.713,46.6900,100
34337850318729,09:32:17.850,46.7000,100
34337850318729,09:32:17.850,46.7000,100
34338587016939,09:32:18.587,46.7100,100
34338587016939,09:32:18.587,46.7100,1
34338587026168,09:32:18.587,46.7200,200
34338587026168,09:32:18.587,46.7200,100
34338587026168,09:32:18.587,46.7200,420
34338587026168,09:32:18.587,46.7200,100
34338587026168,09:32:18.587,46.7300,100
34338587026168,09:32:18.587,46.7300,1
34338587813464,09:32:18.587,46.7300,100
34338588336697,09:32:18.588,46.7300,6
34338588361768,09:32:18.588,46.7300,29
34340533359911,09:32:20.533,46.7500,1
34340546569553,09:32:20.546,46.7500,100
34340546569553,09:32:20.546,46.7500,100
34340546569553,09:32:20.546,46.7500,100
34340546569553,09:32:20.546,46.7500,300
34340546569553,09:32:20.546,46.7500,300
34340546963920,09:32:20.546,46.7500,100
34340546963920,09:32:20.546,46.7500,100
34340599409597,09:32:20.599,46.7400,100
34340599409597,09:32:20.599,46.7400,100
34340599409597,09:32:20.599,46.7400,100
34341576170887,09:32:21.576,46.7400,100
34341576170887,09:32:21.576,46.7400,100
34342578838109,09:32:22.578,46.7400,100
34342581711390,09:32:22.581,46.7500,100
34342582829205,09:32:22.582,46.7500,300
34342582829205,09:32:22.582,46.7500,100
34342582829205,09:32:22.582,46.7500,353
34342585380781,09:32:22.585,46.7500,47
34343890066407,09:32:23.890,46.7400,100
34343890066407,09:32:23.890,46.7400,100
34344306696833,09:32:24.306,46.7300,100
34345482451711,09:32:25.482,46.7300,100
34345516312209,09:32:25.516,46.7200,100
34345517458639,09:32:25.517,46.7200,100
34345518422336,09:32:25.518,46.7200,100
34348575174720,09:32:28.575,46.7200,100
34348588057191,09:32:28.588,46.7400,200
34348588057191,09:32:28.588,46.7400,100
34348588057191,09:32:28.588,46.7400,100
34348588376147,09:32:28.588,46.7300,100
34348588376147,09:32:28.588,46.7300,100
34348588376147,09:32:28.588,46.7300,100
34348588376147,09:32:28.588,46.7300,100
34348588376147,09:32:28.588,46.7300,100
34348588376147,09:32:28.588,46.7300,100
34348588417134,09:32:28.588,46.7300,100
34348588446741,09:32:28.588,46.7300,100
34348588568693,09:32:28.588,46.7400,100
34348588568693,09:32:28.588,46.7400,100
34348588700300,09:32:28.588,46.7400,100
34348588700300,09:32:28.588,46.7400,100
34348593994126,09:32:28.593,46.7300,100
34349019921965,09:32:29.019,46.7200,100
34349019921965,09:32:29.019,46.7200,1800
34349019952812,09:32:29.019,46.7200,1800
34349019952812,09:32:29.019,46.7200,100
34349031307108,09:32:29.031,46.7200,100
34349031307108,09:32:29.031,46.7200,100
34349031307108,09:32:29.031,46.7200,100
34349031307108,09:32:29.031,46.7200,300
34349031307108,09:32:29.031,46.7200,100
34351066930645,09:32:31.066,46.7500,100
34351075937719,09:32:31.075,46.7500,100
34351246213561,09:32:31.246,46.7500,100
34351880486346,09:32:31.880,46.7400,100
34351881870613,09:32:31.881,46.7400,100
34351881870613,09:32:31.881,46.7400,100
34351881870613,09:32:31.881,46.7400,100
34351881870613,09:32:31.881,46.7400,100
34354824101097,09:32:34.824,46.7400,100
34355504404677,09:32:35.504,46.7600,100
34355504404677,09:32:35.504,46.7600,100
34355504404677,09:32:35.504,46.7600,100
34358808874446,09:32:38.808,46.7500,200
34358844254468,09:32:38.844,46.7500,100
34358845007609,09:32:38.845,46.7500,100
34361227178422,09:32:41.227,46.7400,100
34361227178422,09:32:41.227,46.7400,100
34362975864415,09:32:42.975,46.7500,100
34367898653995,09:32:47.898,46.7500,30
34367898653995,09:32:47.898,46.7500,250
34367898653995,09:32:47.898,46.7500,20
34367899388183,09:32:47.899,46.7500,80
34370580323755,09:32:50.580,46.7300,25
34370580323755,09:32:50.580,46.7300,75
34370580366127,09:32:50.580,46.7300,25
34371578620335,09:32:51.578,46.7300,51
34371581093905,09:32:51.581,46.7300,100
34371949589637,09:32:51.949,46.7300,100
34371949596279,09:32:51.949,46.7300,100
34371949613401,09:32:51.949,46.7300,200
34371974110174,09:32:51.974,46.7200,1700
34371974114354,09:32:51.974,46.7200,1200
34371974114354,09:32:51.974,46.7200,100
34371974114354,09:32:51.974,46.7200,100
34372872776995,09:32:52.872,46.7000,200
34372872776995,09:32:52.872,46.7000,100
34372872794136,09:32:52.872,46.7000,11
34372921416840,09:32:52.921,46.7000,100
34372921416840,09:32:52.921,46.7000,100
34372921416840,09:32:52.921,46.7000,100
34372941400534,09:32:52.941,46.7000,100
34372961926402,09:32:52.961,46.7000,100
34373056037333,09:32:53.056,46.7000,100
34373056037333,09:32:53.056,46.7000,100
34373070707163,09:32:53.070,46.7000,100
34373453562881,09:32:53.453,46.7000,100
34373620379576,09:32:53.620,46.7000,400
34373620379576,09:32:53.620,46.7000,1200
34373620839837,09:32:53.620,46.7000,100
34373620839837,09:32:53.620,46.7000,41
34373620864926,09:32:53.620,46.7000,59
34373620864926,09:32:53.620,46.7000,100
34373620864926,09:32:53.620,46.7000,100
34373621547639,09:32:53.621,46.7000,200
34375193485621,09:32:55.193,46.7000,1200
34375218631592,09:32:55.218,46.7000,24
34375689151549,09:32:55.689,46.7000,24
34376195317663,09:32:56.195,46.7000,100
34377701476352,09:32:57.701,46.7100,86
34377704575821,09:32:57.704,46.7100,14
34377704575821,09:32:57.704,46.7100,72
34377705368636,09:32:57.705,46.7100,86
34377705724086,09:32:57.705,46.7100,86
34377706365565,09:32:57.706,46.7100,86
34377706411791,09:32:57.706,46.7100,70
34377710072664,09:32:57.710,46.7200,100
34377710072664,09:32:57.710,46.7200,100
34377742864304,09:32:57.742,46.7200,100
34377742888808,09:32:57.742,46.7200,200
34377742888808,09:32:57.742,46.7200,100
34377742888808,09:32:57.742,46.7200,100
34380504675931,09:33:00.504,46.7300,200
34380504675931,09:33:00.504,46.7300,100
34380504675931,09:33:00.504,46.7300,100
34380505655336,09:33:00.505,46.7400,100
34380957590097,09:33:00.957,46.7300,200
34380957590097,09:33:00.957,46.7300,200
34380957590097,09:33:00.957,46.7300,100
34380957590097,09:33:00.957,46.7300,100
34382650293481,09:33:02.650,46.7200,200
34382650293481,09:33:02.650,46.7200,100
34382650293481,09:33:02.650,46.7200,200
34383297830811,09:33:03.297,46.7500,100
34383297830811,09:33:03.297,46.7500,100
34383297830811,09:33:03.297,46.7500,100
34383297830811,09:33:03.297,46.7500,1500
34383301650079,09:33:03.301,46.7600,100
34383301650079,09:33:03.301,46.7600,100
34383301809058,09:33:03.301,46.7600,1
34383301809058,09:33:03.301,46.7600,100
34383305274825,09:33:03.305,46.7600,100
34383359827821,09:33:03.359,46.7500,100
34383359827821,09:33:03.359,46.7500,209
34383359827821,09:33:03.359,46.7500,6
34383402825712,09:33:03.402,46.7400,100
34383577967996,09:33:03.577,46.7400,200
34383577967996,09:33:03.577,46.7400,200
34383577967996,09:33:03.577,46.7400,100
34383618349943,09:33:03.618,46.7400,100
34383618349943,09:33:03.618,46.7400,100
34383618349943,09:33:03.618,46.7400,100
34383618349943,09:33:03.618,46.7400,100
34383618349943,09:33:03.618,46.7400,1500
34383618547641,09:33:03.618,46.7400,300
34384434472360,09:33:04.434,46.7400,100
34386785735531,09:33:06.785,46.7300,100
34387787216710,09:33:07.787,46.7300,70
34387787320470,09:33:07.787,46.7300,12
34392379313755,09:33:12.379,46.7300,100
34393099403237,09:33:13.099,46.7200,100
34393099403237,09:33:13.099,46.7200,100
34393099403237,09:33:13.099,46.7200,100
34393099403237,09:33:13.099,46.7200,100
34393099403237,09:33:13.099,46.7200,100
34393192864105,09:33:13.192,46.7100,200
34394107471515,09:33:14.107,46.7100,100
34394107471515,09:33:14.107,46.7100,100
34395235360136,09:33:15.235,46.7000,500
34395235360136,09:33:15.235,46.7000,100
34395323094645,09:33:15.323,46.6900,100
34395334073916,09:33:15.334,46.6900,54
34395334073916,09:33:15.334,46.6900,46
34396185899383,09:33:16.185,46.6900,200
34396199795664,09:33:16.199,46.6900,100
34397079077408,09:33:17.079,46.6900,86
34397079159752,09:33:17.079,46.6900,14
34398879204124,09:33:18.879,46.7000,200
34398879204124,09:33:18.879,46.7000,188
34398879885693,09:33:18.879,46.7000,86
34398880616801,09:33:18.880,46.7000,26
34398881812022,09:33:18.881,46.7000,200
34398881995872,09:33:18.881,46.7000,100
34398881995872,09:33:18.881,46.7000,100
34399055973754,09:33:19.055,46.6900,900
34399056058191,09:33:19.056,46.6900,200
34399056103000,09:33:19.056,46.6900,100
34399073677790,09:33:19.073,46.6900,81
34400289361622,09:33:20.289,46.6800,200
34400289361622,09:33:20.289,46.6800,100
34401313416699,09:33:21.313,46.6800,100
34401313416699,09:33:21.313,46.6800,36
34401313416699,09:33:21.313,46.6800,53
34402719100066,09:33:22.719,46.6900,100
34402746370791,09:33:22.746,46.6900,100
34404007199863,09:33:24.007,46.6900,100
34404207920744,09:33:24.207,46.6900,100
34404207920744,09:33:24.207,46.6900,100
34404327446546,09:33:24.327,46.6800,100
34404363742771,09:33:24.363,46.6700,100
34405028974574,09:33:25.028,46.6800,100
34405028974574,09:33:25.028,46.6800,100
34405028974574,09:33:25.028,46.6800,100
34405029399718,09:33:25.029,46.6800,100
34405029399718,09:33:25.029,46.6800,100
34405058324401,09:33:25.058,46.6700,100
34405058324401,09:33:25.058,46.6700,100
34405058324401,09:33:25.058,46.6700,100
34405058742019,09:33:25.058,46.6700,100
34405058742019,09:33:25.058,46.6700,100
34405058742019,09:33:25.058,46.6700,100
34405058742019,09:33:25.058,46.6700,63
34405058770470,09:33:25.058,46.6700,137
34405058770470,09:33:25.058,46.6700,100
34405058833310,09:33:25.058,46.6700,100
34405058833310,09:33:25.058,46.6700,52
34405088901175,09:33:25.088,46.6700,148
34405088901175,09:33:25.088,46.6700,100
34405088901175,09:33:25.088,46.6700,52
34405154309878,09:33:25.154,46.6700,46
34405154309878,09:33:25.154,46.6700,54
34405434780609,09:33:25.434,46.6800,100
34407721574823,09:33:27.721,46.6800,100
34410894745291,09:33:30.894,46.6800,100
34412806300917,09:33:32.806,46.6800,100
34412833743886,09:33:32.833,46.6800,100
34412833743886,09:33:32.833,46.6800,100
34412833743886,09:33:32.833,46.6800,46
34415808940039,09:33:35.808,46.6800,100
34415812697848,09:33:35.812,46.6700,100
34415849324562,09:33:35.849,46.6600,100
34415849324562,09:33:35.849,46.6600,100
34415850033819,09:33:35.850,46.6600,100
34418943604142,09:33:38.943,46.6500,100
34420886616650,09:33:40.886,46.6400,100
34420886616650,09:33:40.886,46.6400,100
34420886686803,09:33:40.886,46.6400,200
34428514215702,09:33:48.514,46.6300,400
34428514239329,09:33:48.514,46.6300,2
34428514244566,09:33:48.514,46.6300,98
34428514244566,09:33:48.514,46.6300,100
34428514244566,09:33:48.514,46.6300,100
34428518583629,09:33:48.518,46.6400,100
34428518583629,09:33:48.518,46.6400,100
34428518583629,09:33:48.518,46.6400,200
34428518583629,09:33:48.518,46.6400,200
34428518583629,09:33:48.518,46.6400,100
34428519354336,09:33:48.519,46.6500,46
34428519354336,09:33:48.519,46.6500,100
34428519354336,09:33:48.519,46.6500,100
34428519354336,09:33:48.519,46.6500,54
34429296968630,09:33:49.296,46.6400,49
34429296968630,09:33:49.296,46.6400,100
34429296968630,09:33:49.296,46.6400,100
34429296968630,09:33:49.296,46.6400,51
34431386341263,09:33:51.386,46.6400,49
34431386341263,09:33:51.386,46.6400,200
34432970946196,09:33:52.970,46.6300,200
34432970946196,09:33:52.970,46.6300,100
34432970946196,09:33:52.970,46.6300,100
34432970946196,09:33:52.970,46.6300,100
34432979390021,09:33:52.979,46.6300,100
34432979689780,09:33:52.979,46.6300,100
34432979689780,09:33:52.979,46.6300,100
34432979689780,09:33:52.979,46.6300,100
34432981881541,09:33:52.981,46.6300,200
34432983392172,09:33:52.983,46.6300,51
34432983392172,09:33:52.983,46.6300,100
34432983392172,09:33:52.983,46.6300,49
34432984596984,09:33:52.984,46.6300,100
34433060327391,09:33:53.060,46.6300,100
34433060327391,09:33:53.060,46.6300,46
34433060327391,09:33:53.060,46.6300,100
34433091958172,09:33:53.091,46.6400,100
34433092478557,09:33:53.092,46.6400,100
34433092478557,09:33:53.092,46.6400,100
34434176929066,09:33:54.176,46.6600,100
34435136208539,09:33:55.136,46.6600,100
34435136208539,09:33:55.136,46.6600,25
34439376046246,09:33:59.376,46.6600,100
34439376046246,09:33:59.376,46.6600,100
34439376046246,09:33:59.376,46.6600,100
34439376218276,09:33:59.376,46.6600,100
34439376218276,09:33:59.376,46.6600,100
34440612398244,09:34:00.612,46.6700,100
34440612398244,09:34:00.612,46.6700,100
34440626706646,09:34:00.626,46.6700,100
34445041568705,09:34:05.041,46.6700,100
34445041568705,09:34:05.041,46.6700,100
34449376349657,09:34:09.376,46.6800,300
34449376349657,09:34:09.376,46.6800,100
34449709745947,09:34:09.709,46.6800,100
34449709745947,09:34:09.709,46.6800,100
34452752772998,09:34:12.752,46.6700,100
34452752858643,09:34:12.752,46.6700,100
34452752858643,09:34:12.752,46.6700,100
34456068369364,09:34:16.068,46.6700,100
34459477534695,09:34:19.477,46.6700,100
34462394838037,09:34:22.394,46.6600,100
34462394838037,09:34:22.394,46.6600,1500
34462420194682,09:34:22.420,46.6500,100
34462423379856,09:34:22.423,46.6500,100
34462423379856,09:34:22.423,46.6500,100
34462423388102,09:34:22.423,46.6500,100
34463396549777,09:34:23.396,46.6600,100
34463396549777,09:34:23.396,46.6600,200
34463396549777,09:34:23.396,46.6600,100
34469721825654,09:34:29.721,46.6600,100
34469721825654,09:34:29.721,46.6600,100
34469721825654,09:34:29.721,46.6600,1100
34469722335860,09:34:29.722,46.6600,100
34472261619213,09:34:32.261,46.6400,300
34473588255026,09:34:33.588,46.6400,100
34473588255026,09:34:33.588,46.6400,200
34473588255026,09:34:33.588,46.6400,100
34473588255026,09:34:33.588,46.6400,100
34475955163712,09:34:35.955,46.6500,100
34475955163712,09:34:35.955,46.6500,300
34476599557915,09:34:36.599,46.6600,100
34476599557915,09:34:36.599,46.6600,300
34476737459841,09:34:36.737,46.6700,100
34476737472547,09:34:36.737,46.6700,200
34477346964071,09:34:37.346,46.6800,100
34477346964071,09:34:37.346,46.6800,100
34477346964071,09:34:37.346,46.6800,100
34477362919236,09:34:37.362,46.6900,86
34477363768395,09:34:37.363,46.6900,86
34477365613954,09:34:37.365,46.6900,86
34477366380702,09:34:37.366,46.6900,8
34477366380702,09:34:37.366,46.6900,78
34478033506826,09:34:38.033,46.6900,178
34478214469663,09:34:38.214,46.6900,22
34478325738602,09:34:38.325,46.6900,16
34478325750478,09:34:38.325,46.6900,84
34481790650226,09:34:41.790,46.6800,100
34496407162606,09:34:56.407,46.6700,200
34496407856575,09:34:56.407,46.6700,100
34496407856575,09:34:56.407,46.6700,600
34497782510876,09:34:57.782,46.6700,100
34497782510876,09:34:57.782,46.6700,300
34497782510876,09:34:57.782,46.6700,100
34497782510876,09:34:57.782,46.6700,270
34497782519134,09:34:57.782,46.6700,230
34497782519134,09:34:57.782,46.6700,200
34497782519134,09:34:57.782,46.6700,5
34497782540870,09:34:57.782,46.6700,95
34499650972045,09:34:59.650,46.6700,100
34499650972045,09:34:59.650,46.6700,100
34499650972045,09:34:59.650,46.6700,100
34500258252917,09:35:00.258,46.6700,100
34500910670120,09:35:00.910,46.6700,100
34501014050869,09:35:01.014,46.6700,53
34501014050869,09:35:01.014,46.6700,100
34501014050869,09:35:01.014,46.6700,100
34501029530019,09:35:01.029,46.6700,100
34501029530019,09:35:01.029,46.6700,100
34501029530019,09:35:01.029,46.6700,93
34501029575521,09:35:01.029,46.6800,200
34501029575521,09:35:01.029,46.6800,200
34501029575521,09:35:01.029,46.6800,200
34501029575521,09:35:01.029,46.6800,100
34501029575521,09:35:01.029,46.6800,125
34501029575521,09:35:01.029,46.6800,100
34501029575521,09:35:01.029,46.6800,100
34501029575521,09:35:01.029,46.6800,100
34501029575521,09:35:01.029,46.6800,100
34501164102679,09:35:01.164,46.6900,300
34501164102679,09:35:01.164,46.6900,100
34501164102679,09:35:01.164,46.6900,25
34501604642088,09:35:01.604,46.6900,100
34501750710346,09:35:01.750,46.6900,100
34501961098694,09:35:01.961,46.6900,100
34502230210050,09:35:02.230,46.6900,100
34502230210050,09:35:02.230,46.6900,100
34502238747600,09:35:02.238,46.6900,100
34503942845741,09:35:03.942,46.6900,300
34503942845741,09:35:03.942,46.6900,100
34504936438848,09:35:04.936,46.6800,100
34505632009543,09:35:05.632,46.6850,400
34505787885179,09:35:05.787,46.6900,65
34506378379849,09:35:06.378,46.6900,35
34506378379849,09:35:06.378,46.6900,300
34507621606317,09:35:07.621,46.6900,100
34507621606317,09:35:07.621,46.6900,100
34507621606317,09:35:07.621,46.6900,100
34508334648289,09:35:08.334,46.6900,40
34509193966326,09:35:09.193,46.6900,100
34511040056039,09:35:11.040,46.7000,509
34511040056039,09:35:11.040,46.7000,21
34511040056039,09:35:11.040,46.7000,2
34513851886091,09:35:13.851,46.7100,100
34513853062277,09:35:13.853,46.7100,100
34513853062277,09:35:13.853,46.7100,100
34513853091286,09:35:13.853,46.7100,100
34513853091286,09:35:13.853,46.7100,12
34515585801891,09:35:15.585,46.7100,200
34515585801891,09:35:15.585,46.7100,100
34516335715956,09:35:16.335,46.7200,100
34516647481394,09:35:16.647,46.7200,100
34516647481394,09:35:16.647,46.7200,100
34516647481394,09:35:16.647,46.7200,100
34519657796161,09:35:19.657,46.7300,200
34521275554971,09:35:21.275,46.7200,100
34521275554971,09:35:21.275,46.7200,100
34521275554971,09:35:21.275,46.7200,100
34521275554971,09:35:21.275,46.7200,100
34521275554971,09:35:21.275,46.7200,100
34521275554971,09:35:21.275,46.7200,100
34523565286050,09:35:23.565,46.7200,100
34523565315912,09:35:23.565,46.7200,83
34523665457624,09:35:23.665,46.7200,47
34523665457624,09:35:23.665,46.7200,100
34523665457624,09:35:23.665,46.7200,100
34523665457624,09:35:23.665,46.7200,300
34523665457624,09:35:23.665,46.7200,100
34523667434651,09:35:23.667,46.7200,100
34525506233217,09:35:25.506,46.7200,100
34525506233217,09:35:25.506,46.7200,100
34525507424304,09:35:25.507,46.7200,100
34526501023349,09:35:26.501,46.7200,86
34526502035669,09:35:26.502,46.7200,214
34530398673188,09:35:30.398,46.7200,100
34530398673188,09:35:30.398,46.7200,100
34530398673188,09:35:30.398,46.7200,1400
34530398673188,09:35:30.398,46.7200,128
34530398673188,09:35:30.398,46.7200,100
34530398673188,09:35:30.398,46.7200,2
34530398673188,09:35:30.398,46.7200,100
34530399962128,09:35:30.399,46.7300,800
34530399962128,09:35:30.399,46.7300,80
34530400244579,09:35:30.400,46.7300,500
34530400280354,09:35:30.400,46.7300,420
34530400280354,09:35:30.400,46.7300,100
34530400280354,09:35:30.400,46.7300,1
34530684290402,09:35:30.684,46.7400,100
34530684290402,09:35:30.684,46.7400,200
34530684290402,09:35:30.684,46.7400,20
34530684290402,09:35:30.684,46.7400,600
34530684290402,09:35:30.684,46.7400,100
34536498313597,09:35:36.498,46.7200,300
34536498313597,09:35:36.498,46.7200,100
34536498313597,09:35:36.498,46.7200,100
34536498313597,09:35:36.498,46.7200,100
34536498313597,09:35:36.498,46.7200,100
34536498313597,09:35:36.498,46.7200,244
34536701315316,09:35:36.701,46.7200,201
34537210021645,09:35:37.210,46.7200,300
34539669293106,09:35:39.669,46.7300,500
34539669293106,09:35:39.669,46.7300,100
34539779487826,09:35:39.779,46.7300,100
34539779487826,09:35:39.779,46.7300,100
34539779487826,09:35:39.779,46.7300,100
34539984391628,09:35:39.984,46.7300,200
34539984391628,09:35:39.984,46.7300,49
34550305497313,09:35:50.305,46.7300,100
34550305497313,09:35:50.305,46.7300,100
34550305497313,09:35:50.305,46.7300,41
34550305497313,09:35:50.305,46.7300,159
34550305525450,09:35:50.305,46.7300,241
34550543988410,09:35:50.543,46.7300,100
34550543988410,09:35:50.543,46.7300,108
34552344508736,09:35:52.344,46.7200,1055
34552344508736,09:35:52.344,46.7200,800
34552344508736,09:35:52.344,46.7200,100
34552344508736,09:35:52.344,46.7200,100
34552344635018,09:35:52.344,46.7200,100
34552344915305,09:35:52.344,46.7200,100
34555008986726,09:35:55.008,46.7200,200
34555009033177,09:35:55.009,46.7200,54
34555190450857,09:35:55.190,46.7200,100
34556901045516,09:35:56.901,46.7200,100
34556901071447,09:35:56.901,46.7200,100
34556906439779,09:35:56.906,46.7200,100
34556906439779,09:35:56.906,46.7200,50
34556906439779,09:35:56.906,46.7200,100
34556906439779,09:35:56.906,46.7200,100
34557908806740,09:35:57.908,46.7200,100
34558276147424,09:35:58.276,46.7200,100
34558276147424,09:35:58.276,46.7200,100
34558587629434,09:35:58.587,46.7200,100
34560268758550,09:36:00.268,46.7300,141
34560268758550,09:36:00.268,46.7300,100
34560610345453,09:36:00.610,46.7300,100
34560610345453,09:36:00.610,46.7300,100
34560610345453,09:36:00.610,46.7300,100
34565809282931,09:36:05.809,46.7300,100
34565809282931,09:36:05.809,46.7300,100
34565809282931,09:36:05.809,46.7300,100
34566611709945,09:36:06.611,46.7200,600
34566611756496,09:36:06.611,46.7200,300
34571245959230,09:36:11.245,46.7100,300
34571246321015,09:36:11.246,46.7100,229
34571246344881,09:36:11.246,46.7100,5171
34571598881615,09:36:11.598,46.7100,400
34571598881615,09:36:11.598,46.7100,200
34571598881615,09:36:11.598,46.7100,100
34571598881615,09:36:11.598,46.7100,51
34571598881615,09:36:11.598,46.7100,100
34571598881615,09:36:11.598,46.7100,172
34571598881615,09:36:11.598,46.7100,100
34571598881615,09:36:11.598,46.7100,477
34572132747673,09:36:12.132,46.7100,200
34572133702069,09:36:12.133,46.7000,100
34572133702069,09:36:12.133,46.7000,200
34577045814776,09:36:17.045,46.6900,100
34578494098535,09:36:18.494,46.6800,100
34578494098535,09:36:18.494,46.6800,100
34578546020681,09:36:18.546,46.6700,100
34578637668281,09:36:18.637,46.6700,100
34578637668281,09:36:18.637,46.6700,100
34578637694271,09:36:18.637,46.6700,100
34581037894751,09:36:21.037,46.6800,200
34581037894751,09:36:21.037,46.6800,100
34581838948804,09:36:21.838,46.6900,100
34581838975043,09:36:21.838,46.6900,100
34581838975043,09:36:21.838,46.6900,100
34581838975043,09:36:21.838,46.6900,139
34589357196309,09:36:29.357,46.7000,100
34589357196309,09:36:29.357,46.7000,2
34589357221378,09:36:29.357,46.7000,198
34589521920845,09:36:29.521,46.7000,100
34589521920845,09:36:29.521,46.7000,100
34589521920845,09:36:29.521,46.7000,300
34589522253933,09:36:29.522,46.7000,200
34589522253933,09:36:29.522,46.7000,100
34589776268215,09:36:29.776,46.7000,100
34589776268215,09:36:29.776,46.7000,100
34590383161716,09:36:30.383,46.7000,100
34591105522415,09:36:31.105,46.7000,100
34592128204179,09:36:32.128,46.7000,200
34592687438109,09:36:32.687,46.7000,108
34592825449788,09:36:32.825,46.7000,100
34593431665868,09:36:33.431,46.7100,200
34593431665868,09:36:33.431,46.7100,100
34593431665868,09:36:33.431,46.7100,100
34593431665868,09:36:33.431,46.7100,44
34593836189675,09:36:33.836,46.7100,100
34594009683929,09:36:34.009,46.7100,100
34594009683929,09:36:34.009,46.7100,57
34594009683929,09:36:34.009,46.7100,100
34594009683929,09:36:34.009,46.7100,100
34594009683929,09:36:34.009,46.7100,100
34594009777134,09:36:34.009,46.7100,100
34594009793324,09:36:34.009,46.7100,100
34595483924430,09:36:35.483,46.7200,100
34595483924430,09:36:35.483,46.7200,500
34595483924430,09:36:35.483,46.7200,100
34595483924430,09:36:35.483,46.7200,100
34595483924430,09:36:35.483,46.7200,100
34595483965951,09:36:35.483,46.7200,200
34595483965951,09:36:35.483,46.7200,100
34597988675429,09:36:37.988,46.7200,100
34600241175326,09:36:40.241,46.7200,100
34600490273510,09:36:40.490,46.7200,100
34600490273510,09:36:40.490,46.7200,100
34600490273510,09:36:40.490,46.7200,100
34600490273510,09:36:40.490,46.7200,100
34602798177892,09:36:42.798,46.7200,100
34602798177892,09:36:42.798,46.7200,100
34604628088158,09:36:44.628,46.7200,300
34604628088158,09:36:44.628,46.7200,95
34604628124570,09:36:44.628,46.7200,33
34604628124570,09:36:44.628,46.7200,100
34604628131384,09:36:44.628,46.7200,100
34605391166488,09:36:45.391,46.7300,254
34605391235046,09:36:45.391,46.7300,254
34605391241171,09:36:45.391,46.7300,92
34605391241171,09:36:45.391,46.7300,162
34605391263790,09:36:45.391,46.7300,5792
34605391307164,09:36:45.391,46.7300,4046
34605391307164,09:36:45.391,46.7300,100
34605391307164,09:36:45.391,46.7300,100
34605391307164,09:36:45.391,46.7300,300
34605392129368,09:36:45.392,46.7400,30
34605392134064,09:36:45.392,46.7400,270
34605392134064,09:36:45.392,46.7400,300
34605392134064,09:36:45.392,46.7400,1100
34605392134064,09:36:45.392,46.7400,300
34605398430406,09:36:45.398,46.7450,300
34605403480105,09:36:45.403,46.7500,1000
34605403480105,09:36:45.403,46.7500,100
34605403480105,09:36:45.403,46.7500,157
34605403521048,09:36:45.403,46.7500,93
34605403521048,09:36:45.403,46.7500,7
34605403537830,09:36:45.403,46.7500,693
34605403537830,09:36:45.403,46.7500,200
34605545324841,09:36:45.545,46.7600,100
34605545373241,09:36:45.545,46.7600,42
34605693983149,09:36:45.693,46.7700,79
34605694291912,09:36:45.694,46.7700,648
34605694291912,09:36:45.694,46.7700,100
34606627881897,09:36:46.627,46.7600,100
34606627881897,09:36:46.627,46.7600,3076
34606627925454,09:36:46.627,46.7600,124
34606806604162,09:36:46.806,46.7600,200
34606806604162,09:36:46.806,46.7600,100
34606806604162,09:36:46.806,46.7600,100
34606981993444,09:36:46.981,46.7600,100
34606981993444,09:36:46.981,46.7600,61
34608834300602,09:36:48.834,46.7800,100
34608834300602,09:36:48.834,46.7800,100
34608837611223,09:36:48.837,46.7800,300
34608837611223,09:36:48.837,46.7800,200
34608837611223,09:36:48.837,46.7800,100
34608837611223,09:36:48.837,46.7800,100
34608837611223,09:36:48.837,46.7800,200
34608837611223,09:36:48.837,46.7800,100
34608837611223,09:36:48.837,46.7800,100
34609138733872,09:36:49.138,46.7800,100
34609138733872,09:36:49.138,46.7800,58
34609138733872,09:36:49.138,46.7800,142
34609139270159,09:36:49.139,46.7800,100
34609273170683,09:36:49.273,46.7800,100
34609273170683,09:36:49.273,46.7800,52
34613223754630,09:36:53.223,46.7800,100
34613223754630,09:36:53.223,46.7800,100
34613223754630,09:36:53.223,46.7800,100
34613788312127,09:36:53.788,46.7800,45
34613788312127,09:36:53.788,46.7800,100
34615170872517,09:36:55.170,46.7700,100
34615452471943,09:36:55.452,46.7600,900
34615452500320,09:36:55.452,46.7600,200
34615803365945,09:36:55.803,46.7400,100
34615845722548,09:36:55.845,46.7300,100
34618520254250,09:36:58.520,46.7400,100
34618520254250,09:36:58.520,46.7400,100
34618520254250,09:36:58.520,46.7400,100
34618520254250,09:36:58.520,46.7400,300
34620839488902,09:37:00.839,46.7300,40
34627736418345,09:37:07.736,46.7300,63
34627736446878,09:37:07.736,46.7300,37
34627736446878,09:37:07.736,46.7300,100
34627736446878,09:37:07.736,46.7300,200
34627736446878,09:37:07.736,46.7300,136
34631259748212,09:37:11.259,46.7400,100
34631259799243,09:37:11.259,46.7400,100
34631259799243,09:37:11.259,46.7400,100
34631714189164,09:37:11.714,46.7500,9
34635884199104,09:37:15.884,46.7400,400
34635884199104,09:37:15.884,46.7400,100
34635884199104,09:37:15.884,46.7400,100
34641780339266,09:37:21.780,46.7400,100
34641780339266,09:37:21.780,46.7400,100
34641780339266,09:37:21.780,46.7400,253
34641780435619,09:37:21.780,46.7400,47
34641780435619,09:37:21.780,46.7400,9
34641781336510,09:37:21.781,46.7400,100
34641781336510,09:37:21.781,46.7400,100
34641781336510,09:37:21.781,46.7400,100
34641781336510,09:37:21.781,46.7400,52
34641781336510,09:37:21.781,46.7400,100
34641781336510,09:37:21.781,46.7400,100
34641781336510,09:37:21.781,46.7400,100
34641781336510,09:37:21.781,46.7400,100
34641826015426,09:37:21.826,46.7400,100
34641841393459,09:37:21.841,46.7300,100
34642275872012,09:37:22.275,46.7400,100
34642275872012,09:37:22.275,46.7400,100
34647567329671,09:37:27.567,46.7500,100
34647567329671,09:37:27.567,46.7500,40
34647567329671,09:37:27.567,46.7500,100
34647567329671,09:37:27.567,46.7500,100
34647567329671,09:37:27.567,46.7500,239
34647606162992,09:37:27.606,46.7500,100
34648095464079,09:37:28.095,46.7500,61
34648389850460,09:37:28.389,46.7600,100
34648423923950,09:37:28.423,46.7600,100
34651351702325,09:37:31.351,46.7600,100
34651351702325,09:37:31.351,46.7600,400
34651351702325,09:37:31.351,46.7600,400
34653773233818,09:37:33.773,46.7400,100
34655330667689,09:37:35.330,46.7300,1700
34655330667689,09:37:35.330,46.7300,100
34655334231858,09:37:35.334,46.7300,100
34655334231858,09:37:35.334,46.7300,100
34655334231858,09:37:35.334,46.7300,100
34655334231858,09:37:35.334,46.7300,62
34655334231858,09:37:35.334,46.7300,138
34655426822200,09:37:35.426,46.7200,100
34657680862720,09:37:37.680,46.7300,100
34658293900315,09:37:38.293,46.7200,80
34658293900315,09:37:38.293,46.7200,86
34660592133828,09:37:40.592,46.7200,100
34660592133828,09:37:40.592,46.7200,100
34660592133828,09:37:40.592,46.7200,53
34660592133828,09:37:40.592,46.7200,100
34660592133828,09:37:40.592,46.7200,26
34660592133828,09:37:40.592,46.7200,74
34660592133828,09:37:40.592,46.7200,100
34660592133828,09:37:40.592,46.7200,100
34660592133828,09:37:40.592,46.7200,100
34664566043707,09:37:44.566,46.7200,100
34664566043707,09:37:44.566,46.7200,100
34664566043707,09:37:44.566,46.7200,1247
34664568776955,09:37:44.568,46.7100,25
34664568849203,09:37:44.568,46.7100,40
34664569481753,09:37:44.569,46.7100,35
34668261434831,09:37:48.261,46.7000,100
34668261434831,09:37:48.261,46.7000,100
34668261695966,09:37:48.261,46.7000,200
34668261791727,09:37:48.261,46.7000,200
34668262099391,09:37:48.262,46.7000,200
34668262729081,09:37:48.262,46.7000,200
34668264253068,09:37:48.264,46.7000,100
34668264253068,09:37:48.264,46.7000,100
34668264253068,09:37:48.264,46.7000,100
34668264253068,09:37:48.264,46.7000,200
34668264253068,09:37:48.264,46.7000,100
34668264253068,09:37:48.264,46.7000,56
34668264253068,09:37:48.264,46.7000,100
34668264253068,09:37:48.264,46.7000,400
34668264315974,09:37:48.264,46.7000,100
34668264403484,09:37:48.264,46.7000,93
34668264424203,09:37:48.264,46.7000,100
34668264424203,09:37:48.264,46.7000,7
34668264581255,09:37:48.264,46.7000,93
34668264581255,09:37:48.264,46.7000,7
34668264590596,09:37:48.264,46.7000,93
34669442377417,09:37:49.442,46.7000,26
34670597816260,09:37:50.597,46.6900,200
34673331053784,09:37:53.331,46.7000,100
34673331053784,09:37:53.331,46.7000,100
34673331053784,09:37:53.331,46.7000,100
34673413049268,09:37:53.413,46.7000,100
34673415642002,09:37:53.415,46.7000,100
34673417719092,09:37:53.417,46.7000,53
34673417719092,09:37:53.417,46.7000,47
34677621158273,09:37:57.621,46.7100,100
34677621158273,09:37:57.621,46.7100,36
34677621158273,09:37:57.621,46.7100,81
34677621158273,09:37:57.621,46.7100,100
34677622261492,09:37:57.622,46.7100,100
34677626306749,09:37:57.626,46.7200,100
34677626306749,09:37:57.626,46.7200,100
34677626306749,09:37:57.626,46.7200,100
34677626306749,09:37:57.626,46.7200,100
34677626306749,09:37:57.626,46.7200,100
34677626306749,09:37:57.626,46.7200,150
34677626306749,09:37:57.626,46.7200,100
34677725052920,09:37:57.725,46.7300,100
34677725052920,09:37:57.725,46.7300,100
34677824798030,09:37:57.824,46.7300,100
34680066086997,09:38:00.066,46.7400,400
34680066086997,09:38:00.066,46.7400,100
34680066086997,09:38:00.066,46.7400,400
34680389589190,09:38:00.389,46.7400,100
34680389589190,09:38:00.389,46.7400,100
34684379885927,09:38:04.379,46.7300,100
34684379885927,09:38:04.379,46.7300,300
34684379885927,09:38:04.379,46.7300,61
34684379927648,09:38:04.379,46.7300,39
34684937142678,09:38:04.937,46.7200,100
34694961007021,09:38:14.961,46.7200,100
34694961007021,09:38:14.961,46.7200,275
34694961039795,09:38:14.961,46.7200,25
34694961039795,09:38:14.961,46.7200,300
34694961039795,09:38:14.961,46.7200,38
34694961039795,09:38:14.961,46.7200,100
34695842293592,09:38:15.842,46.7300,100
34699148318127,09:38:19.148,46.7400,100
34705299609784,09:38:25.299,46.7400,100
34705299609784,09:38:25.299,46.7400,200
34707252852477,09:38:27.252,46.7300,100
34707252852477,09:38:27.252,46.7300,100
34707253200017,09:38:27.253,46.7300,40
34709633496379,09:38:29.633,46.7200,100
34709633501818,09:38:29.633,46.7200,100
34709633537812,09:38:29.633,46.7200,14
34709633543069,09:38:29.633,46.7200,200
34709633572303,09:38:29.633,46.7200,572
34709633589611,09:38:29.633,46.7200,500
34709633597762,09:38:29.633,46.7200,1314
34711613619477,09:38:31.613,46.7150,100
34711613619477,09:38:31.613,46.7150,200
34713613214176,09:38:33.613,46.7200,300
34713613396366,09:38:33.613,46.7200,200
34715070879960,09:38:35.070,46.7250,600
34719817918891,09:38:39.817,46.7300,100
34719817918891,09:38:39.817,46.7300,200
34719817918891,09:38:39.817,46.7300,41
34719817918891,09:38:39.817,46.7300,100
34719817918891,09:38:39.817,46.7300,500
34719817918891,09:38:39.817,46.7300,100
34719818101042,09:38:39.818,46.7300,400
34719948549256,09:38:39.948,46.7400,23
34719951556205,09:38:39.951,46.7400,18
34721047755241,09:38:41.047,46.7400,52
34721346584339,09:38:41.346,46.7450,300
34724400105126,09:38:44.400,46.7450,687
34724400105126,09:38:44.400,46.7400,100
34724400105126,09:38:44.400,46.7400,313
34727173853677,09:38:47.173,46.7450,200
34727208819736,09:38:47.208,46.7400,300
34727208848865,09:38:47.208,46.7400,187
34727208848865,09:38:47.208,46.7400,200
34727208848865,09:38:47.208,46.7400,76
34727209156255,09:38:47.209,46.7400,100
34727248163663,09:38:47.248,46.7400,100
34727248163663,09:38:47.248,46.7400,100
34727248202674,09:38:47.248,46.7400,100
34727248202674,09:38:47.248,46.7400,200
34727248202674,09:38:47.248,46.7400,100
34728771633371,09:38:48.771,46.7500,100
34728771633371,09:38:48.771,46.7500,100
34728771633371,09:38:48.771,46.7500,46
34728771657110,09:38:48.771,46.7500,3954
34728771657110,09:38:48.771,46.7500,100
34728771657110,09:38:48.771,46.7500,100
34728771657110,09:38:48.771,46.7500,500
34728771657110,09:38:48.771,46.7500,100
34728771657110,09:38:48.771,46.7500,100
34728771657110,09:38:48.771,46.7500,143
34728771657110,09:38:48.771,46.7500,100
34728850999892,09:38:48.850,46.7500,100
34734096428692,09:38:54.096,46.7600,100
34734096428692,09:38:54.096,46.7600,100
34734096428692,09:38:54.096,46.7600,200
34734098065937,09:38:54.098,46.7700,100
34734098065937,09:38:54.098,46.7700,100
34734098065937,09:38:54.098,46.7700,200
34734098065937,09:38:54.098,46.7700,100
34734800442853,09:38:54.800,46.7700,100
34734800442853,09:38:54.800,46.7700,400
34734800442853,09:38:54.800,46.7700,100
34734800442853,09:38:54.800,46.7700,100
34735722889005,09:38:55.722,46.7600,100
34737252451350,09:38:57.252,46.7600,38
34737252451350,09:38:57.252,46.7600,62
34738369417645,09:38:58.369,46.7700,10
34740669127277,09:39:00.669,46.7700,90
34740669127277,09:39:00.669,46.7700,100
34740669127277,09:39:00.669,46.7700,10
34740710370247,09:39:00.710,46.7700,17
34741744391936,09:39:01.744,46.7600,74
34744026969603,09:39:04.026,46.7650,134
34745237230761,09:39:05.237,46.7650,186
34745237237254,09:39:05.237,46.7650,14
34745237237254,09:39:05.237,46.7600,100
34745237237254,09:39:05.237,46.7600,86
34745237280009,09:39:05.237,46.7600,14
34746071725669,09:39:06.071,46.7600,100
34746716694957,09:39:06.716,46.7650,100
34746716694957,09:39:06.716,46.7650,200
34746968477982,09:39:06.968,46.7700,1
34751690137156,09:39:11.690,46.7600,28
34751690819648,09:39:11.690,46.7600,57
34751690819648,09:39:11.690,46.7600,200
34751690819648,09:39:11.690,46.7600,100
34751690819648,09:39:11.690,46.7600,100
34751690819648,09:39:11.690,46.7600,500
34751706524212,09:39:11.706,46.7500,200
34755279274819,09:39:15.279,46.7700,72
34755279274819,09:39:15.279,46.7700,28
34756759324079,09:39:16.759,46.7700,100
34756759348349,09:39:16.759,46.7700,256
34756820499478,09:39:16.820,46.7700,211
34759665746049,09:39:19.665,46.7700,1
34764364293625,09:39:24.364,46.7700,104
34764364293625,09:39:24.364,46.7700,396
34764364309548,09:39:24.364,46.7700,404
34764364309548,09:39:24.364,46.7700,96
34764364325672,09:39:24.364,46.7700,52
34764364325672,09:39:24.364,46.7700,6
34764364325672,09:39:24.364,46.7700,100
34764364325672,09:39:24.364,46.7700,100
34764421877375,09:39:24.421,46.7700,100
34764423421905,09:39:24.423,46.7700,200
34764423421905,09:39:24.423,46.7700,200
34764427464670,09:39:24.427,46.7700,100
34764484300688,09:39:24.484,46.7700,100
34766110540163,09:39:26.110,46.7800,11
34767325790440,09:39:27.325,46.7800,155
34774096684146,09:39:34.096,46.7700,100
34774096684146,09:39:34.096,46.7700,100
34774096684146,09:39:34.096,46.7700,225
34774096684146,09:39:34.096,46.7700,200
34774100927218,09:39:34.100,46.7600,200
34774126061664,09:39:34.126,46.7600,100
34774255651435,09:39:34.255,46.7500,100
34774258206443,09:39:34.258,46.7500,100
34774260686768,09:39:34.260,46.7500,26
34774260686768,09:39:34.260,46.7500,74
34774854584686,09:39:34.854,46.7500,26
34774854584686,09:39:34.854,46.7500,100
34774854584686,09:39:34.854,46.7500,11
34774856841012,09:39:34.856,46.7500,300
34774856841012,09:39:34.856,46.7500,300
34774856841012,09:39:34.856,46.7500,100
34774856841012,09:39:34.856,46.7500,200
34774856841012,09:39:34.856,46.7500,100
34774856841012,09:39:34.856,46.7500,64
34774856841012,09:39:34.856,46.7500,88
34774856841012,09:39:34.856,46.7500,100
34774856841012,09:39:34.856,46.7500,100
34774856841012,09:39:34.856,46.7500,200
34774858768419,09:39:34.858,46.7500,100
34777790397393,09:39:37.790,46.7550,100
34778026546710,09:39:38.026,46.7600,100
34778394051671,09:39:38.394,46.7700,100
34784907506980,09:39:44.907,46.7700,500
34784907506980,09:39:44.907,46.7700,100
34784907506980,09:39:44.907,46.7700,100
34784916751789,09:39:44.916,46.7800,1134
34784916751789,09:39:44.916,46.7800,100
34784936990706,09:39:44.936,46.7900,100
34784936990706,09:39:44.936,46.7900,101
34788114821335,09:39:48.114,46.8000,1
34789206577343,09:39:49.206,46.8000,59
34789206577343,09:39:49.206,46.8000,41
34791881069693,09:39:51.881,46.8000,12
34791942498049,09:39:51.942,46.8000,47
34791942498049,09:39:51.942,46.8000,768
34791942498049,09:39:51.942,46.8000,2
34791942498049,09:39:51.942,46.8000,1500
34791942498049,09:39:51.942,46.8000,100
34791942498049,09:39:51.942,46.8000,83
34791942604596,09:39:51.942,46.8000,417
34791942604596,09:39:51.942,46.8000,300
34791942604596,09:39:51.942,46.8000,600
34791942604596,09:39:51.942,46.8000,170
34791942604596,09:39:51.942,46.8000,100
34791942604596,09:39:51.942,46.8000,100
34791942604596,09:39:51.942,46.8000,400
34791942604596,09:39:51.942,46.8000,100
34791942604596,09:39:51.942,46.8000,100
34791942641392,09:39:51.942,46.8000,100
34791942748091,09:39:51.942,46.8000,100
34791965188313,09:39:51.965,46.8100,2504
34791965224525,09:39:51.965,46.8100,100
34791965235345,09:39:51.965,46.8100,396
34791965235345,09:39:51.965,46.8100,100
34791965235345,09:39:51.965,46.8100,100
34791965235345,09:39:51.965,46.8100,100
34791980597795,09:39:51.980,46.8200,13
34792366009334,09:39:52.366,46.8200,1127
34792366043575,09:39:52.366,46.8200,10060
34792366166915,09:39:52.366,46.8300,200
34792366756693,09:39:52.366,46.8300,43
34792368194747,09:39:52.368,46.8300,300
34792368194747,09:39:52.368,46.8300,300
34792368194747,09:39:52.368,46.8300,57
34792368194747,09:39:52.368,46.8300,100
34792368194747,09:39:52.368,46.8300,100
34792368194747,09:39:52.368,46.8300,200
34793265865312,09:39:53.265,46.8200,200
34793265865312,09:39:53.265,46.8200,100
34793942428567,09:39:53.942,46.8200,300
34793942428567,09:39:53.942,46.8200,1
34793942428567,09:39:53.942,46.8200,7
34793942428567,09:39:53.942,46.8200,12
34795430942412,09:39:55.430,46.8100,12
34798038910980,09:39:58.038,46.8000,100
34798061806086,09:39:58.061,46.8000,100
34798328406024,09:39:58.328,46.8000,600
34798328406024,09:39:58.328,46.8000,11
34798328406024,09:39:58.328,46.8000,12
34798328406024,09:39:58.328,46.8000,12
34799089132407,09:39:59.089,46.7900,100
34799659045908,09:39:59.659,46.7900,100
34800533507556,09:40:00.533,46.7800,100
34800533507556,09:40:00.533,46.7800,200
34800533507556,09:40:00.533,46.7800,100
34800553504437,09:40:00.553,46.7900,100
34800553504437,09:40:00.553,46.7900,400
34801329451723,09:40:01.329,46.8000,17
34801379406078,09:40:01.379,46.8000,32
34801677123165,09:40:01.677,46.8000,49
34801677166814,09:40:01.677,46.8000,2
34801677166814,09:40:01.677,46.8000,100
34801677166814,09:40:01.677,46.8000,100
34801677166814,09:40:01.677,46.8000,100
34801677600703,09:40:01.677,46.8000,100
34803740296882,09:40:03.740,46.8000,100
34803740296882,09:40:03.740,46.8000,200
34803740296882,09:40:03.740,46.8000,100
34803785525225,09:40:03.785,46.8000,200
34806315127922,09:40:06.315,46.8100,400
34806315127922,09:40:06.315,46.8100,400
34806315127922,09:40:06.315,46.8100,500
34806315127922,09:40:06.315,46.8100,100
34807727775697,09:40:07.727,46.8200,13
34807735344240,09:40:07.735,46.8200,29
34809952238004,09:40:09.952,46.8100,200
34809952238004,09:40:09.952,46.8100,200
34814324835593,09:40:14.324,46.8100,224
34814324854122,09:40:14.324,46.8100,76
34814467859238,09:40:14.467,46.8200,458
34814467859238,09:40:14.467,46.8200,100
34814467859238,09:40:14.467,46.8200,100
34814468186240,09:40:14.468,46.8200,100
34814468333012,09:40:14.468,46.8200,2900
34814468333012,09:40:14.468,46.8200,100
34814468333012,09:40:14.468,46.8200,200
34814468333012,09:40:14.468,46.8200,200
34814468333012,09:40:14.468,46.8200,58
34814468333012,09:40:14.468,46.8200,200
34814468333012,09:40:14.468,46.8200,100
34814468333012,09:40:14.468,46.8200,67
34814468474863,09:40:14.468,46.8200,100
34814468804895,09:40:14.468,46.8200,86
34814468996507,09:40:14.468,46.8200,14
34814469198806,09:40:14.469,46.8200,63
34815373999780,09:40:15.373,46.8200,100
34815373999780,09:40:15.373,46.8200,100
34815374124897,09:40:15.374,46.8200,96
34817438973095,09:40:17.438,46.8200,200
34817438973095,09:40:17.438,46.8200,300
34817439394175,09:40:17.439,46.8200,100
34824897049248,09:40:24.897,46.8200,92
34824897078110,09:40:24.897,46.8200,8
34824897078110,09:40:24.897,46.8200,7
34824897078110,09:40:24.897,46.8200,6
34824897078110,09:40:24.897,46.8200,11
34827159537164,09:40:27.159,46.8100,24
34827188169170,09:40:27.188,46.8000,200
34827188169170,09:40:27.188,46.8000,200
34827188169170,09:40:27.188,46.8000,100
34827188169170,09:40:27.188,46.8000,100
34827188169170,09:40:27.188,46.8000,200
34827190246274,09:40:27.190,46.8000,100
34827190246274,09:40:27.190,46.8000,58
34827190246274,09:40:27.190,46.8000,42
34827313422539,09:40:27.313,46.8000,1
34827609262259,09:40:27.609,46.8000,100
34829565150115,09:40:29.565,46.8000,100
34829565150115,09:40:29.565,46.8000,100
34837234385388,09:40:37.234,46.7850,200
34842745188416,09:40:42.745,46.7800,100
34842745188416,09:40:42.745,46.7800,175
34843208396758,09:40:43.208,46.7800,25
34843208396758,09:40:43.208,46.7800,100
34843208396758,09:40:43.208,46.7800,75
34845686975729,09:40:45.686,46.7800,100
34845687018629,09:40:45.687,46.7800,200
34845687018629,09:40:45.687,46.7800,100
34848794765405,09:40:48.794,46.7900,500
34848794765405,09:40:48.794,46.7900,300
34848794765405,09:40:48.794,46.7900,100
34848794857709,09:40:48.794,46.7900,121
34850752609889,09:40:50.752,46.8000,300
34850752609889,09:40:50.752,46.8000,300
34850752691931,09:40:50.752,46.8000,12
34850752733185,09:40:50.752,46.8000,88
34850816668339,09:40:50.816,46.8000,100
34851723927953,09:40:51.723,46.8000,100
34851723927953,09:40:51.723,46.8000,100
34851723927953,09:40:51.723,46.8000,300
34851723927953,09:40:51.723,46.8000,100
34853725865946,09:40:53.725,46.7900,300
34853725865946,09:40:53.725,46.7900,200
34853725865946,09:40:53.725,46.7900,100
34853725865946,09:40:53.725,46.7900,300
34855121413485,09:40:55.121,46.7800,200
34855121413485,09:40:55.121,46.7800,100
34857413335735,09:40:57.413,46.7600,200
34857413335735,09:40:57.413,46.7600,200
34857413762019,09:40:57.413,46.7600,74
34857414623273,09:40:57.414,46.7600,9
34858171369109,09:40:58.171,46.7600,100
34858171369109,09:40:58.171,46.7600,300
34858171369109,09:40:58.171,46.7600,200
34858171369109,09:40:58.171,46.7600,100
34858171369109,09:40:58.171,46.7600,100
34859114438366,09:40:59.114,46.7600,17
34859550374485,09:40:59.550,46.7500,200
34859550374485,09:40:59.550,46.7500,100
34859550374485,09:40:59.550,46.7500,100
34859550374485,09:40:59.550,46.7500,15
34859550374485,09:40:59.550,46.7500,100
34859550374485,09:40:59.550,46.7500,100
34859550374485,09:40:59.550,46.7500,185
34859550471850,09:40:59.550,46.7500,100
34859551602405,09:40:59.551,46.7500,100
34859551602405,09:40:59.551,46.7500,100
34859552542860,09:40:59.552,46.7500,210
34859552542860,09:40:59.552,46.7500,90
34859560179292,09:40:59.560,46.7500,1
34861344705547,09:41:01.344,46.7400,130
34861344705547,09:41:01.344,46.7400,100
34861344705547,09:41:01.344,46.7400,1
34861344705547,09:41:01.344,46.7400,69
34862309364693,09:41:02.309,46.7400,100
34864679700026,09:41:04.679,46.7200,100
34864680656528,09:41:04.680,46.7300,100
34864680656528,09:41:04.680,46.7300,54
34864680656528,09:41:04.680,46.7300,200
34864680656528,09:41:04.680,46.7300,100
34864680656528,09:41:04.680,46.7300,300
34864680656528,09:41:04.680,46.7300,100
34864680749462,09:41:04.680,46.7300,100
34864680915801,09:41:04.680,46.7300,7
34864681372407,09:41:04.681,46.7300,100
34864681372407,09:41:04.681,46.7300,100
34864681372407,09:41:04.681,46.7300,100
34864681372407,09:41:04.681,46.7300,100
34864685661189,09:41:04.685,46.7300,100
34869441268534,09:41:09.441,46.7300,100
34869441268534,09:41:09.441,46.7300,200
34869441268534,09:41:09.441,46.7300,100
34880432058022,09:41:20.432,46.7400,17
34880432132013,09:41:20.432,46.7400,83
34881235008677,09:41:21.235,46.7500,100
34881235329418,09:41:21.235,46.7500,100
34881235329418,09:41:21.235,46.7500,100
34882268281041,09:41:22.268,46.7600,100
34882268281041,09:41:22.268,46.7600,100
34882268281041,09:41:22.268,46.7600,200
34882268683194,09:41:22.268,46.7600,100
34882991963145,09:41:22.991,46.7600,100
34882991963145,09:41:22.991,46.7600,200
34882991963145,09:41:22.991,46.7600,98
34882991963145,09:41:22.991,46.7600,102
34882992310803,09:41:22.992,46.7600,98
34885622741964,09:41:25.622,46.7500,300
34885622741964,09:41:25.622,46.7500,100
34885622741964,09:41:25.622,46.7500,100
34885622741964,09:41:25.622,46.7500,100
34885622741964,09:41:25.622,46.7500,100
34885624303524,09:41:25.624,46.7450,400
34885624303524,09:41:25.624,46.7400,300
34885624303524,09:41:25.624,46.7400,100
34885702260700,09:41:25.702,46.7500,100
34885702260700,09:41:25.702,46.7500,100
34885702260700,09:41:25.702,46.7500,100
34885702260700,09:41:25.702,46.7500,59
34885702260700,09:41:25.702,46.7500,100
34885702260700,09:41:25.702,46.7500,19
34885702260700,09:41:25.702,46.7500,200
34885702260700,09:41:25.702,46.7500,86
34885702260700,09:41:25.702,46.7500,700
34885702816612,09:41:25.702,46.7500,100
34885711612202,09:41:25.711,46.7500,400
34885711612202,09:41:25.711,46.7500,100
34885711612202,09:41:25.711,46.7500,100
34885736808683,09:41:25.736,46.7500,100
34885736808683,09:41:25.736,46.7500,200
34885736808683,09:41:25.736,46.7500,63
34885736808683,09:41:25.736,46.7500,100
34885736808683,09:41:25.736,46.7500,37
34886220664525,09:41:26.220,46.7500,17
34886554595803,09:41:26.554,46.7500,25
34886589866942,09:41:26.589,46.7500,183
34886590127971,09:41:26.590,46.7500,100
34886590507507,09:41:26.590,46.7500,438
34886590507507,09:41:26.590,46.7500,100
34886591566707,09:41:26.591,46.7500,100
34886592260972,09:41:26.592,46.7500,100
34886592260972,09:41:26.592,46.7500,41
34886822796718,09:41:26.822,46.7500,100
34886822796718,09:41:26.822,46.7500,100
34886822796718,09:41:26.822,46.7500,200
34889114548515,09:41:29.114,46.7500,100
34893142117513,09:41:33.142,46.7500,361
34893142141564,09:41:33.142,46.7500,239
34893144353599,09:41:33.144,46.7400,100
34893144353599,09:41:33.144,46.7400,200
34893144353599,09:41:33.144,46.7400,100
34893144353599,09:41:33.144,46.7400,100
34893144353599,09:41:33.144,46.7400,100
34893144353599,09:41:33.144,46.7400,300
34893144353599,09:41:33.144,46.7400,100
34893144353599,09:41:33.144,46.7400,300
34893144353599,09:41:33.144,46.7400,100
34893144353599,09:41:33.144,46.7400,1800
34893145095415,09:41:33.145,46.7400,100
34893145095415,09:41:33.145,46.7400,100
34893145095415,09:41:33.145,46.7400,200
34893145095415,09:41:33.145,46.7400,100
34893145095415,09:41:33.145,46.7400,88
34893145694448,09:41:33.145,46.7400,100
34893152557619,09:41:33.152,46.7400,100
34893176563324,09:41:33.176,46.7400,324
34893176590710,09:41:33.176,46.7400,1955
34893232483390,09:41:33.232,46.7400,67
34893232483390,09:41:33.232,46.7400,100
34893232483390,09:41:33.232,46.7400,100
34893232483390,09:41:33.232,46.7400,100
34894335188294,09:41:34.335,46.7300,16
34894612183280,09:41:34.612,46.7300,25
34894612213260,09:41:34.612,46.7300,59
34894612213260,09:41:34.612,46.7300,10000
34894612213260,09:41:34.612,46.7300,100
34894612213260,09:41:34.612,46.7300,50
34894612213260,09:41:34.612,46.7300,1
34894613713953,09:41:34.613,46.7300,200
34894613713953,09:41:34.613,46.7300,100
34894613713953,09:41:34.613,46.7300,200
34894613713953,09:41:34.613,46.7300,200
34894614944356,09:41:34.614,46.7300,100
34894614944356,09:41:34.614,46.7300,200
34894614944356,09:41:34.614,46.7300,300
34894614944356,09:41:34.614,46.7300,100
34894745084186,09:41:34.745,46.7300,100
34894745085682,09:41:34.745,46.7300,400
34894745121931,09:41:34.745,46.7300,100
34894757784787,09:41:34.757,46.7300,100
34895474596365,09:41:35.474,46.7300,100
34895474596365,09:41:35.474,46.7300,200
34895474596365,09:41:35.474,46.7300,100
34895474596365,09:41:35.474,46.7300,100
34895474968178,09:41:35.474,46.7300,100
34895475011460,09:41:35.475,46.7300,100
34899240851861,09:41:39.240,46.7300,100
34899240851861,09:41:39.240,46.7300,100
34899240851861,09:41:39.240,46.7300,500
34900332914817,09:41:40.332,46.7200,100
34900332914817,09:41:40.332,46.7200,100
34900332914817,09:41:40.332,46.7200,85
34901386619477,09:41:41.386,46.7000,53
34901386619477,09:41:41.386,46.7000,800
34902321490244,09:41:42.321,46.7000,100
34902321490244,09:41:42.321,46.7000,100
34902321490244,09:41:42.321,46.7000,100
34904345656488,09:41:44.345,46.7000,200
34904808700784,09:41:44.808,46.7000,100
34904808700784,09:41:44.808,46.6900,100
34904808700784,09:41:44.808,46.6900,119
34904808700784,09:41:44.808,46.6900,100
34904808700784,09:41:44.808,46.6900,100
34904808700784,09:41:44.808,46.6900,100
34904808700784,09:41:44.808,46.6900,100
34904808700784,09:41:44.808,46.6900,100
34904808700784,09:41:44.808,46.6900,81
34904810051100,09:41:44.810,46.6900,74
34907608466042,09:41:47.608,46.6800,25
34908963044532,09:41:48.963,46.6800,1000
34908982395655,09:41:48.982,46.6700,300
34908982395655,09:41:48.982,46.6700,100
34909217208297,09:41:49.217,46.6600,100
34911682933335,09:41:51.682,46.6700,100
34911682933335,09:41:51.682,46.6700,100
34911900823194,09:41:51.900,46.6700,62
34911900823194,09:41:51.900,46.6700,38
34911901046224,09:41:51.901,46.6700,200
34911901046224,09:41:51.901,46.6700,24
34913430884092,09:41:53.430,46.6700,100
34914630764470,09:41:54.630,46.6700,600
34914630764470,09:41:54.630,46.6700,23
34914653854746,09:41:54.653,46.6600,100
34914653854746,09:41:54.653,46.6600,100
34914653854746,09:41:54.653,46.6600,200
34914653854746,09:41:54.653,46.6600,100
34914689041150,09:41:54.689,46.6600,100
34914939879167,09:41:54.939,46.6600,100
34914939879167,09:41:54.939,46.6600,200
34914939879167,09:41:54.939,46.6600,100
34916127541792,09:41:56.127,46.6600,100
34928356809088,09:42:08.356,46.6500,500
34928356809088,09:42:08.356,46.6500,1000
34928356809088,09:42:08.356,46.6500,200
34928356809088,09:42:08.356,46.6500,50
34928356809088,09:42:08.356,46.6500,304
34928360521802,09:42:08.360,46.6400,100
34928360521802,09:42:08.360,46.6400,100
34929167494626,09:42:09.167,46.6200,10
34929167494626,09:42:09.167,46.6200,50
34929167494626,09:42:09.167,46.6200,600
34930827648661,09:42:10.827,46.6200,100
34930827648661,09:42:10.827,46.6200,200
34930827648661,09:42:10.827,46.6200,400
34930827648661,09:42:10.827,46.6200,200
34930827648661,09:42:10.827,46.6200,100
34930926783203,09:42:10.926,46.6200,100
34934702042097,09:42:14.702,46.6200,600
34934702042097,09:42:14.702,46.6200,100
34935406925963,09:42:15.406,46.6200,100
34935406925963,09:42:15.406,46.6200,49
34935406925963,09:42:15.406,46.6200,51
34935406956302,09:42:15.406,46.6200,49
34936045608491,09:42:16.045,46.6200,100
34936045608491,09:42:16.045,46.6200,9
34936045608491,09:42:16.045,46.6200,591
34936045638584,09:42:16.045,46.6200,9
34936437820793,09:42:16.437,46.6150,400
34937498103214,09:42:17.498,46.6100,553
34937498152832,09:42:17.498,46.6100,47
34937498152832,09:42:17.498,46.6100,100
34940573627291,09:42:20.573,46.6100,100
34940573650621,09:42:20.573,46.6000,100
34940573650621,09:42:20.573,46.6000,100
34941587335495,09:42:21.587,46.6000,500
34941587335495,09:42:21.587,46.6000,500
34941587335495,09:42:21.587,46.6000,100
34941587382941,09:42:21.587,46.6000,9
34942413969748,09:42:22.413,46.5900,100
34942413969748,09:42:22.413,46.5900,400
34944637935863,09:42:24.637,46.6100,100
34945262876344,09:42:25.262,46.6100,100
34950779380516,09:42:30.779,46.6200,300
34950779407123,09:42:30.779,46.6200,100
34953700702551,09:42:33.700,46.6200,100
34959777621000,09:42:39.777,46.6300,26
34959777649462,09:42:39.777,46.6300,74
34959777649462,09:42:39.777,46.6300,400
34959777649462,09:42:39.777,46.6300,700
34959777649462,09:42:39.777,46.6300,100
34960360671029,09:42:40.360,46.6300,100
34960364364371,09:42:40.364,46.6300,100
34960369357369,09:42:40.369,46.6300,100
34960971099255,09:42:40.971,46.6300,14
34961926777011,09:42:41.926,46.6300,38
34961945042877,09:42:41.945,46.6300,25
34961945117784,09:42:41.945,46.6300,20
34969928254755,09:42:49.928,46.6300,13
34970612888827,09:42:50.612,46.6300,74
34970612921414,09:42:50.612,46.6300,68
34970612921414,09:42:50.612,46.6300,32
34970612931122,09:42:50.612,46.6300,100
34970612940371,09:42:50.612,46.6300,268
34970612940371,09:42:50.612,46.6300,200
34970870118719,09:42:50.870,46.6200,300
34970870118719,09:42:50.870,46.6200,50
34970870118719,09:42:50.870,46.6200,100
34970927698191,09:42:50.927,46.6100,200
34970927698191,09:42:50.927,46.6100,100
34970927698191,09:42:50.927,46.6100,70
34971005063651,09:42:51.005,46.6000,100
34971008096346,09:42:51.008,46.6000,100
34971008096346,09:42:51.008,46.6000,100
34971008096346,09:42:51.008,46.6000,100
34971011148292,09:42:51.011,46.6000,100
34973457735516,09:42:53.457,46.6000,100
34977843473451,09:42:57.843,46.6000,68
34977843473451,09:42:57.843,46.6000,494
34985234245378,09:43:05.234,46.5900,600
34985234245378,09:43:05.234,46.5900,95
34985897870494,09:43:05.897,46.5700,100
34985897870494,09:43:05.897,46.5700,100
34985898693437,09:43:05.898,46.5700,100
34985898693437,09:43:05.898,46.5700,100
34985898693437,09:43:05.898,46.5700,100
34985898693437,09:43:05.898,46.5700,69
34985898693437,09:43:05.898,46.5700,100
34985898693437,09:43:05.898,46.5700,100
34985898693437,09:43:05.898,46.5700,100
34985898693437,09:43:05.898,46.5700,200
34986001180989,09:43:06.001,46.5800,300
34986879748893,09:43:06.879,46.5900,100
34989395315260,09:43:09.395,46.5900,100
34989395315260,09:43:09.395,46.5900,100
34989395315260,09:43:09.395,46.5900,200
34989395315260,09:43:09.395,46.5900,100
34989463689180,09:43:09.463,46.6000,100
34989463765128,09:43:09.463,46.6000,2
34989464172690,09:43:09.464,46.6000,98
34989464172690,09:43:09.464,46.6000,100
34989464172690,09:43:09.464,46.6000,64
34989464348206,09:43:09.464,46.6000,100
34989465434185,09:43:09.465,46.6000,100
34989465434185,09:43:09.465,46.6000,33
34989465451296,09:43:09.465,46.6000,167
34989465451296,09:43:09.465,46.6000,100
34989465451296,09:43:09.465,46.6000,100
34989465451296,09:43:09.465,46.6000,68
34989465521626,09:43:09.465,46.6000,62
34989465521626,09:43:09.465,46.6000,300
34989465521626,09:43:09.465,46.6000,138
34989465629915,09:43:09.465,46.6000,100
34989988755107,09:43:09.988,46.6000,100
34989988755107,09:43:09.988,46.6000,100
34989988755107,09:43:09.988,46.6000,100
34989988755107,09:43:09.988,46.6000,100
34993085528133,09:43:13.085,46.6000,100
34993085528133,09:43:13.085,46.6000,100
34993085597855,09:43:13.085,46.6000,100
34993119436323,09:43:13.119,46.6000,100
34993119436323,09:43:13.119,46.6000,200
34993119436323,09:43:13.119,46.6000,100
34993119436323,09:43:13.119,46.6000,100
34993119436323,09:43:13.119,46.6000,100
34993123276202,09:43:13.123,46.6000,100
34993123276202,09:43:13.123,46.6000,100
34993126487248,09:43:13.126,46.6000,100
34993126487248,09:43:13.126,46.6000,100
34993128049449,09:43:13.128,46.6000,100
34993128049449,09:43:13.128,46.6000,100
35002732451919,09:43:22.732,46.5900,100
35002732451919,09:43:22.732,46.5900,20
35004615343916,09:43:24.615,46.5900,200
35004615343916,09:43:24.615,46.5900,100
35004615343916,09:43:24.615,46.5900,200
35004617476062,09:43:24.617,46.5800,400
35004617541759,09:43:24.617,46.5800,100
35004617619203,09:43:24.617,46.5800,100
35004617932397,09:43:24.617,46.5800,100
35004617932397,09:43:24.617,46.5800,300
35004619882979,09:43:24.619,46.5800,100
35004623063389,09:43:24.623,46.5800,100
35004626921550,09:43:24.626,46.5800,100
35004626921550,09:43:24.626,46.5800,67
35004626921550,09:43:24.626,46.5800,33
35004819764117,09:43:24.819,46.5800,167
35004819764117,09:43:24.819,46.5800,100
35004819764117,09:43:24.819,46.5800,100
35004819764117,09:43:24.819,46.5800,100
35004823516308,09:43:24.823,46.5800,100
35008405664083,09:43:28.405,46.5800,200
35008405664083,09:43:28.405,46.5800,400
35009384931225,09:43:29.384,46.5700,500
35009399863044,09:43:29.399,46.5700,96
35013802898408,09:43:33.802,46.5750,51
35013848622620,09:43:33.848,46.5700,100
35013848622620,09:43:33.848,46.5700,200
35014273335530,09:43:34.273,46.5600,200
35014276777228,09:43:34.276,46.5600,100
35014276777228,09:43:34.276,46.5600,100
35014447106106,09:43:34.447,46.5600,33
35014447191388,09:43:34.447,46.5600,100
35014447191388,09:43:34.447,46.5600,85
35014447258954,09:43:34.447,46.5600,115
35014447258954,09:43:34.447,46.5600,100
35014447812899,09:43:34.447,46.5600,100
35015038026278,09:43:35.038,46.5600,300
35015038026278,09:43:35.038,46.5600,63
35015038026278,09:43:35.038,46.5600,100
35015038026278,09:43:35.038,46.5600,100
35015038026278,09:43:35.038,46.5600,200
35015038026278,09:43:35.038,46.5600,200
35015573448420,09:43:35.573,46.5600,100
35015573448420,09:43:35.573,46.5600,100
35015603108880,09:43:35.603,46.5600,100
35015603108880,09:43:35.603,46.5600,100
35015603482817,09:43:35.603,46.5600,200
35015603607357,09:43:35.603,46.5600,100
35015604213457,09:43:35.604,46.5600,100
35015604213457,09:43:35.604,46.5600,128
35015604449963,09:43:35.604,46.5600,300
35015604449963,09:43:35.604,46.5600,100
35019960393450,09:43:39.960,46.5500,294
35019960652977,09:43:39.960,46.5500,706
35019960652977,09:43:39.960,46.5500,100
35019960652977,09:43:39.960,46.5500,113
35019960654091,09:43:39.960,46.5500,87
35019960654091,09:43:39.960,46.5500,109
35023889823388,09:43:43.889,46.5500,100
35023889823388,09:43:43.889,46.5500,100
35023889823388,09:43:43.889,46.5500,100
35023889823388,09:43:43.889,46.5500,100
35023889823388,09:43:43.889,46.5500,100
35024661199881,09:43:44.661,46.5500,15
35025113141758,09:43:45.113,46.5600,100
35025113141758,09:43:45.113,46.5600,300
35025113583878,09:43:45.113,46.5600,1
35025114521885,09:43:45.114,46.5600,200
35025114673149,09:43:45.114,46.5600,70
35025116735778,09:43:45.116,46.5600,108
35025116735778,09:43:45.116,46.5600,100
35025116735778,09:43:45.116,46.5600,34
35025132061290,09:43:45.132,46.5600,300
35025132061290,09:43:45.132,46.5600,69
35025132061290,09:43:45.132,46.5600,100
35025132061290,09:43:45.132,46.5600,100
35025132061290,09:43:45.132,46.5600,100
35025132061290,09:43:45.132,46.5600,100
35025132061290,09:43:45.132,46.5600,100
35025132061290,09:43:45.132,46.5600,100
35025132061290,09:43:45.132,46.5600,31
35026897708485,09:43:46.897,46.5600,100
35026898768499,09:43:46.898,46.5600,310
35026899032208,09:43:46.899,46.5600,100
35026905670027,09:43:46.905,46.5600,90
35026905670027,09:43:46.905,46.5600,10
35026909918059,09:43:46.909,46.5600,90
35027121464256,09:43:47.121,46.5600,100
35027121464256,09:43:47.121,46.5600,100
35027121464256,09:43:47.121,46.5600,100
35027121464256,09:43:47.121,46.5600,200
35027121464256,09:43:47.121,46.5600,100
35027122016910,09:43:47.122,46.5600,300
35027126500035,09:43:47.126,46.5600,100
35027130931718,09:43:47.130,46.5600,100
35027133362086,09:43:47.133,46.5600,600
35027133362086,09:43:47.133,46.5600,34
35027133362086,09:43:47.133,46.5600,200
35027133362086,09:43:47.133,46.5600,100
35027133362086,09:43:47.133,46.5600,100
35027133902888,09:43:47.133,46.5600,100
35029415513167,09:43:49.415,46.5550,200
35029428573957,09:43:49.428,46.5600,1
35029428843416,09:43:49.428,46.5550,100
35029431088032,09:43:49.431,46.5600,99
35029436420427,09:43:49.436,46.5600,100
35029441966228,09:43:49.441,46.5600,100
35030100345840,09:43:50.100,46.5550,200
35032207356192,09:43:52.207,46.5500,200
35032207356192,09:43:52.207,46.5500,600
35032207356192,09:43:52.207,46.5500,100
35032207356192,09:43:52.207,46.5500,100
35032207356192,09:43:52.207,46.5500,100
35032207356192,09:43:52.207,46.5500,100
35032236728494,09:43:52.236,46.5400,200
35032236728494,09:43:52.236,46.5400,100
35032236728494,09:43:52.236,46.5400,200
35032236728494,09:43:52.236,46.5400,85
35032531149640,09:43:52.531,46.5350,100
35032531149640,09:43:52.531,46.5400,300
35032531149640,09:43:52.531,46.5400,100
35032531149640,09:43:52.531,46.5400,100
35032531149640,09:43:52.531,46.5400,200
35032531149640,09:43:52.531,46.5400,100
35032531149640,09:43:52.531,46.5400,100
35032531615487,09:43:52.531,46.5400,100
35032531615487,09:43:52.531,46.5400,91
35032531626287,09:43:52.531,46.5400,1
35032532636514,09:43:52.532,46.5400,100
35032532636514,09:43:52.532,46.5400,300
35032532636514,09:43:52.532,46.5400,9
35032536877642,09:43:52.536,46.5400,200
35032536877642,09:43:52.536,46.5400,100
35032536877642,09:43:52.536,46.5400,69
35035025434575,09:43:55.025,46.5500,100
35035025434575,09:43:55.025,46.5500,100
35035025906732,09:43:55.025,46.5500,100
35037075685776,09:43:57.075,46.5500,600
35037075685776,09:43:57.075,46.5500,100
35037075685776,09:43:57.075,46.5500,100
35037075685776,09:43:57.075,46.5500,60
35040167558786,09:44:00.167,46.5500,1
35040167909230,09:44:00.167,46.5500,99
35040174365553,09:44:00.174,46.5500,200
35040174365553,09:44:00.174,46.5500,100
35042718654771,09:44:02.718,46.5500,100
35042718654771,09:44:02.718,46.5500,22
35042718697030,09:44:02.718,46.5500,100
35042718697030,09:44:02.718,46.5500,13
35042718734584,09:44:02.718,46.5500,37
35043404338543,09:44:03.404,46.5400,87
35043404366281,09:44:03.404,46.5400,13
35043404366281,09:44:03.404,46.5400,200
35043425169870,09:44:03.425,46.5350,100
35043425169870,09:44:03.425,46.5400,300
35043425169870,09:44:03.425,46.5400,100
35043425169870,09:44:03.425,46.5400,100
35043425169870,09:44:03.425,46.5400,200
35043425169870,09:44:03.425,46.5400,72
35043425169870,09:44:03.425,46.5400,100
35043425169870,09:44:03.425,46.5400,128
35043425393258,09:44:03.425,46.5400,85
35043425393258,09:44:03.425,46.5400,100
35043425806294,09:44:03.425,46.5400,80
35043425834757,09:44:03.425,46.5400,20
35043425834757,09:44:03.425,46.5400,200
35044912395619,09:44:04.912,46.5400,100
35044912395619,09:44:04.912,46.5400,200
35044912395619,09:44:04.912,46.5400,200
35044912395619,09:44:04.912,46.5400,100
35044916798172,09:44:04.916,46.5400,200
35044916798172,09:44:04.916,46.5400,100
35044916798172,09:44:04.916,46.5400,100
35044918242219,09:44:04.918,46.5400,64
35044918242219,09:44:04.918,46.5400,136
35044920762285,09:44:04.920,46.5400,64
35044920762285,09:44:04.920,46.5400,100
35044920762285,09:44:04.920,46.5400,36
35044945291528,09:44:04.945,46.5350,400
35044945291528,09:44:04.945,46.5300,100
35044945291528,09:44:04.945,46.5300,200
35044945291528,09:44:04.945,46.5300,100
35044945291528,09:44:04.945,46.5300,200
35046836084034,09:44:06.836,46.5300,200
35046836153629,09:44:06.836,46.5300,14
35047124192895,09:44:07.124,46.5300,186
35047802518594,09:44:07.802,46.5200,100
35047802518594,09:44:07.802,46.5200,83
35047802876925,09:44:07.802,46.5200,17
35047803568542,09:44:07.803,46.5200,31
35047803657391,09:44:07.803,46.5200,31
35047803863305,09:44:07.803,46.5200,31
35047804268614,09:44:07.804,46.5200,38
35047804902606,09:44:07.804,46.5200,31
35047805050007,09:44:07.805,46.5200,38
35047805142728,09:44:07.805,46.5200,31
35047805153174,09:44:07.805,46.5200,38
35047805895966,09:44:07.805,46.5200,38
35047805967619,09:44:07.805,46.5200,24
35047805967619,09:44:07.805,46.5200,7
35047805968888,09:44:07.805,46.5200,34
35047806480418,09:44:07.806,46.5200,28
35047806906633,09:44:07.806,46.5200,10
35047807273839,09:44:07.807,46.5200,21
35047807626842,09:44:07.807,46.5200,13
35047807927812,09:44:07.807,46.5200,28
35047808204769,09:44:07.808,46.5200,10
35047808347690,09:44:07.808,46.5200,17
35047808479407,09:44:07.808,46.5200,21
35047808705135,09:44:07.808,46.5200,11
35048845913304,09:44:08.845,46.5200,100
35048845913304,09:44:08.845,46.5200,100
35048845913304,09:44:08.845,46.5200,200
35048845913304,09:44:08.845,46.5200,100
35048845913304,09:44:08.845,46.5200,100
35048845913304,09:44:08.845,46.5200,100
35050399671191,09:44:10.399,46.5300,100
35050399672915,09:44:10.399,46.5300,100
35050399698926,09:44:10.399,46.5300,100
35050399698926,09:44:10.399,46.5300,100
35050399698926,09:44:10.399,46.5300,100
35050399698926,09:44:10.399,46.5300,100
35050411836662,09:44:10.411,46.5400,100
35050411836662,09:44:10.411,46.5400,100
35050411969629,09:44:10.411,46.5400,1
35050414843823,09:44:10.414,46.5400,99
35051921810301,09:44:11.921,46.5400,100
35051921810301,09:44:11.921,46.5400,200
35051921810301,09:44:11.921,46.5400,100
35052922600443,09:44:12.922,46.5400,100
35052922692105,09:44:12.922,46.5400,200
35053064460463,09:44:13.064,46.5500,100
35053064645028,09:44:13.064,46.5500,100
35054671509188,09:44:14.671,46.5600,100
35057940747201,09:44:17.940,46.5600,600
35057940771769,09:44:17.940,46.5600,24
35060436690143,09:44:20.436,46.5400,25
35064988090590,09:44:24.988,46.5300,200
35064988090590,09:44:24.988,46.5300,100
35067817721186,09:44:27.817,46.5300,124
35067818511915,09:44:27.818,46.5300,37
35073078595683,09:44:33.078,46.5300,100
35073078601023,09:44:33.078,46.5300,100
35073078601023,09:44:33.078,46.5300,100
35076621915611,09:44:36.621,46.5200,100
35076622247390,09:44:36.622,46.5200,200
35077450602054,09:44:37.450,46.5200,26
35078901271821,09:44:38.901,46.5200,100
35078902315780,09:44:38.902,46.5200,100
35078902315780,09:44:38.902,46.5200,100
35078902315780,09:44:38.902,46.5200,100
35078910364380,09:44:38.910,46.5200,67
35078910364380,09:44:38.910,46.5200,100
35078910364380,09:44:38.910,46.5200,100
35078910364380,09:44:38.910,46.5200,300
35078924941486,09:44:38.924,46.5200,97
35082061342970,09:44:42.061,46.5250,200
35082239507211,09:44:42.239,46.5200,100
35082239845670,09:44:42.239,46.5200,100
35082239858500,09:44:42.239,46.5200,100
35082239887436,09:44:42.239,46.5200,100
35082240044177,09:44:42.240,46.5200,68
35082240259643,09:44:42.240,46.5200,32
35084128567516,09:44:44.128,46.5150,200
35084128586490,09:44:44.128,46.5150,100
35084129069742,09:44:44.129,46.5150,100
35084606869688,09:44:44.606,46.5150,100
35084607233683,09:44:44.607,46.5150,100
35084607235032,09:44:44.607,46.5200,100
35090443879453,09:44:50.443,46.5250,400
35091339436001,09:44:51.339,46.5300,100
35091339436001,09:44:51.339,46.5300,100
35091339436001,09:44:51.339,46.5300,100
35091339436001,09:44:51.339,46.5300,400
35091339436001,09:44:51.339,46.5300,100
35091339436001,09:44:51.339,46.5300,200
35091341480295,09:44:51.341,46.5300,100
35091353869967,09:44:51.353,46.5400,100
35093940943564,09:44:53.940,46.5400,400
35093940943564,09:44:53.940,46.5400,100
35094378196330,09:44:54.378,46.5400,100
35094378196330,09:44:54.378,46.5400,300
35096243318876,09:44:56.243,46.5500,31
35099021982016,09:44:59.021,46.5500,69
35099021982016,09:44:59.021,46.5500,300
35099021982016,09:44:59.021,46.5500,300
35099021982016,09:44:59.021,46.5500,100
35099021982016,09:44:59.021,46.5500,100
35099029532863,09:44:59.029,46.5500,51
35099030272485,09:44:59.030,46.5500,100
35100213158774,09:45:00.213,46.5600,100
35100213158774,09:45:00.213,46.5600,100
35100213158774,09:45:00.213,46.5600,100
35100213158774,09:45:00.213,46.5600,200
35100213158774,09:45:00.213,46.5600,200
35100266077379,09:45:00.266,46.5700,100
35100266077379,09:45:00.266,46.5700,29
35101617079746,09:45:01.617,46.5700,251
35101972950788,09:45:01.972,46.5700,100
35101972950788,09:45:01.972,46.5700,100
35101972950788,09:45:01.972,46.5700,100
35101973100566,09:45:01.973,46.5700,163
35101973202189,09:45:01.973,46.5700,37
35101973249850,09:45:01.973,46.5700,200
35104893526294,09:45:04.893,46.5800,92
35104894078303,09:45:04.894,46.5800,100
35105034078163,09:45:05.034,46.5900,143
35105034078163,09:45:05.034,46.5900,4
35105822634687,09:45:05.822,46.6000,100
35105822634687,09:45:05.822,46.6000,2
35105822634687,09:45:05.822,46.6000,198
35105822727738,09:45:05.822,46.6000,100
35106276741081,09:45:06.276,46.6000,2
35106276741081,09:45:06.276,46.6000,300
35106277235171,09:45:06.277,46.6000,100
35106482407223,09:45:06.482,46.6100,100
35108073577314,09:45:08.073,46.6000,100
35108073577314,09:45:08.073,46.6000,100
35108073577314,09:45:08.073,46.6000,100
35108073577314,09:45:08.073,46.6000,100
35108073577314,09:45:08.073,46.6000,100
35108073577314,09:45:08.073,46.6000,100
35108073678303,09:45:08.073,46.6000,100
35108073719071,09:45:08.073,46.6000,100
35108073976000,09:45:08.073,46.6000,100
35108073977381,09:45:08.073,46.6000,100
35108074005430,09:45:08.074,46.6000,100
35108074012722,09:45:08.074,46.6000,200
35108074167685,09:45:08.074,46.6000,100
35108074167685,09:45:08.074,46.6000,100
35108074167685,09:45:08.074,46.6000,100
35108074167685,09:45:08.074,46.6000,22
35109253690818,09:45:09.253,46.5900,50
35109282499167,09:45:09.282,46.5900,100
35109282499167,09:45:09.282,46.5900,100
35109282499167,09:45:09.282,46.5900,100
35109282499167,09:45:09.282,46.5900,100
35109282499167,09:45:09.282,46.5900,100
35110212057357,09:45:10.212,46.5800,100
35110212057357,09:45:10.212,46.5800,200
35110212057357,09:45:10.212,46.5800,100
35110212057357,09:45:10.212,46.5800,100
35110212057357,09:45:10.212,46.5800,360
35110212057357,09:45:10.212,46.5800,100
35112726056852,09:45:12.726,46.5750,100
35112726598748,09:45:12.726,46.5750,100
35116051394431,09:45:16.051,46.5800,200
35116051394431,09:45:16.051,46.5800,100
35116051394431,09:45:16.051,46.5800,100
35116051394431,09:45:16.051,46.5800,100
35116051394431,09:45:16.051,46.5800,100
35116051394431,09:45:16.051,46.5800,500
