timestamp,time,price,volume
25654740742112,07:07:34.740,9.6500,100
26150863143203,07:15:50.863,9.6500,100
26150863143203,07:15:50.863,9.6800,100
26150865250014,07:15:50.865,9.6800,100
26156292211164,07:15:56.292,9.6800,100
26185376919477,07:16:25.376,9.6800,100
26198719324951,07:16:38.719,9.6800,100
26199554534234,07:16:39.554,9.6800,100
26200122483579,07:16:40.122,9.6800,100
26200618070193,07:16:40.618,9.6800,100
26201186493529,07:16:41.186,9.6800,100
26304770713908,07:18:24.770,9.6800,100
26395376303576,07:19:55.376,9.6000,501
26765455187948,07:26:05.455,9.6600,700
26765626455360,07:26:05.626,9.6600,700
26765823195837,07:26:05.823,9.6600,700
26765949487293,07:26:05.949,9.6600,700
26766043474331,07:26:06.043,9.6600,500
26766091804121,07:26:06.091,9.6600,700
26766206525341,07:26:06.206,9.6600,500
26766222828705,07:26:06.222,9.6600,261
27275228058664,07:34:35.228,9.6600,1000
27275228058664,07:34:35.228,9.6600,100
28123936124097,07:48:43.936,9.6600,100
29727267482779,08:15:27.267,9.7500,200
29727267482779,08:15:27.267,9.7500,100
29727599657814,08:15:27.599,9.7500,100
29727602459687,08:15:27.602,9.7500,1600
30124041863328,08:22:04.041,9.7700,100
30127852650877,08:22:07.852,9.7800,100
30493592939295,08:28:13.592,9.7500,100
30493592939295,08:28:13.592,9.7500,300
30625327065203,08:30:25.327,9.7500,100
30625327137628,08:30:25.327,9.7500,100
30625327137628,08:30:25.327,9.7500,99
30625330832889,08:30:25.330,9.7500,100
30680789386025,08:31:20.789,9.7500,100
30680789386025,08:31:20.789,9.7500,100
30680790640272,08:31:20.790,9.7500,100
30944418049543,08:35:44.418,9.7500,1
30981283177290,08:36:21.283,9.7500,1000
30983407266857,08:36:23.407,9.7500,50
31157182063081,08:39:17.182,9.7500,50
31157182063081,08:39:17.182,9.7500,50
31316626735277,08:41:56.626,9.7500,950
31316626735277,08:41:56.626,9.7500,50
31500609226724,08:45:00.609,9.7500,150
31500609226724,08:45:00.609,9.7500,450
31500609232463,08:45:00.609,9.7500,50
31500609232463,08:45:00.609,9.7500,150
31703334442840,08:48:23.334,9.7500,1
32177676127495,08:56:17.676,9.7800,500
32178228498659,08:56:18.228,9.7800,100
32178412614593,08:56:18.412,9.7800,100
32178604208852,08:56:18.604,9.7800,100
32179747540790,08:56:19.747,9.7800,100
32191027706023,08:56:31.027,9.7700,225
32705484385686,09:05:05.484,9.7500,200
32850383461156,09:07:30.383,9.7900,100
32902005265100,09:08:22.005,9.8000,100
32902197977820,09:08:22.197,9.8000,100
32902372263616,09:08:22.372,9.8000,100
32902557319680,09:08:22.557,9.8000,100
32902739798291,09:08:22.739,9.8000,100
32902925519604,09:08:22.925,9.8000,100
32926116918814,09:08:46.116,9.8000,100
33070201517430,09:11:10.201,9.8000,126
33070201517430,09:11:10.201,9.8000,74
33082040765160,09:11:22.040,9.8300,200
33082048457328,09:11:22.048,9.8300,26
33082068428940,09:11:22.068,9.8300,100
33188544341447,09:13:08.544,9.8200,100
33459673434207,09:17:39.673,9.8200,100
33511576321904,09:18:31.576,9.8200,100
33519871663443,09:18:39.871,9.8200,100
33519871663443,09:18:39.871,9.8200,1100
33519879677697,09:18:39.879,9.8200,100
33519879677697,09:18:39.879,9.8200,100
33657467632842,09:20:57.467,9.8000,300
34072428323447,09:27:52.428,9.8000,800
34085035293159,09:28:05.035,9.8200,100
34085036552502,09:28:05.036,9.8200,501
34095025474526,09:28:15.025,9.8200,300
34095026749727,09:28:15.026,9.8200,99
34195007827405,09:29:55.007,9.8300,750
34195008019454,09:29:55.008,9.8300,750
34200952533669,09:30:00.952,0.0000,0
34207017013467,09:30:07.017,9.8300,2174
34210510080966,09:30:10.510,9.8100,400
34221998126295,09:30:21.998,9.8000,100
34221998126295,09:30:21.998,9.8000,300
34221998126295,09:30:21.998,9.8000,1040
34221998423498,09:30:21.998,9.8000,1
34258613727170,09:30:58.613,9.8000,100
34258613781831,09:30:58.613,9.8000,99
34260001907031,09:31:00.001,9.7800,50
34260001907575,09:31:00.001,9.7800,50
34261105678406,09:31:01.105,9.7900,100
34261106637968,09:31:01.106,9.7900,100
34261106637968,09:31:01.106,9.7900,100
34261107739870,09:31:01.107,9.7900,100
34261107739870,09:31:01.107,9.7900,400
34261108444503,09:31:01.108,9.7800,100
34261108444503,09:31:01.108,9.7800,800
34261109338205,09:31:01.109,9.7700,100
34261109338205,09:31:01.109,9.7700,100
34261109607990,09:31:01.109,9.7700,100
34261109607990,09:31:01.109,9.7700,400
34261109618908,09:31:01.109,9.7800,100
34261119981635,09:31:01.119,9.8000,100
34261126048246,09:31:01.126,9.8000,100
34261126048246,09:31:01.126,9.8000,100
34261154406059,09:31:01.154,9.8000,100
34261154406059,09:31:01.154,9.8000,100
34261160204806,09:31:01.160,9.8000,20
34261163428844,09:31:01.163,9.8100,900
34261191815953,09:31:01.191,9.8200,100
34261191815953,09:31:01.191,9.8200,100
34261191815953,09:31:01.191,9.8200,100
34261191912146,09:31:01.191,9.8100,100
34261191912146,09:31:01.191,9.8100,100
34261191912146,09:31:01.191,9.8100,15
34261191912146,09:31:01.191,9.8100,700
34261198084887,09:31:01.198,9.8100,300
34261212403083,09:31:01.212,9.8200,100
34261526566390,09:31:01.526,9.8300,100
34262210783288,09:31:02.210,9.8500,1227
34262210793139,09:31:02.210,9.8400,200
34262210793139,09:31:02.210,9.8400,200
34262210793139,09:31:02.210,9.8400,100
34262210793139,09:31:02.210,9.8400,100
34262210793139,09:31:02.210,9.8400,100
34262210801748,09:31:02.210,9.8400,600
34262210801748,09:31:02.210,9.8400,100
34262210803603,09:31:02.210,9.8500,73
34262210821211,09:31:02.210,9.8400,100
34262210831652,09:31:02.210,9.8400,100
34262210841068,09:31:02.210,9.8400,100
34262211004011,09:31:02.211,9.8400,200
34262211004011,09:31:02.211,9.8400,1600
34262211004011,09:31:02.211,9.8400,100
34262211099024,09:31:02.211,9.8400,200
34262211099024,09:31:02.211,9.8400,1100
34262211155433,09:31:02.211,9.8400,100
34262216493842,09:31:02.216,9.8400,100
34262220208987,09:31:02.220,9.8400,100
34262220755249,09:31:02.220,9.8400,100
34262336789065,09:31:02.336,9.8500,100
34262336789065,09:31:02.336,9.8500,300
34262827716945,09:31:02.827,9.8500,100
34262827716945,09:31:02.827,9.8500,100
34262827743208,09:31:02.827,9.8500,115
34262827743208,09:31:02.827,9.8500,200
34262827743208,09:31:02.827,9.8500,700
34262828191870,09:31:02.828,9.8500,100
34262828191870,09:31:02.828,9.8500,100
34262835411215,09:31:02.835,9.8500,200
34262999819417,09:31:02.999,9.8600,300
34262999819417,09:31:02.999,9.8600,700
34262999819417,09:31:02.999,9.8600,100
34263140981594,09:31:03.140,9.8600,600
34263140981594,09:31:03.140,9.8600,200
34263141533273,09:31:03.141,9.8600,100
34263142067023,09:31:03.142,9.8600,600
34263143487731,09:31:03.143,9.8500,200
34263143487731,09:31:03.143,9.8500,400
34263143487731,09:31:03.143,9.8500,100
34263143487731,09:31:03.143,9.8500,100
34263154424006,09:31:03.154,9.8500,100
34263220764845,09:31:03.220,9.8500,100
34263221739212,09:31:03.221,9.8500,300
34263223413665,09:31:03.223,9.8500,200
34263223413665,09:31:03.223,9.8500,100
34263238631804,09:31:03.238,9.8600,100
34263238656650,09:31:03.238,9.8600,400
34263308139053,09:31:03.308,9.8700,500
34263308139053,09:31:03.308,9.8700,200
34263308344061,09:31:03.308,9.8700,200
34263308344061,09:31:03.308,9.8700,300
34263318739099,09:31:03.318,9.8700,100
34263572087327,09:31:03.572,9.8800,125
34263572087327,09:31:03.572,9.8800,100
34263572087327,09:31:03.572,9.8800,75
34264343906203,09:31:04.343,9.9000,1
34264344328837,09:31:04.344,9.9000,225
34265805559478,09:31:05.805,9.9200,100
34265805559478,09:31:05.805,9.9200,100
34265805559478,09:31:05.805,9.9200,356
34265805586462,09:31:05.805,9.9200,44
34265820805523,09:31:05.820,9.9200,200
34265820805523,09:31:05.820,9.9200,100
34266263787222,09:31:06.263,9.9400,100
34266263787222,09:31:06.263,9.9400,100
34266263787222,09:31:06.263,9.9400,100
34266263787222,09:31:06.263,9.9400,500
34266631521941,09:31:06.631,9.9300,100
34266631521941,09:31:06.631,9.9300,50
34266640575871,09:31:06.640,9.9300,100
34266640676020,09:31:06.640,9.9300,100
34266641234065,09:31:06.641,9.9300,100
34266641276967,09:31:06.641,9.9300,100
34266641373161,09:31:06.641,9.9300,100
34266641829193,09:31:06.641,9.9300,100
34266650145761,09:31:06.650,9.9300,100
34266694301826,09:31:06.694,9.9400,100
34266694301826,09:31:06.694,9.9400,100
34266805594013,09:31:06.805,9.9500,500
34267083564245,09:31:07.083,9.9700,200
34267117600198,09:31:07.117,9.9700,200
34267120203616,09:31:07.120,9.9700,500
34267235567372,09:31:07.235,9.9700,100
34267304954506,09:31:07.304,9.9700,100
34267575495277,09:31:07.575,9.9700,100
34267576071696,09:31:07.576,9.9700,100
34267576184427,09:31:07.576,9.9700,100
34267576226264,09:31:07.576,9.9700,100
34267576629499,09:31:07.576,9.9700,100
34267635532929,09:31:07.635,9.9700,100
34267640911303,09:31:07.640,9.9700,200
34268049771154,09:31:08.049,9.9700,500
34268096366239,09:31:08.096,9.9700,100
34268096921885,09:31:08.096,9.9700,400
34268097502585,09:31:08.097,9.9700,500
34268108204966,09:31:08.108,9.9700,700
34268121413999,09:31:08.121,9.9700,600
34268235667167,09:31:08.235,9.9700,100
34268369120440,09:31:08.369,9.9700,100
34268999270434,09:31:08.999,9.9800,100
34268999270434,09:31:08.999,9.9800,1000
34269001571657,09:31:09.001,9.9800,200
34269001571657,09:31:09.001,9.9800,300
34269001571657,09:31:09.001,9.9800,100
34269001571657,09:31:09.001,9.9800,400
34269002902744,09:31:09.002,9.9800,200
34269002902744,09:31:09.002,9.9800,100
34269002902744,09:31:09.002,9.9800,100
34269037071525,09:31:09.037,9.9800,100
34269037071525,09:31:09.037,9.9800,100
34269764074669,09:31:09.764,9.9800,100
34269764074669,09:31:09.764,9.9800,100
34269764074669,09:31:09.764,9.9800,100
34269764208850,09:31:09.764,9.9800,600
34269831371583,09:31:09.831,9.9800,200
34269831371583,09:31:09.831,9.9900,200
34269832691982,09:31:09.832,9.9900,300
34269832691982,09:31:09.832,9.9900,100
34269832691982,09:31:09.832,9.9900,100
34269832691982,09:31:09.832,9.9900,200
34269832691982,09:31:09.832,9.9900,700
34269849409916,09:31:09.849,9.9900,400
34269892869599,09:31:09.892,9.9900,300
34269892869599,09:31:09.892,9.9900,200
34270446654780,09:31:10.446,10.0000,28
34270614334483,09:31:10.614,10.0000,100
34270828747083,09:31:10.828,10.0000,72
34270845371729,09:31:10.845,10.0200,100
34270845371729,09:31:10.845,10.0200,100
34270899565590,09:31:10.899,10.0200,200
34271030271723,09:31:11.030,10.0300,200
34271156793636,09:31:11.156,10.0500,200
34271262583388,09:31:11.262,10.0600,200
34271262621081,09:31:11.262,10.0600,100
34271353731145,09:31:11.353,10.0600,200
34271353731145,09:31:11.353,10.0700,200
34271415582777,09:31:11.415,10.0800,2
34271415582777,09:31:11.415,10.0800,200
34271624919134,09:31:11.624,10.0900,700
34271624919134,09:31:11.624,10.0900,200
34271745612021,09:31:11.745,10.0900,200
34271745612021,09:31:11.745,10.0900,100
34272022961623,09:31:12.022,10.1000,300
34272028866422,09:31:12.028,10.1000,300
34272052685379,09:31:12.052,10.1000,1500
34272059432445,09:31:12.059,10.1000,640
34272059432445,09:31:12.059,10.1000,60
34272162909126,09:31:12.162,10.1000,140
34272168914522,09:31:12.168,10.1200,200
34272243561765,09:31:12.243,10.1300,120
34272243561765,09:31:12.243,10.1300,140
34272326932261,09:31:12.326,10.1300,60
34272423947977,09:31:12.423,10.1400,100
34272466980012,09:31:12.466,10.1500,200
34272555772150,09:31:12.555,10.1500,100
34272555772150,09:31:12.555,10.1500,400
34272686230367,09:31:12.686,10.1500,100
34272686230367,09:31:12.686,10.1500,1100
34272687671870,09:31:12.687,10.1500,100
34272687671870,09:31:12.687,10.1500,100
34272687671870,09:31:12.687,10.1500,100
34272736357980,09:31:12.736,10.1500,300
34272736357980,09:31:12.736,10.1500,500
34272736357980,09:31:12.736,10.1500,100
34272736357980,09:31:12.736,10.1500,500
34272737319155,09:31:12.737,10.1500,600
34272737347048,09:31:12.737,10.1500,100
34272737347048,09:31:12.737,10.1500,100
34272881865032,09:31:12.881,10.1500,100
34272881865032,09:31:12.881,10.1500,600
34273038404295,09:31:13.038,10.1400,300
34273038404295,09:31:13.038,10.1400,300
34273038702735,09:31:13.038,10.1400,300
34273048621083,09:31:13.048,10.1500,100
34273067619396,09:31:13.067,10.1500,200
34273092973400,09:31:13.092,10.1600,200
34273168560195,09:31:13.168,10.1700,200
34273168560195,09:31:13.168,10.1700,100
34273168560195,09:31:13.168,10.1700,100
34273168560195,09:31:13.168,10.1700,100
34273168560195,09:31:13.168,10.1700,100
34273168589360,09:31:13.168,10.1700,100
34273168589360,09:31:13.168,10.1700,100
34273168589360,09:31:13.168,10.1700,300
34273168867219,09:31:13.168,10.1700,300
34273208951425,09:31:13.208,10.1700,100
34273208951425,09:31:13.208,10.1700,100
34273208951425,09:31:13.208,10.1700,100
34273218991017,09:31:13.218,10.1600,100
34273219138390,09:31:13.219,10.1400,300
34273219203632,09:31:13.219,10.1400,100
34273219424412,09:31:13.219,10.1400,200
34273219619739,09:31:13.219,10.1400,100
34273219619739,09:31:13.219,10.1400,100
34273219619739,09:31:13.219,10.1400,300
34273219904346,09:31:13.219,10.1400,100
34273235882423,09:31:13.235,10.1400,100
34273268538749,09:31:13.268,10.1400,100
34273281066730,09:31:13.281,10.1500,200
34273281066730,09:31:13.281,10.1500,100
34273281066730,09:31:13.281,10.1500,100
34273281066730,09:31:13.281,10.1500,100
34273281066730,09:31:13.281,10.1500,100
34273281096816,09:31:13.281,10.1500,20
34273392100644,09:31:13.392,10.1400,300
34273392100644,09:31:13.392,10.1400,100
34273392100644,09:31:13.392,10.1400,200
34273440187154,09:31:13.440,10.1500,200
34273483784507,09:31:13.483,10.1500,1300
34273483784507,09:31:13.483,10.1500,300
34273484768139,09:31:13.484,10.1500,100
34273684516257,09:31:13.684,10.1600,100
34273684568136,09:31:13.684,10.1600,90
34273692357140,09:31:13.692,10.1700,100
34273911904129,09:31:13.911,10.1700,100
34273911904129,09:31:13.911,10.1700,100
34273973362403,09:31:13.973,10.1600,100
34273973362403,09:31:13.973,10.1600,100
34274104702595,09:31:14.104,10.1700,100
34274110769433,09:31:14.110,10.1600,100
34274110769433,09:31:14.110,10.1600,100
34274110769433,09:31:14.110,10.1600,100
34274342210814,09:31:14.342,10.1500,100
34274342210814,09:31:14.342,10.1500,100
34274342210814,09:31:14.342,10.1500,100
34274342352324,09:31:14.342,10.1500,100
34274342352324,09:31:14.342,10.1500,100
34274440845668,09:31:14.440,10.1400,100
34274440845668,09:31:14.440,10.1400,600
34274440845668,09:31:14.440,10.1400,100
34274446172560,09:31:14.446,10.1300,700
34274446172560,09:31:14.446,10.1300,700
34274446172560,09:31:14.446,10.1300,100
34274461680721,09:31:14.461,10.1300,30
34274640318390,09:31:14.640,10.1700,100
34275351158416,09:31:15.351,10.1600,100
34275351158416,09:31:15.351,10.1600,700
34275351158416,09:31:15.351,10.1600,100
34275434251818,09:31:15.434,10.1600,100
34275434251818,09:31:15.434,10.1700,100
34275434251818,09:31:15.434,10.1700,300
34275436035845,09:31:15.436,10.1700,100
34275620024851,09:31:15.620,10.1600,200
34275718412580,09:31:15.718,10.1700,100
34276503116341,09:31:16.503,10.1700,100
34276503132373,09:31:16.503,10.1700,100
34276503389237,09:31:16.503,10.1700,100
34276503389237,09:31:16.503,10.1700,100
34276503389237,09:31:16.503,10.1700,100
34276554094872,09:31:16.554,10.1700,100
34276555067744,09:31:16.555,10.1700,100
34276555197242,09:31:16.555,10.1700,80
34276555221310,09:31:16.555,10.1700,20
34276555440156,09:31:16.555,10.1800,80
34276557929041,09:31:16.557,10.1700,100
34276557929041,09:31:16.557,10.1700,100
34276606311246,09:31:16.606,10.1700,100
34276894481402,09:31:16.894,10.1700,100
34276894602318,09:31:16.894,10.1700,100
34276900850284,09:31:16.900,10.1600,100
34276900850284,09:31:16.900,10.1600,50
34276900850284,09:31:16.900,10.1600,50
34276964256063,09:31:16.964,10.1600,300
34277075922545,09:31:17.075,10.1500,200
34277075922545,09:31:17.075,10.1500,100
34277075922545,09:31:17.075,10.1500,100
34277076418552,09:31:17.076,10.1500,200
34277076418552,09:31:17.076,10.1500,100
34277086885018,09:31:17.086,10.1500,100
34277086885018,09:31:17.086,10.1500,100
34277086885018,09:31:17.086,10.1500,100
34277086885018,09:31:17.086,10.1600,200
34277132858071,09:31:17.132,10.1600,800
34277239110761,09:31:17.239,10.1600,100
34277315447277,09:31:17.315,10.1500,100
34277315447277,09:31:17.315,10.1500,100
34277315447277,09:31:17.315,10.1500,100
34277315447277,09:31:17.315,10.1500,100
34277319674282,09:31:17.319,10.1500,100
34277319674282,09:31:17.319,10.1500,100
34277319674282,09:31:17.319,10.1500,200
34277387366553,09:31:17.387,10.1500,100
34277407781044,09:31:17.407,10.1500,100
34277407781044,09:31:17.407,10.1500,100
34277407781044,09:31:17.407,10.1500,100
34277441745388,09:31:17.441,10.1500,10
34277441787762,09:31:17.441,10.1500,300
34277475591961,09:31:17.475,10.1400,100
34277684077866,09:31:17.684,10.1400,100
34277688116293,09:31:17.688,10.1400,100
34277688116293,09:31:17.688,10.1400,100
34277734502613,09:31:17.734,10.1500,100
34277734527558,09:31:17.734,10.1500,100
34277734527558,09:31:17.734,10.1500,300
34277743223656,09:31:17.743,10.1500,100
34277782675753,09:31:17.782,10.1500,100
34277782675753,09:31:17.782,10.1500,100
34277804431721,09:31:17.804,10.1500,100
34277843910000,09:31:17.843,10.1500,100
34277856927709,09:31:17.856,10.1500,100
34277943560725,09:31:17.943,10.1300,100
34277943560725,09:31:17.943,10.1300,400
34278003542549,09:31:18.003,10.1300,100
34278003542549,09:31:18.003,10.1300,200
34278003633535,09:31:18.003,10.1400,100
34278003633535,09:31:18.003,10.1400,100
34278006048155,09:31:18.006,10.1300,100
34278104030456,09:31:18.104,10.1500,100
34278104060271,09:31:18.104,10.1500,100
34278104060928,09:31:18.104,10.1500,100
34278104197658,09:31:18.104,10.1500,100
34278104197658,09:31:18.104,10.1500,100
34278104227501,09:31:18.104,10.1500,100
34278104227501,09:31:18.104,10.1500,200
34278164856824,09:31:18.164,10.1400,100
34278164856824,09:31:18.164,10.1400,200
34278239138027,09:31:18.239,10.1400,100
34278239171411,09:31:18.239,10.1400,100
34278239171411,09:31:18.239,10.1400,200
34278291530972,09:31:18.291,10.1300,100
34278291530972,09:31:18.291,10.1300,100
34278370471979,09:31:18.370,10.1500,100
34278370471979,09:31:18.370,10.1500,100
34278371470657,09:31:18.371,10.1500,15
34278371470657,09:31:18.371,10.1500,85
34278371496594,09:31:18.371,10.1500,15
34278372098845,09:31:18.372,10.1500,100
34278372098845,09:31:18.372,10.1500,100
34278372140878,09:31:18.372,10.1500,100
34278384758799,09:31:18.384,10.1400,100
34278385050825,09:31:18.385,10.1400,100
34278387393066,09:31:18.387,10.1400,100
34278479826421,09:31:18.479,10.1400,100
34278613136785,09:31:18.613,10.1400,200
34278613136785,09:31:18.613,10.1400,1500
34278613136785,09:31:18.613,10.1400,200
34278896781154,09:31:18.896,10.1500,100
34278896781154,09:31:18.896,10.1500,55
34278896781154,09:31:18.896,10.1500,100
34278899346508,09:31:18.899,10.1400,100
34278899346508,09:31:18.899,10.1400,100
34278899346508,09:31:18.899,10.1400,100
34278899346508,09:31:18.899,10.1400,100
34278899346508,09:31:18.899,10.1400,100
34278902688110,09:31:18.902,10.1400,100
34278902688110,09:31:18.902,10.1400,100
34278902688110,09:31:18.902,10.1400,100
34278913630838,09:31:18.913,10.1500,100
34278995956558,09:31:18.995,10.1600,100
34278995956558,09:31:18.995,10.1600,100
34278995956558,09:31:18.995,10.1600,100
34278995956558,09:31:18.995,10.1600,100
34278995985336,09:31:18.995,10.1600,100
34278995985336,09:31:18.995,10.1600,100
34278995985336,09:31:18.995,10.1600,100
34278998549369,09:31:18.998,10.1600,100
34278998549369,09:31:18.998,10.1600,100
34279000981631,09:31:19.000,10.1600,290
34279001526172,09:31:19.001,10.1700,100
34279039224072,09:31:19.039,10.1700,100
34279040335580,09:31:19.040,10.1700,100
34279040335580,09:31:19.040,10.1700,100
34279040506127,09:31:19.040,10.1700,100
34279040506127,09:31:19.040,10.1700,100
34279040506127,09:31:19.040,10.1700,100
34279040506127,09:31:19.040,10.1700,100
34279158100754,09:31:19.158,10.1600,100
34279158405114,09:31:19.158,10.1500,200
34279158638745,09:31:19.158,10.1600,100
34279158638745,09:31:19.158,10.1600,90
34279169803621,09:31:19.169,10.1400,100
34279169803621,09:31:19.169,10.1400,300
34279363707935,09:31:19.363,10.1600,100
34279363707935,09:31:19.363,10.1600,100
34279363707935,09:31:19.363,10.1600,100
34279366252079,09:31:19.366,10.1600,100
34279366577495,09:31:19.366,10.1600,100
34279369701758,09:31:19.369,10.1600,100
34279369701758,09:31:19.369,10.1600,100
34279412384596,09:31:19.412,10.1600,100
34279704343589,09:31:19.704,10.2000,500
34279712040241,09:31:19.712,10.2100,1
34279739107155,09:31:19.739,10.2100,100
34279834504870,09:31:19.834,10.1900,100
34279834504870,09:31:19.834,10.1800,100
34279834504870,09:31:19.834,10.1800,800
34280303877902,09:31:20.303,10.2100,100
34281671753911,09:31:21.671,10.1800,100
34281671753911,09:31:21.671,10.1800,100
34281671753911,09:31:21.671,10.1800,200
34281674410378,09:31:21.674,10.1700,100
34281674439828,09:31:21.674,10.1700,900
34281674439828,09:31:21.674,10.1700,100
34281710425603,09:31:21.710,10.1700,100
34281754952617,09:31:21.754,10.1800,100
34282132968417,09:31:22.132,10.1800,520
34282132968417,09:31:22.132,10.1800,200
34282135082511,09:31:22.135,10.1700,100
34282135082511,09:31:22.135,10.1700,100
34282135082511,09:31:22.135,10.1700,100
34282135082511,09:31:22.135,10.1700,100
34282135082511,09:31:22.135,10.1800,100
34282339667051,09:31:22.339,10.1800,100
34282390271969,09:31:22.390,10.1800,100
34282546413911,09:31:22.546,10.1700,100
34282641462105,09:31:22.641,10.1800,100
34282651334258,09:31:22.651,10.1800,100
34283436324612,09:31:23.436,10.1800,100
34283436324612,09:31:23.436,10.1800,100
34283436324612,09:31:23.436,10.1800,100
34283518567731,09:31:23.518,10.1800,100
34283628800393,09:31:23.628,10.1900,200
34283628800393,09:31:23.628,10.1900,200
34283688986478,09:31:23.688,10.1900,100
34283718546933,09:31:23.718,10.1900,100
34283970659426,09:31:23.970,10.1800,100
34283972860318,09:31:23.972,10.1700,700
34283973773918,09:31:23.973,10.1600,100
34283973773918,09:31:23.973,10.1600,100
34283976009227,09:31:23.976,10.1600,100
34283976009227,09:31:23.976,10.1600,100
34283976009227,09:31:23.976,10.1600,100
34283976009227,09:31:23.976,10.1600,120
34283976009227,09:31:23.976,10.1600,100
34283976009227,09:31:23.976,10.1600,80
34283976039622,09:31:23.976,10.1600,20
34284152234582,09:31:24.152,10.1800,100
34284158673963,09:31:24.158,10.1700,100
34284158698640,09:31:24.158,10.1700,100
34284230851779,09:31:24.230,10.1700,100
34284251933037,09:31:24.251,10.1800,100
34284420658492,09:31:24.420,10.1900,200
34284421205741,09:31:24.421,10.1900,100
34284529347505,09:31:24.529,10.1800,15
34284529347505,09:31:24.529,10.1800,285
34284660430366,09:31:24.660,10.2000,100
34284660430366,09:31:24.660,10.2000,100
34284666356051,09:31:24.666,10.2000,100
34284739504519,09:31:24.739,10.2000,100
34284740713012,09:31:24.740,10.1800,100
34284741150472,09:31:24.741,10.1600,120
34284741150472,09:31:24.741,10.1600,100
34284741150472,09:31:24.741,10.1600,100
34284829257723,09:31:24.829,10.1700,100
34284831535861,09:31:24.831,10.1700,100
34284849651822,09:31:24.849,10.1600,100
34284849651822,09:31:24.849,10.1600,200
34284849651822,09:31:24.849,10.1700,100
34284849651822,09:31:24.849,10.1700,10
34284914421932,09:31:24.914,10.1900,500
34285325266060,09:31:25.325,10.2100,100
34285905021521,09:31:25.905,10.2100,100
34285905021521,09:31:25.905,10.2100,400
34286017153542,09:31:26.017,10.2000,100
34286017153542,09:31:26.017,10.2000,100
34286056338195,09:31:26.056,10.2000,100
34286056504829,09:31:26.056,10.2000,100
34286056504829,09:31:26.056,10.2000,100
34286056504829,09:31:26.056,10.2000,200
34286071463467,09:31:26.071,10.2000,100
34286071463467,09:31:26.071,10.2000,200
34286071652656,09:31:26.071,10.2000,100
34286071652656,09:31:26.071,10.2000,100
34286548390788,09:31:26.548,10.2100,100
34286548390788,09:31:26.548,10.2100,100
34286548390788,09:31:26.548,10.2000,100
34286548390788,09:31:26.548,10.2000,100
34286552427776,09:31:26.552,10.2000,100
34286716203227,09:31:26.716,10.2000,100
34286916056139,09:31:26.916,10.2100,100
34286916838375,09:31:26.916,10.2100,50
34287039344598,09:31:27.039,10.2200,22
34288794000856,09:31:28.794,10.2250,100
34289608189038,09:31:29.608,10.2400,100
34289645773141,09:31:29.645,10.2400,100
34289645773141,09:31:29.645,10.2400,100
34289836397181,09:31:29.836,10.2300,100
34289838856607,09:31:29.838,10.2300,100
34289847268064,09:31:29.847,10.2300,100
34289847268064,09:31:29.847,10.2300,150
34289932744959,09:31:29.932,10.2400,100
34289932744959,09:31:29.932,10.2400,100
34290256927918,09:31:30.256,10.2400,100
34290256927918,09:31:30.256,10.2400,100
34290256927918,09:31:30.256,10.2400,180
34290256927918,09:31:30.256,10.2400,100
34290256927918,09:31:30.256,10.2400,20
34290301763222,09:31:30.301,10.2500,100
34290467580176,09:31:30.467,10.2600,100
34290505257780,09:31:30.505,10.2600,400
34290505257780,09:31:30.505,10.2600,300
34290995146122,09:31:30.995,10.2700,1500
34290997410340,09:31:30.997,10.2700,100
34290997410340,09:31:30.997,10.2700,200
34290997410340,09:31:30.997,10.2700,350
34291007259735,09:31:31.007,10.2700,100
34291007259735,09:31:31.007,10.2700,100
34291007480645,09:31:31.007,10.2700,100
34291007480645,09:31:31.007,10.2700,100
34291013350059,09:31:31.013,10.2700,100
34291013505332,09:31:31.013,10.2700,100
34291013505332,09:31:31.013,10.2700,100
34291022989973,09:31:31.022,10.2700,100
34291022989973,09:31:31.022,10.2700,100
34291023151287,09:31:31.023,10.2700,100
34291023151287,09:31:31.023,10.2700,100
34291271677526,09:31:31.271,10.2700,100
34291271842671,09:31:31.271,10.2700,100
34291271842671,09:31:31.271,10.2700,100
34291281188872,09:31:31.281,10.2700,100
34291281188872,09:31:31.281,10.2700,100
34291281370131,09:31:31.281,10.2700,100
34291340329845,09:31:31.340,10.2800,75
34291340329845,09:31:31.340,10.2800,425
34291953175723,09:31:31.953,10.3000,100
34291953175723,09:31:31.953,10.3000,100
34291957139937,09:31:31.957,10.3000,100
34292162962520,09:31:32.162,10.3300,1
34292162962520,09:31:32.162,10.3300,399
34292438155285,09:31:32.438,10.3100,100
34292438155285,09:31:32.438,10.3100,300
34292443668481,09:31:32.443,10.3000,800
34292443668481,09:31:32.443,10.3000,100
34292451618412,09:31:32.451,10.3000,100
34292451618412,09:31:32.451,10.3000,100
34292451937787,09:31:32.451,10.3000,100
34292492232299,09:31:32.492,10.3000,100
34292690450147,09:31:32.690,10.3200,100
34292802495284,09:31:32.802,10.3200,100
34292802544495,09:31:32.802,10.3200,85
34292905258273,09:31:32.905,10.3300,100
34292905258273,09:31:32.905,10.3300,100
34292905258273,09:31:32.905,10.3300,200
34292905258273,09:31:32.905,10.3300,100
34292909031477,09:31:32.909,10.3200,100
34292909091947,09:31:32.909,10.3000,100
34292910135767,09:31:32.910,10.3000,100
34292910137366,09:31:32.910,10.3000,100
34293074845335,09:31:33.074,10.3100,300
34293074876389,09:31:33.074,10.3100,100
34293108418247,09:31:33.108,10.3250,100
34293149742685,09:31:33.149,10.3250,100
34293156861229,09:31:33.156,10.3250,200
34293156861229,09:31:33.156,10.3300,100
34293156861229,09:31:33.156,10.3300,1
34293158074482,09:31:33.158,10.3400,499
34293445330713,09:31:33.445,10.3500,100
34293445330713,09:31:33.445,10.3500,44
34293445332039,09:31:33.445,10.3500,100
34293445643261,09:31:33.445,10.3500,6
34293445672001,09:31:33.445,10.3400,100
34293470359803,09:31:33.470,10.3300,100
34293470914283,09:31:33.470,10.3300,100
34293470914283,09:31:33.470,10.3300,6
34293470990985,09:31:33.470,10.3300,100
34293638865837,09:31:33.638,10.3500,100
34293638865837,09:31:33.638,10.3600,200
34293774661338,09:31:33.774,10.3600,100
34294401882485,09:31:34.401,10.3500,200
34294407016037,09:31:34.407,10.3500,800
34294761238500,09:31:34.761,10.3300,100
34294761238500,09:31:34.761,10.3300,100
34294770075674,09:31:34.770,10.3200,200
34294770075674,09:31:34.770,10.3200,700
34294770075674,09:31:34.770,10.3200,100
34294770075674,09:31:34.770,10.3200,100
34294770075674,09:31:34.770,10.3200,10
34294770075674,09:31:34.770,10.3200,100
34294770075674,09:31:34.770,10.3200,1400
34294933447600,09:31:34.933,10.3200,100
34294933447600,09:31:34.933,10.3200,300
34295054485894,09:31:35.054,10.3300,100
34295055182078,09:31:35.055,10.3300,100
34295057010331,09:31:35.057,10.3300,100
34295057506838,09:31:35.057,10.3200,100
34295057506838,09:31:35.057,10.3200,100
34295058177796,09:31:35.058,10.3100,100
34295210063799,09:31:35.210,10.3200,300
34295210063799,09:31:35.210,10.3200,300
34295300957969,09:31:35.300,10.3300,100
34295438715001,09:31:35.438,10.3400,100
34295461969488,09:31:35.461,10.3500,100
34295461969488,09:31:35.461,10.3600,100
34295472158545,09:31:35.472,10.3500,100
34295549581882,09:31:35.549,10.3400,100
34295621849849,09:31:35.621,10.3500,300
34295686462094,09:31:35.686,10.3700,100
34295814259738,09:31:35.814,10.3900,50
34296713580635,09:31:36.713,10.3600,200
34296713580635,09:31:36.713,10.3600,100
34296719204915,09:31:36.719,10.3300,100
34296719204915,09:31:36.719,10.3300,100
34296719204915,09:31:36.719,10.3300,100
34296719204915,09:31:36.719,10.3300,100
34296720330635,09:31:36.720,10.3200,120
34296720330635,09:31:36.720,10.3200,100
34296720330635,09:31:36.720,10.3200,100
34296723590754,09:31:36.723,10.3200,100
34296723590754,09:31:36.723,10.3200,200
34296723628616,09:31:36.723,10.3200,100
34296723753907,09:31:36.723,10.3200,100
34296728040977,09:31:36.728,10.3200,100
34296728040977,09:31:36.728,10.3200,100
34296728206591,09:31:36.728,10.3200,100
34296728206591,09:31:36.728,10.3200,100
34296745799905,09:31:36.745,10.3200,100
34296745799905,09:31:36.745,10.3200,100
34296745961232,09:31:36.745,10.3200,100
34296746740224,09:31:36.746,10.3200,100
34296774307918,09:31:36.774,10.3200,800
34296836868273,09:31:36.836,10.3200,100
34297311967838,09:31:37.311,10.3100,100
34297311967838,09:31:37.311,10.3100,100
34297311967838,09:31:37.311,10.3100,100
34297326110621,09:31:37.326,10.3100,100
34297348075770,09:31:37.348,10.3100,100
34297358330206,09:31:37.358,10.3200,100
34297358330206,09:31:37.358,10.3200,100
34297441776237,09:31:37.441,10.3500,100
34297441805076,09:31:37.441,10.3500,20
34297441835656,09:31:37.441,10.3500,100
34297441837241,09:31:37.441,10.3500,100
34297871018752,09:31:37.871,10.3700,100
34297871018752,09:31:37.871,10.3700,200
34298174008685,09:31:38.174,10.3300,100
34298566711571,09:31:38.566,10.3000,100
34298566711571,09:31:38.566,10.3000,100
34299012060342,09:31:39.012,10.3200,20
34299296782528,09:31:39.296,10.3000,100
34299305316287,09:31:39.305,10.2800,100
34299305316287,09:31:39.305,10.2800,100
34299305316287,09:31:39.305,10.2800,100
34299438853704,09:31:39.438,10.3000,100
34299565573816,09:31:39.565,10.2800,100
34299565573816,09:31:39.565,10.2700,100
34299565573816,09:31:39.565,10.2700,100
34299565573816,09:31:39.565,10.2700,415
34299565573816,09:31:39.565,10.2700,100
34299566043777,09:31:39.566,10.2700,100
34299566351773,09:31:39.566,10.2800,100
34299566762864,09:31:39.566,10.2800,100
34299566762864,09:31:39.566,10.2700,100
34299566762864,09:31:39.566,10.2700,100
34299566762864,09:31:39.566,10.2700,185
34299641923943,09:31:39.641,10.2800,100
34299641923943,09:31:39.641,10.2800,115
34299641923943,09:31:39.641,10.2800,200
34299839076868,09:31:39.839,10.3000,300
34299839774085,09:31:39.839,10.2700,100
34299840108005,09:31:39.840,10.2700,100
34299875198203,09:31:39.875,10.2800,100
34299888525208,09:31:39.888,10.3000,100
34299888525208,09:31:39.888,10.3000,200
34299888525208,09:31:39.888,10.3000,400
34300046389269,09:31:40.046,10.3000,100
34300046389269,09:31:40.046,10.3100,100
34301037061001,09:31:41.037,10.2900,100
34301192034509,09:31:41.192,10.2700,100
34301192034509,09:31:41.192,10.2700,200
34301193233406,09:31:41.193,10.2700,274
34301193233406,09:31:41.193,10.2700,100
34301193233406,09:31:41.193,10.2700,100
34301193233406,09:31:41.193,10.2700,26
34301193340385,09:31:41.193,10.2700,74
34301193340385,09:31:41.193,10.2700,100
34301196393933,09:31:41.196,10.2700,100
34301197571999,09:31:41.197,10.2600,15
34301437158671,09:31:41.437,10.2600,100
34301502974876,09:31:41.502,10.2600,100
34302038954563,09:31:42.038,10.2700,50
34302038954563,09:31:42.038,10.2800,50
34303986305080,09:31:43.986,10.2500,97
34303986364359,09:31:43.986,10.2500,3
34303986364359,09:31:43.986,10.2500,97
34303986606488,09:31:43.986,10.2500,100
34304027496400,09:31:44.027,10.2500,100
34304234566609,09:31:44.234,10.2600,3
34304240070285,09:31:44.240,10.2600,100
34304244032828,09:31:44.244,10.2600,100
34304244651249,09:31:44.244,10.2600,244
34304244651249,09:31:44.244,10.2600,137
34304244651249,09:31:44.244,10.2600,100
34304247702414,09:31:44.247,10.2600,100
34305184700140,09:31:45.184,10.2600,100
34306883718614,09:31:46.883,10.2500,79
34308394057317,09:31:48.394,10.2600,3
34308516774367,09:31:48.516,10.2700,74
34308597406364,09:31:48.597,10.2700,27
34308603187718,09:31:48.603,10.2700,82
34308925253075,09:31:48.925,10.2800,700
34308925253075,09:31:48.925,10.2800,100
34308925253075,09:31:48.925,10.2800,200
34309103823463,09:31:49.103,10.2800,300
34309103823463,09:31:49.103,10.2800,100
34312189884405,09:31:52.189,10.3000,83
34312328053392,09:31:52.328,10.3000,17
34312328053392,09:31:52.328,10.3000,33
34312346276047,09:31:52.346,10.3000,3
34312601303767,09:31:52.601,10.3000,100
34312601385155,09:31:52.601,10.3000,100
34312601385155,09:31:52.601,10.3000,100
34312603761646,09:31:52.603,10.2900,100
34312603761646,09:31:52.603,10.2900,100
34312603761646,09:31:52.603,10.2900,400
34312604145394,09:31:52.604,10.2900,100
34312608233642,09:31:52.608,10.2900,200
34312608233642,09:31:52.608,10.2900,200
34312608233642,09:31:52.608,10.2900,100
34312608233642,09:31:52.608,10.2900,100
34312611482434,09:31:52.611,10.2800,200
34312611482434,09:31:52.611,10.2800,100
34312614268181,09:31:52.614,10.2700,100
34312642269157,09:31:52.642,10.2700,200
34313249379449,09:31:53.249,10.2800,100
34313249379449,09:31:53.249,10.2800,200
34317996962820,09:31:57.996,10.2900,170
34317996962820,09:31:57.996,10.2900,100
34317997124160,09:31:57.997,10.2900,100
34321893245831,09:32:01.893,10.3000,100
34321947933390,09:32:01.947,10.3000,100
34322104160618,09:32:02.104,10.3400,625
34322104187411,09:32:02.104,10.3400,75
34322104187411,09:32:02.104,10.3400,120
34322104187411,09:32:02.104,10.3400,500
34322119908039,09:32:02.119,10.3500,200
34322119932968,09:32:02.119,10.3500,400
34322119932968,09:32:02.119,10.3500,120
34322119932968,09:32:02.119,10.3500,2300
34322120533030,09:32:02.120,10.3500,7110
34322120562899,09:32:02.120,10.3500,590
34322120562899,09:32:02.120,10.3500,100
34322120562899,09:32:02.120,10.3500,100
34322120562899,09:32:02.120,10.3500,87
34322122245263,09:32:02.122,10.3500,100
34322122245263,09:32:02.122,10.3500,300
34322244603744,09:32:02.244,10.3500,813
34322244603744,09:32:02.244,10.3500,300
34322244603744,09:32:02.244,10.3500,187
34322244932637,09:32:02.244,10.3500,113
34322244932637,09:32:02.244,10.3500,200
34322456305270,09:32:02.456,10.3600,100
34322456329480,09:32:02.456,10.3600,100
34323032088451,09:32:03.032,10.4000,100
34323035894179,09:32:03.035,10.4200,171
34323040056182,09:32:03.040,10.4300,800
34323279219970,09:32:03.279,10.4500,100
34323279219970,09:32:03.279,10.4500,100
34323279219970,09:32:03.279,10.4500,300
34323281384095,09:32:03.281,10.4500,100
34323286727615,09:32:03.286,10.4500,100
34323286727615,09:32:03.286,10.4500,100
34323286727615,09:32:03.286,10.4500,700
34323287387666,09:32:03.287,10.4500,300
34323289238066,09:32:03.289,10.4500,100
34323289238066,09:32:03.289,10.4500,400
34323289389399,09:32:03.289,10.4500,100
34323291191666,09:32:03.291,10.4500,100
34323291813333,09:32:03.291,10.4500,100
34323292080036,09:32:03.292,10.4500,100
34323297177265,09:32:03.297,10.4500,100
34323297177265,09:32:03.297,10.4500,100
34323298067793,09:32:03.298,10.4500,200
34323304517694,09:32:03.304,10.4500,100
34323304517694,09:32:03.304,10.4500,100
34323411006054,09:32:03.411,10.4500,70
34323411138172,09:32:03.411,10.4500,100
34323411138172,09:32:03.411,10.4500,100
34323499131671,09:32:03.499,10.4900,120
34323556535943,09:32:03.556,10.5000,50
34323556535943,09:32:03.556,10.5000,120
34323590053022,09:32:03.590,10.5500,38
34323642213452,09:32:03.642,10.5600,100
34323698338325,09:32:03.698,10.5700,100
34323698362691,09:32:03.698,10.5700,20
34323792456059,09:32:03.792,10.6000,200
34323803772781,09:32:03.803,10.6100,100
34324041968899,09:32:04.041,10.6100,100
34324041968899,09:32:04.041,10.6100,100
34324051541440,09:32:04.051,10.6500,100
34324212675253,09:32:04.212,10.6400,100
34324212675253,09:32:04.212,10.6400,100
34324241407929,09:32:04.241,10.6500,306
34324241617145,09:32:04.241,10.6500,25
34324356799501,09:32:04.356,10.6400,180
34324356799501,09:32:04.356,10.6400,100
34324356799501,09:32:04.356,10.6400,220
34324383644895,09:32:04.383,10.6400,42
34324778597066,09:32:04.778,10.6400,100
34324778597066,09:32:04.778,10.6400,100
34324778597066,09:32:04.778,10.6400,100
34324803860684,09:32:04.803,10.6300,500
34324803860684,09:32:04.803,10.6300,100
34324803860684,09:32:04.803,10.6300,3400
34324841086435,09:32:04.841,10.6300,200
34324841086435,09:32:04.841,10.6300,100
34324841086435,09:32:04.841,10.6300,100
34324842247492,09:32:04.842,10.6400,100
34324842247492,09:32:04.842,10.6400,300
34324874216510,09:32:04.874,10.6400,100
34324874216510,09:32:04.874,10.6400,100
34324902174891,09:32:04.902,10.6400,100
34324902174891,09:32:04.902,10.6400,100
34324902174891,09:32:04.902,10.6400,200
34324962071926,09:32:04.962,10.6300,50
34324987383757,09:32:04.987,10.6200,100
34324987383757,09:32:04.987,10.6200,100
34324987383757,09:32:04.987,10.6200,50
34324987383757,09:32:04.987,10.6200,4
34324987383757,09:32:04.987,10.6200,246
34324987530178,09:32:04.987,10.6200,54
34324989116361,09:32:04.989,10.6100,100
34324990319423,09:32:04.990,10.6100,100
34324993942800,09:32:04.993,10.6100,100
34325105301892,09:32:05.105,10.6200,100
34325105301892,09:32:05.105,10.6200,100
34325105301892,09:32:05.105,10.6200,100
34325106456423,09:32:05.106,10.6200,100
34325106456423,09:32:05.106,10.6200,100
34325106456423,09:32:05.106,10.6200,100
34325107623596,09:32:05.107,10.6200,100
34325107623596,09:32:05.107,10.6200,100
34325107623596,09:32:05.107,10.6200,100
34325107996412,09:32:05.107,10.6200,100
34325108500214,09:32:05.108,10.6200,200
34325108506561,09:32:05.108,10.6200,300
34325170117026,09:32:05.170,10.6200,100
34325171247355,09:32:05.171,10.6200,100
34325171410015,09:32:05.171,10.6200,100
34325172913740,09:32:05.172,10.6200,100
34325207066819,09:32:05.207,10.6200,100
34325213658776,09:32:05.213,10.6100,100
34325213658776,09:32:05.213,10.6100,8
34325213710804,09:32:05.213,10.6100,92
34325264069932,09:32:05.264,10.6100,100
34325285371288,09:32:05.285,10.6100,200
34325286582300,09:32:05.286,10.6000,100
34325286582300,09:32:05.286,10.6000,100
34325286582300,09:32:05.286,10.6000,100
34325286913774,09:32:05.286,10.6000,200
34325302851290,09:32:05.302,10.6000,100
34325302851290,09:32:05.302,10.6000,433
34325303132488,09:32:05.303,10.6000,67
34325311016997,09:32:05.311,10.6100,100
34325330229844,09:32:05.330,10.6100,100
34325330229844,09:32:05.330,10.6100,100
34325352022608,09:32:05.352,10.6100,100
34325352022608,09:32:05.352,10.6100,100
34325377356694,09:32:05.377,10.6100,100
34325377356694,09:32:05.377,10.6100,100
34325378575902,09:32:05.378,10.6000,100
34325378575902,09:32:05.378,10.6000,100
34325378575902,09:32:05.378,10.6000,100
34325379090339,09:32:05.379,10.6000,100
34325423983368,09:32:05.423,10.6000,100
34325436953385,09:32:05.436,10.6000,100
34325436953385,09:32:05.436,10.5900,15
34325436953385,09:32:05.436,10.5900,125
34325437268305,09:32:05.437,10.6000,100
34325437338680,09:32:05.437,10.6000,100
34325437651572,09:32:05.437,10.6000,47
34325649453337,09:32:05.649,10.6000,153
34325649453337,09:32:05.649,10.6000,200
34325649453337,09:32:05.649,10.6000,100
34325718796207,09:32:05.718,10.5900,100
34325718796207,09:32:05.718,10.5900,100
34325736011120,09:32:05.736,10.5900,100
34325736090597,09:32:05.736,10.5900,1
34325739681717,09:32:05.739,10.5900,99
34325739681717,09:32:05.739,10.6000,1
34325831850012,09:32:05.831,10.5900,100
34325831850012,09:32:05.831,10.5900,100
34325850788212,09:32:05.850,10.6000,100
34325850788212,09:32:05.850,10.6000,100
34325921710811,09:32:05.921,10.6000,100
34325922904681,09:32:05.922,10.5900,900
34325924573650,09:32:05.924,10.5900,100
34325929265873,09:32:05.929,10.6000,100
34326104363398,09:32:06.104,10.6100,66
34326803753449,09:32:06.803,10.6500,69
34326803753449,09:32:06.803,10.6500,31
34326929384716,09:32:06.929,10.6400,100
34326929384716,09:32:06.929,10.6400,100
34326930537773,09:32:06.930,10.6400,100
34326930537773,09:32:06.930,10.6400,100
34327246329016,09:32:07.246,10.7000,100
34327246329016,09:32:07.246,10.7000,100
34327246329016,09:32:07.246,10.7000,100
34327246329016,09:32:07.246,10.7000,100
34327246329016,09:32:07.246,10.7000,100
34327246329016,09:32:07.246,10.7000,100
34327246329016,09:32:07.246,10.7000,100
34327246329016,09:32:07.246,10.7000,100
34327246329016,09:32:07.246,10.7000,100
34327246329016,09:32:07.246,10.7000,34
34327247572828,09:32:07.247,10.6800,100
34327270814963,09:32:07.270,10.6800,100
34327345343172,09:32:07.345,10.7000,100
34327416297278,09:32:07.416,10.7000,100
34327631254848,09:32:07.631,10.6900,100
34327632751021,09:32:07.632,10.6700,100
34327632751021,09:32:07.632,10.6700,100
34327633292379,09:32:07.633,10.6700,200
34327633627777,09:32:07.633,10.6700,100
34327669522608,09:32:07.669,10.7100,120
34327669522608,09:32:07.669,10.7100,1000
34327675136083,09:32:07.675,10.7200,120
34327675136083,09:32:07.675,10.7300,800
34327766763808,09:32:07.766,10.7200,300
34327766763808,09:32:07.766,10.7000,100
34327767527840,09:32:07.767,10.7200,100
34327767586550,09:32:07.767,10.7200,120
34327767592339,09:32:07.767,10.7200,180
34327768027996,09:32:07.768,10.7100,200
34327768790157,09:32:07.768,10.7100,100
34327768910002,09:32:07.768,10.6900,120
34327770951334,09:32:07.770,10.7000,80
34327771155182,09:32:07.771,10.7000,120
34327811704879,09:32:07.811,10.7300,100
34327815114448,09:32:07.815,10.7400,120
34327815114448,09:32:07.815,10.7500,2000
34327815114448,09:32:07.815,10.7500,120
34328511851374,09:32:08.511,10.7700,100
34328511851374,09:32:08.511,10.7700,100
34328511851374,09:32:08.511,10.7700,500
34328511851374,09:32:08.511,10.7700,420
34328511851374,09:32:08.511,10.7700,2365
34328511851374,09:32:08.511,10.7700,100
34328511851374,09:32:08.511,10.7700,100
34328511851374,09:32:08.511,10.7700,100
34328517560896,09:32:08.517,10.7650,200
34328517560896,09:32:08.517,10.7700,100
34328517560896,09:32:08.517,10.7800,100
34328517560896,09:32:08.517,10.7800,100
34328517560896,09:32:08.517,10.7800,100
34328517560896,09:32:08.517,10.7900,300
34328517560896,09:32:08.517,10.7900,700
34328517560896,09:32:08.517,10.7900,100
34328667653162,09:32:08.667,10.8000,200
34328667653162,09:32:08.667,10.8000,100
34328667653162,09:32:08.667,10.8000,266
34328667653162,09:32:08.667,10.8000,300
34328674945312,09:32:08.674,10.8000,100
34328675173037,09:32:08.675,10.8000,17
34328721758379,09:32:08.721,10.7900,200
34328721758379,09:32:08.721,10.7900,100
34328721796360,09:32:08.721,10.7800,100
34328721796360,09:32:08.721,10.7800,705
34328722077862,09:32:08.722,10.7800,100
34328722200693,09:32:08.722,10.7800,100
34328722206522,09:32:08.722,10.7800,200
34328722209906,09:32:08.722,10.7800,100
34328722858761,09:32:08.722,10.7700,100
34328722858761,09:32:08.722,10.7700,20
34328723040154,09:32:08.723,10.7700,220
34328723040154,09:32:08.723,10.7700,100
34328724157156,09:32:08.724,10.7700,200
34328724157156,09:32:08.724,10.7700,300
34328724919247,09:32:08.724,10.7700,166
34328725129469,09:32:08.725,10.7600,120
34328725129469,09:32:08.725,10.7600,65
34328726086083,09:32:08.726,10.7600,115
34328727508659,09:32:08.727,10.7700,200
34328727972818,09:32:08.727,10.7800,200
34328931722042,09:32:08.931,10.7700,200
34328931722042,09:32:08.931,10.7700,166
34328932050151,09:32:08.932,10.7700,100
34328932050813,09:32:08.932,10.7700,200
34328932051381,09:32:08.932,10.7700,200
34328932076314,09:32:08.932,10.7700,200
34328932126181,09:32:08.932,10.7700,100
34328932126181,09:32:08.932,10.7700,100
34328932126181,09:32:08.932,10.7700,100
34328932126181,09:32:08.932,10.7700,100
34328932126181,09:32:08.932,10.7700,100
34328939541055,09:32:08.939,10.7700,100
34328939541055,09:32:08.939,10.7700,250
34328939571603,09:32:08.939,10.7700,200
34328940122053,09:32:08.940,10.7700,100
34328940122053,09:32:08.940,10.7700,200
34328940122053,09:32:08.940,10.7700,84
34328990850046,09:32:08.990,10.7800,100
34328990850046,09:32:08.990,10.7900,100
34328990850046,09:32:08.990,10.7900,100
34328994652486,09:32:08.994,10.7900,100
34328994652486,09:32:08.994,10.7900,100
34329106447151,09:32:09.106,10.8200,100
34329152308168,09:32:09.152,10.8200,120
34329155237714,09:32:09.155,10.8200,500
34329155744453,09:32:09.155,10.8200,280
34329234765893,09:32:09.234,10.8250,100
34329592732872,09:32:09.592,10.8300,300
34329592732872,09:32:09.592,10.8300,300
34329592732872,09:32:09.592,10.8300,100
34330105158261,09:32:10.105,10.8500,378
34330123133429,09:32:10.123,10.8400,100
34330234803735,09:32:10.234,10.8450,100
34330628216287,09:32:10.628,10.8500,122
34331012125027,09:32:11.012,10.8400,16
34331120731156,09:32:11.120,10.8400,100
34331120731156,09:32:11.120,10.8400,100
34331120731156,09:32:11.120,10.8400,100
34331120731156,09:32:11.120,10.8400,900
34331841447147,09:32:11.841,10.8500,100
34331871175367,09:32:11.871,10.8500,200
34332199641128,09:32:12.199,10.8300,100
34332199641128,09:32:12.199,10.8300,100
34332325712520,09:32:12.325,10.8300,200
34332326033970,09:32:12.326,10.8300,100
34332326034563,09:32:12.326,10.8300,100
34332326065442,09:32:12.326,10.8300,100
34332415325706,09:32:12.415,10.8300,50
34332434052069,09:32:12.434,10.8300,100
34332434925660,09:32:12.434,10.8300,100
34332560064019,09:32:12.560,10.8200,100
34332561224387,09:32:12.561,10.8100,100
34332561284045,09:32:12.561,10.8100,100
34332562682624,09:32:12.562,10.8100,100
34333041350865,09:32:13.041,10.8500,100
34333079063028,09:32:13.079,10.8500,100
34333103635567,09:32:13.103,10.8500,400
34333138064489,09:32:13.138,10.8400,300
34333392605151,09:32:13.392,10.8400,2
34333392605151,09:32:13.392,10.8400,200
34333392605151,09:32:13.392,10.8400,200
34333393209823,09:32:13.393,10.8300,100
34333393516403,09:32:13.393,10.8300,100
34333393518197,09:32:13.393,10.8300,100
34333394114158,09:32:13.394,10.8300,100
34333394114158,09:32:13.394,10.8300,100
34333394977381,09:32:13.394,10.8200,700
34333394977381,09:32:13.394,10.8200,100
34333394977381,09:32:13.394,10.8200,100
34333395284077,09:32:13.395,10.8200,100
34333395285364,09:32:13.395,10.8200,100
34333395842535,09:32:13.395,10.8200,100
34333397091653,09:32:13.397,10.8200,100
34333397966335,09:32:13.397,10.8200,100
34333398435682,09:32:13.398,10.8200,100
34333399641341,09:32:13.399,10.8200,100
34333400105676,09:32:13.400,10.8200,100
34333400237630,09:32:13.400,10.8100,58
34333400623745,09:32:13.400,10.8200,100
34333401525621,09:32:13.401,10.8300,200
34333401525621,09:32:13.401,10.8300,100
34333693847362,09:32:13.693,10.8500,100
34333701257371,09:32:13.701,10.8500,100
34334862183356,09:32:14.862,10.8300,100
34334862846425,09:32:14.862,10.8300,800
34335019460987,09:32:15.019,10.8000,120
34335021980796,09:32:15.021,10.7900,120
34335032505779,09:32:15.032,10.7800,120
34335035030382,09:32:15.035,10.7800,200
34335072367050,09:32:15.072,10.7700,120
34335081772825,09:32:15.081,10.7600,120
34335324586318,09:32:15.324,10.7600,100
34335499538873,09:32:15.499,10.7800,100
34335499538873,09:32:15.499,10.8000,100
34335501851719,09:32:15.501,10.8200,100
34335533542810,09:32:15.533,10.7800,100
34335533542810,09:32:15.533,10.7700,200
34336059276701,09:32:16.059,10.7700,100
34336060404885,09:32:16.060,10.7800,100
34336093970546,09:32:16.093,10.7600,800
34336095210765,09:32:16.095,10.7500,500
34336095210765,09:32:16.095,10.7500,200
34336095842847,09:32:16.095,10.7400,120
34336096459369,09:32:16.096,10.7300,120
34336096949532,09:32:16.096,10.7300,15
34336096949532,09:32:16.096,10.7300,100
34336096949532,09:32:16.096,10.7200,120
34336097503360,09:32:16.097,10.7100,120
34336100736842,09:32:16.100,10.6700,100
34336104515479,09:32:16.104,10.6100,500
34336104515479,09:32:16.104,10.6100,3100
34336122843661,09:32:16.122,10.5800,50
34336232971410,09:32:16.232,10.6500,100
34336276137502,09:32:16.276,10.6600,100
34336276137502,09:32:16.276,10.6600,100
34336337058173,09:32:16.337,10.6500,100
34336337058173,09:32:16.337,10.6400,100
34336337083664,09:32:16.337,10.6400,100
34336339512219,09:32:16.339,10.6300,100
34336339512219,09:32:16.339,10.6200,100
34336473193045,09:32:16.473,10.6200,100
34336473677910,09:32:16.473,10.6200,100
34336475688275,09:32:16.475,10.6100,300
34336475688275,09:32:16.475,10.6100,100
34336580456127,09:32:16.580,10.6100,200
34336589700129,09:32:16.589,10.6100,100
34336622167762,09:32:16.622,10.6000,100
34336622167762,09:32:16.622,10.6000,100
34336622167762,09:32:16.622,10.6000,200
34336635041827,09:32:16.635,10.6150,100
34336688148377,09:32:16.688,10.5900,300
34336943889761,09:32:16.943,10.6000,100
34336997836753,09:32:16.997,10.5900,100
34337121717998,09:32:17.121,10.5800,100
34338120369338,09:32:18.120,10.6100,100
34338125503144,09:32:18.125,10.5900,100
34339129203891,09:32:19.129,10.6100,2000
34339797610200,09:32:19.797,10.6000,100
34340605384776,09:32:20.605,10.6000,3900
34340607001614,09:32:20.607,10.6000,100
34340609743512,09:32:20.609,10.5900,200
34340609743512,09:32:20.609,10.5800,100
34340617070719,09:32:20.617,10.6000,100
34341872931640,09:32:21.872,10.5800,300
34341872931640,09:32:21.872,10.5800,100
34341879194352,09:32:21.879,10.5700,100
34341879194352,09:32:21.879,10.5700,100
34342142986032,09:32:22.142,10.5500,500
34342156090965,09:32:22.156,10.5600,100
34342240496406,09:32:22.240,10.5700,100
34343317850139,09:32:23.317,10.5450,100
34343513599826,09:32:23.513,10.5400,100
34343514902616,09:32:23.514,10.5400,100
34343518271513,09:32:23.518,10.5400,100
34343528292735,09:32:23.528,10.5400,100
34343528292735,09:32:23.528,10.5400,100
34343533476413,09:32:23.533,10.5400,100
34343533476413,09:32:23.533,10.5400,200
34343547983504,09:32:23.547,10.5400,100
34343549236352,09:32:23.549,10.5500,100
34343549236352,09:32:23.549,10.5500,100
34343596556357,09:32:23.596,10.5500,100
34343596556357,09:32:23.596,10.5500,100
34343596556357,09:32:23.596,10.5500,200
34343597766666,09:32:23.597,10.5450,100
34344471806175,09:32:24.471,10.5400,500
34344635391964,09:32:24.635,10.5550,100
34344656375444,09:32:24.656,10.5400,100
34344656375444,09:32:24.656,10.5400,100
34345760296570,09:32:25.760,10.5400,100
34345816504930,09:32:25.816,10.5400,300
34345816504930,09:32:25.816,10.5300,100
34346271187776,09:32:26.271,10.5400,600
34346325777698,09:32:26.325,10.5300,100
34346325777698,09:32:26.325,10.5300,100
34346631842251,09:32:26.631,10.5300,100
34347235552837,09:32:27.235,10.5350,100
34347350625496,09:32:27.350,10.5300,100
34347918746843,09:32:27.918,10.5350,200
34348384709689,09:32:28.384,10.5350,200
34348421813400,09:32:28.421,10.5300,100
34348934635984,09:32:28.934,10.5250,100
34349035635701,09:32:29.035,10.5250,100
34349655947025,09:32:29.655,10.5200,1000
34349655947025,09:32:29.655,10.5200,57
34349656466194,09:32:29.656,10.5300,100
34349656466194,09:32:29.656,10.5300,100
34349656526844,09:32:29.656,10.5300,100
34349656526844,09:32:29.656,10.5300,100
34349656526844,09:32:29.656,10.5300,173
34349656528151,09:32:29.656,10.5300,100
34349656580321,09:32:29.656,10.5300,100
34349950617906,09:32:29.950,10.5250,200
34349991215426,09:32:29.991,10.5200,43
34349991215426,09:32:29.991,10.5200,100
34349991215426,09:32:29.991,10.5200,57
34350045636699,09:32:30.045,10.5200,43
34350045636699,09:32:30.045,10.5200,200
34350045636699,09:32:30.045,10.5200,100
34350076056841,09:32:30.076,10.5100,100
34350116121840,09:32:30.116,10.5050,613
34351601907599,09:32:31.601,10.4700,100
34351993323674,09:32:31.993,10.5000,340
34351993323674,09:32:31.993,10.5000,1000
34351993323674,09:32:31.993,10.5000,660
34352885318762,09:32:32.885,10.5100,159
34352885318762,09:32:32.885,10.5200,200
34352885318762,09:32:32.885,10.5200,1641
34353678438256,09:32:33.678,10.5000,100
34353678646331,09:32:33.678,10.5000,600
34353679467190,09:32:33.679,10.5000,200
34354766228648,09:32:34.766,10.4900,1000
34354766228648,09:32:34.766,10.4800,100
34354766284883,09:32:34.766,10.4900,100
34354766284883,09:32:34.766,10.4900,113
34354766284883,09:32:34.766,10.4900,100
34354766284883,09:32:34.766,10.4900,113
34354766284883,09:32:34.766,10.4900,100
34354766284883,09:32:34.766,10.4900,300
34354766284883,09:32:34.766,10.4900,100
34354766284883,09:32:34.766,10.5000,2174
34354767310066,09:32:34.767,10.4900,100
34354767310066,09:32:34.767,10.4900,100
34354767310066,09:32:34.767,10.4900,300
34354767310066,09:32:34.767,10.4900,100
34354767310066,09:32:34.767,10.4900,100
34354767310066,09:32:34.767,10.4900,100
34354767310066,09:32:34.767,10.4900,100
34354767310066,09:32:34.767,10.4900,100
34354768690484,09:32:34.768,10.4700,200
34354768690484,09:32:34.768,10.4700,100
34354768690484,09:32:34.768,10.4700,100
34354769234942,09:32:34.769,10.4700,200
34354769234942,09:32:34.769,10.4700,100
34354769317322,09:32:34.769,10.4700,200
34354769317322,09:32:34.769,10.4700,200
34354769317322,09:32:34.769,10.4700,600
34354769317322,09:32:34.769,10.4700,100
34354769317322,09:32:34.769,10.4700,100
34354769317322,09:32:34.769,10.4600,200
34354769317322,09:32:34.769,10.4600,200
34354769317322,09:32:34.769,10.4600,100
34354770141122,09:32:34.770,10.4500,100
34354770229169,09:32:34.770,10.4600,200
34354770229694,09:32:34.770,10.4600,100
34354770239450,09:32:34.770,10.4600,200
34354770239450,09:32:34.770,10.4600,100
34354770269219,09:32:34.770,10.4600,100
34354770568335,09:32:34.770,10.4600,200
34354770579714,09:32:34.770,10.4600,100
34354770608097,09:32:34.770,10.4600,200
34354770624819,09:32:34.770,10.4600,80
34354770856571,09:32:34.770,10.4600,200
34354772127250,09:32:34.772,10.4600,80
34354772548690,09:32:34.772,10.4600,100
34354773038208,09:32:34.773,10.4600,200
34354773038208,09:32:34.773,10.4500,100
34354773038208,09:32:34.773,10.4500,100
34354773038208,09:32:34.773,10.4500,100
34354773953661,09:32:34.773,10.4500,100
34354773953661,09:32:34.773,10.4600,100
34354773953661,09:32:34.773,10.4600,100
34354846421934,09:32:34.846,10.4600,100
34354846421934,09:32:34.846,10.4600,3
34354846421934,09:32:34.846,10.4600,197
34354850270528,09:32:34.850,10.4500,200
34354850270528,09:32:34.850,10.4500,100
34354850270528,09:32:34.850,10.4500,200
34354860348196,09:32:34.860,10.4500,107
34354860348196,09:32:34.860,10.4500,100
34355126920604,09:32:35.126,10.4500,100
34355243882975,09:32:35.243,10.4600,100
34357824076188,09:32:37.824,10.4500,100
34358330817155,09:32:38.330,10.4600,100
34358331634792,09:32:38.331,10.4600,31
34358352226552,09:32:38.352,10.4600,32
34358397188548,09:32:38.397,10.4900,700
34358397188548,09:32:38.397,10.4900,100
34358400881312,09:32:38.400,10.4900,20
34358614497905,09:32:38.614,10.4900,100
34358614497905,09:32:38.614,10.4900,100
34358633367281,09:32:38.633,10.4900,400
34359182080033,09:32:39.182,10.4900,100
34359219613010,09:32:39.219,10.5000,200
34359776520290,09:32:39.776,10.4900,100
34359776520290,09:32:39.776,10.4900,100
34359776520290,09:32:39.776,10.4900,80
34359776964215,09:32:39.776,10.4900,100
34359776964215,09:32:39.776,10.4900,200
34359776964215,09:32:39.776,10.4900,300
34359776964215,09:32:39.776,10.4900,100
34359776964215,09:32:39.776,10.4900,100
34359776964215,09:32:39.776,10.4900,222
34359803832706,09:32:39.803,10.4900,100
34359803832706,09:32:39.803,10.4900,222
34359803832706,09:32:39.803,10.4900,98
34359803888292,09:32:39.803,10.4900,2
34359804256624,09:32:39.804,10.4900,100
34359805269120,09:32:39.805,10.4900,100
34359805269120,09:32:39.805,10.4900,300
34359805269120,09:32:39.805,10.4900,100
34359817796881,09:32:39.817,10.4900,300
34359844060686,09:32:39.844,10.5000,100
34360326020315,09:32:40.326,10.4900,100
34360326020315,09:32:40.326,10.4900,200
34360326020315,09:32:40.326,10.4900,500
34360338811019,09:32:40.338,10.4900,220
34360338811019,09:32:40.338,10.4800,80
34360359678646,09:32:40.359,10.4900,200
34360370372935,09:32:40.370,10.4800,220
34360370372935,09:32:40.370,10.4800,180
34360379089821,09:32:40.379,10.4800,100
34360392437610,09:32:40.392,10.4600,300
34360400170923,09:32:40.400,10.4600,100
34360408384862,09:32:40.408,10.4500,120
34360461214116,09:32:40.461,10.4900,100
34360548597365,09:32:40.548,10.4900,20
34360552919666,09:32:40.552,10.4900,50
34360553168823,09:32:40.553,10.4900,100
34360553188430,09:32:40.553,10.4900,100
34360553188430,09:32:40.553,10.4900,100
34360553188430,09:32:40.553,10.4900,100
34360553196750,09:32:40.553,10.4900,100
34360553196750,09:32:40.553,10.4900,100
34360567688679,09:32:40.567,10.4900,100
34360567688679,09:32:40.567,10.4900,100
34360567688679,09:32:40.567,10.4900,100
34360606890367,09:32:40.606,10.5000,626
34360606890367,09:32:40.606,10.5000,74
34360928290832,09:32:40.928,10.5100,100
34360985312384,09:32:40.985,10.5100,300
34361587824115,09:32:41.587,10.5200,300
34361587824115,09:32:41.587,10.5200,100
34361926801409,09:32:41.926,10.5200,100
34365423607220,09:32:45.423,10.5700,100
34366924546065,09:32:46.924,10.5800,100
34367257969595,09:32:47.257,10.5700,100
34367723386600,09:32:47.723,10.5800,100
34367949060794,09:32:47.949,10.5800,100
34368332177347,09:32:48.332,10.5800,700
34368332177347,09:32:48.332,10.5800,1400
34368332823852,09:32:48.332,10.5800,200
34368332823852,09:32:48.332,10.5800,100
34368332823852,09:32:48.332,10.5800,200
34368332881485,09:32:48.332,10.5800,100
34368332924358,09:32:48.332,10.5800,480
34368332924358,09:32:48.332,10.5800,580
34368332924358,09:32:48.332,10.5800,100
34368338066534,09:32:48.338,10.5800,100
34368339395082,09:32:48.339,10.5800,400
34368339514017,09:32:48.339,10.5800,100
34368339938555,09:32:48.339,10.5800,1400
34368339965832,09:32:48.339,10.5800,200
34368340018507,09:32:48.340,10.5800,300
34368436482077,09:32:48.436,10.5800,100
34370128423681,09:32:50.128,10.5800,100
34370128423681,09:32:50.128,10.5700,200
34370128423681,09:32:50.128,10.5700,600
34370133665502,09:32:50.133,10.5800,300
34370133665502,09:32:50.133,10.5800,100
34372351975242,09:32:52.351,10.5900,100
34372873134420,09:32:52.873,10.5800,300
34372873134420,09:32:52.873,10.5800,100
34373613342334,09:32:53.613,10.5800,100
34373614726244,09:32:53.614,10.5800,10
34373614837630,09:32:53.614,10.5800,100
34373614837630,09:32:53.614,10.5800,100
34373614837630,09:32:53.614,10.5900,100
34373614837630,09:32:53.614,10.5900,400
34373614837630,09:32:53.614,10.5900,100
34373614837630,09:32:53.614,10.5900,300
34373616950197,09:32:53.616,10.5900,100
34373616993933,09:32:53.616,10.5900,300
34373617039850,09:32:53.617,10.5900,100
34373617095910,09:32:53.617,10.5900,200
34373617330645,09:32:53.617,10.5900,200
34373617330645,09:32:53.617,10.5900,100
34373617514587,09:32:53.617,10.6100,700
34373618470021,09:32:53.618,10.6000,48
34373620315847,09:32:53.620,10.6100,74
34373647182702,09:32:53.647,10.6200,300
34373763726426,09:32:53.763,10.6200,500
34373855679452,09:32:53.855,10.6200,490
34373883553880,09:32:53.883,10.6200,10
34373901527095,09:32:53.901,10.6200,300
34373927553708,09:32:53.927,10.6200,500
34374328394955,09:32:54.328,10.6200,200
34374328394955,09:32:54.328,10.6200,100
34374588698178,09:32:54.588,10.6100,200
34374588698178,09:32:54.588,10.6100,200
34374588698178,09:32:54.588,10.6100,100
34374643030170,09:32:54.643,10.6100,100
34374698245170,09:32:54.698,10.6100,100
34374698245170,09:32:54.698,10.6100,200
34375365044045,09:32:55.365,10.6400,100
34377710502674,09:32:57.710,10.6400,100
34377711400852,09:32:57.711,10.6400,100
34377813811445,09:32:57.813,10.6400,200
34378045557330,09:32:58.045,10.6350,200
34378045557330,09:32:58.045,10.6300,100
34378045557330,09:32:58.045,10.6300,200
34378045557330,09:32:58.045,10.6300,100
34378046753538,09:32:58.046,10.6300,100
34378046753538,09:32:58.046,10.6300,100
34378048309185,09:32:58.048,10.6300,100
34380170777962,09:33:00.170,10.6300,100
34380170777962,09:33:00.170,10.6300,100
34380170777962,09:33:00.170,10.6300,100
34380170777962,09:33:00.170,10.6300,100
34380170777962,09:33:00.170,10.6300,1700
34380172982473,09:33:00.172,10.6200,100
34380172982473,09:33:00.172,10.6200,100
34380172982473,09:33:00.172,10.6200,100
34380173169319,09:33:00.173,10.6200,200
34380173169319,09:33:00.173,10.6200,100
34380173169319,09:33:00.173,10.6200,200
34380174506971,09:33:00.174,10.6200,300
34380174506971,09:33:00.174,10.6200,100
34380174506971,09:33:00.174,10.6200,200
34380285478619,09:33:00.285,10.6300,100
34380285950173,09:33:00.285,10.6300,100
34380286129993,09:33:00.286,10.6300,200
34380286129993,09:33:00.286,10.6300,100
34380286129993,09:33:00.286,10.6300,300
34380759607694,09:33:00.759,10.6200,100
34380759607694,09:33:00.759,10.6200,100
34380759607694,09:33:00.759,10.6200,100
34380759627547,09:33:00.759,10.6200,600
34380759627547,09:33:00.759,10.6200,1100
34380761935624,09:33:00.761,10.6200,100
34380892772470,09:33:00.892,10.6200,100
34381373248456,09:33:01.373,10.6200,100
34381443886456,09:33:01.443,10.6200,100
34381443886456,09:33:01.443,10.6200,200
34381443890418,09:33:01.443,10.6200,200
34381443890418,09:33:01.443,10.6200,100
34381643316849,09:33:01.643,10.6200,100
34381883463657,09:33:01.883,10.6200,152
34381883463657,09:33:01.883,10.6200,100
34381884112482,09:33:01.884,10.6200,100
34381885635713,09:33:01.885,10.6200,100
34381886822049,09:33:01.886,10.6100,100
34381886822049,09:33:01.886,10.6100,100
34381887341260,09:33:01.887,10.6100,100
34381887942058,09:33:01.887,10.6000,100
34381888122666,09:33:01.888,10.6000,100
34381890419607,09:33:01.890,10.6000,10
34381891158930,09:33:01.891,10.5900,600
34381891158930,09:33:01.891,10.5900,100
34381891158930,09:33:01.891,10.5900,500
34381891158930,09:33:01.891,10.5900,100
34381893485793,09:33:01.893,10.5900,100
34382095551998,09:33:02.095,10.5900,100
34382095551998,09:33:02.095,10.5900,100
34382096339016,09:33:02.096,10.5900,100
34382096348337,09:33:02.096,10.5900,100
34382112462283,09:33:02.112,10.5900,100
34382112771179,09:33:02.112,10.5900,100
34382122348230,09:33:02.122,10.5800,100
34382122348230,09:33:02.122,10.5800,200
34382123810375,09:33:02.123,10.5800,300
34382123810375,09:33:02.123,10.5800,600
34382125162639,09:33:02.125,10.5800,100
34382125883935,09:33:02.125,10.5800,300
34382127403129,09:33:02.127,10.5800,100
34382143547764,09:33:02.143,10.5800,400
34382143547764,09:33:02.143,10.5800,200
34382144188985,09:33:02.144,10.5800,100
34382144188985,09:33:02.144,10.5800,100
34382144328886,09:33:02.144,10.5700,100
34382144328886,09:33:02.144,10.5700,100
34382144355408,09:33:02.144,10.5700,700
34382144355408,09:33:02.144,10.5700,100
34382145336960,09:33:02.145,10.5700,100
34382145336960,09:33:02.145,10.5700,100
34382147098833,09:33:02.147,10.5700,100
34383166060740,09:33:03.166,10.5600,100
34383166060740,09:33:03.166,10.5500,100
34383166060740,09:33:03.166,10.5500,40
34383203414289,09:33:03.203,10.5600,100
34383591695995,09:33:03.591,10.5600,200
34383591745707,09:33:03.591,10.5700,100
34383608657437,09:33:03.608,10.5600,100
34383613054563,09:33:03.613,10.5500,60
34383613054563,09:33:03.613,10.5500,100
34383613054563,09:33:03.613,10.5500,40
34383613529221,09:33:03.613,10.5500,100
34383637054273,09:33:03.637,10.5500,100
34383895698434,09:33:03.895,10.5600,210
34383902424684,09:33:03.902,10.5900,200
34384117135869,09:33:04.117,10.5800,100
34384385846717,09:33:04.385,10.5800,100
34384738265133,09:33:04.738,10.5800,100
34384738265133,09:33:04.738,10.5800,100
34385375274005,09:33:05.375,10.5800,100
34385375274005,09:33:05.375,10.5800,100
34385375663562,09:33:05.375,10.5700,100
34385375663562,09:33:05.375,10.5700,100
34385375747927,09:33:05.375,10.5600,100
34385376224427,09:33:05.376,10.5600,100
34385376692115,09:33:05.376,10.5500,100
34385378145522,09:33:05.378,10.5500,100
34385378230515,09:33:05.378,10.5500,60
34385378230515,09:33:05.378,10.5500,40
34385378762748,09:33:05.378,10.5500,60
34385378762748,09:33:05.378,10.5500,200
34385380246688,09:33:05.380,10.5400,100
34385691318515,09:33:05.691,10.5400,100
34385691318515,09:33:05.691,10.5400,100
34385691318515,09:33:05.691,10.5400,500
34385691318515,09:33:05.691,10.5400,57
34385737370343,09:33:05.737,10.5400,100
34385962575599,09:33:05.962,10.5400,100
34385962575599,09:33:05.962,10.5400,100
34385962575599,09:33:05.962,10.5400,143
34385965052482,09:33:05.965,10.5300,100
34385965052482,09:33:05.965,10.5300,100
34385965052482,09:33:05.965,10.5300,100
34385966649931,09:33:05.966,10.5200,200
34385977142303,09:33:05.977,10.5200,300
34387092312422,09:33:07.092,10.5200,100
34387094256652,09:33:07.094,10.5000,100
34387094256652,09:33:07.094,10.5000,100
34387384939332,09:33:07.384,10.5100,100
34387384939332,09:33:07.384,10.5100,100
34387396006844,09:33:07.396,10.5200,100
34387480181099,09:33:07.480,10.5200,300
34387480181099,09:33:07.480,10.5200,500
34387480181099,09:33:07.480,10.5200,500
34387482986194,09:33:07.482,10.5200,50
34387482986194,09:33:07.482,10.5200,100
34387482986194,09:33:07.482,10.5200,100
34387484605624,09:33:07.484,10.5200,100
34389341746372,09:33:09.341,10.5200,100
34389433581421,09:33:09.433,10.5100,100
34389434123222,09:33:09.434,10.5000,100
34389434123222,09:33:09.434,10.5000,1800
34389434123222,09:33:09.434,10.5000,100
34389435672598,09:33:09.435,10.4800,100
34389436734476,09:33:09.436,10.4800,20
34389436734476,09:33:09.436,10.4800,100
34389436734476,09:33:09.436,10.4800,80
34389439135403,09:33:09.439,10.4800,20
34389439135403,09:33:09.439,10.4800,100
34389439135403,09:33:09.439,10.4800,80
34389441277252,09:33:09.441,10.4800,20
34389441277252,09:33:09.441,10.4800,80
34389447133076,09:33:09.447,10.4800,100
34389449663229,09:33:09.449,10.4700,100
34389889545975,09:33:09.889,10.4700,500
34390113938129,09:33:10.113,10.4800,458
34390116318463,09:33:10.116,10.4700,100
34390116318463,09:33:10.116,10.4700,100
34390170796221,09:33:10.170,10.4900,100
34390688932519,09:33:10.688,10.4700,100
34390924688645,09:33:10.924,10.4800,300
34390930838894,09:33:10.930,10.4800,200
34390930838894,09:33:10.930,10.4800,200
34390932893551,09:33:10.932,10.4800,100
34390932920404,09:33:10.932,10.4800,100
34390932920404,09:33:10.932,10.4800,100
34390932920404,09:33:10.932,10.4800,100
34390932920404,09:33:10.932,10.4800,200
34390998058283,09:33:10.998,10.4700,200
34390998058283,09:33:10.998,10.4700,100
34390998058283,09:33:10.998,10.4700,200
34391350965096,09:33:11.350,10.4600,100
34391402254483,09:33:11.402,10.4300,700
34391402254483,09:33:11.402,10.4300,100
34391402609076,09:33:11.402,10.4200,700
34391402609076,09:33:11.402,10.4200,120
34391402694170,09:33:11.402,10.4300,100
34391403580761,09:33:11.403,10.4100,100
34391403621672,09:33:11.403,10.4100,200
34391403621672,09:33:11.403,10.4100,100
34391403627570,09:33:11.403,10.4100,400
34391407124502,09:33:11.407,10.4050,200
34391409066488,09:33:11.409,10.4100,100
34391409066488,09:33:11.409,10.4100,100
34391409066488,09:33:11.409,10.4100,100
34391409569865,09:33:11.409,10.4100,100
34391410222397,09:33:11.410,10.4100,100
34391410548328,09:33:11.410,10.4100,100
34391411339132,09:33:11.411,10.4100,100
34391411916105,09:33:11.411,10.4100,100
34391415961099,09:33:11.415,10.4100,100
34391415961099,09:33:11.415,10.4100,100
34391426844542,09:33:11.426,10.4100,100
34391447759371,09:33:11.447,10.4300,100
34391525438024,09:33:11.525,10.4400,200
34391525438024,09:33:11.525,10.4400,100
34391597397463,09:33:11.597,10.4300,100
34391813234701,09:33:11.813,10.4300,500
34391813234701,09:33:11.813,10.4300,500
34391852828802,09:33:11.852,10.4400,100
34391852828802,09:33:11.852,10.4400,100
34391852828802,09:33:11.852,10.4400,100
34391852853500,09:33:11.852,10.4400,100
34391854768091,09:33:11.854,10.4400,200
34391856550778,09:33:11.856,10.4400,100
34391856576320,09:33:11.856,10.4400,100
34391856576320,09:33:11.856,10.4400,200
34391857352692,09:33:11.857,10.4400,100
34391859031865,09:33:11.859,10.4400,40
34391859772796,09:33:11.859,10.4400,60
34391860491037,09:33:11.860,10.4400,100
34392067811644,09:33:12.067,10.4300,100
34392070070363,09:33:12.070,10.4200,100
34392070216109,09:33:12.070,10.4200,300
34392074232130,09:33:12.074,10.4100,100
34392074342135,09:33:12.074,10.4000,100
34392074342135,09:33:12.074,10.4000,200
34392074822841,09:33:12.074,10.4000,75
34392074822841,09:33:12.074,10.4000,100
34392074822841,09:33:12.074,10.4000,100
34392074881093,09:33:12.074,10.4000,25
34392076105543,09:33:12.076,10.4000,300
34392081144234,09:33:12.081,10.4000,100
34392081144234,09:33:12.081,10.4100,100
34392081144234,09:33:12.081,10.4100,100
34392081144234,09:33:12.081,10.4100,55
34392091449102,09:33:12.091,10.4100,100
34392091449102,09:33:12.091,10.4100,100
34392091449102,09:33:12.091,10.4100,100
34392091449102,09:33:12.091,10.4100,200
34392091449102,09:33:12.091,10.4100,100
34392113360201,09:33:12.113,10.4000,100
34392113395343,09:33:12.113,10.4000,200
34392113395343,09:33:12.113,10.4000,300
34392134081250,09:33:12.134,10.3900,120
34392134249893,09:33:12.134,10.3900,300
34392149282709,09:33:12.149,10.3800,700
34392159930711,09:33:12.159,10.3800,100
34392163452310,09:33:12.163,10.3800,100
34392163627408,09:33:12.163,10.3800,100
34392163627408,09:33:12.163,10.3800,400
34392165459972,09:33:12.165,10.3800,100
34392194597335,09:33:12.194,10.3600,600
34392194623364,09:33:12.194,10.3600,400
34392194876951,09:33:12.194,10.3600,100
34392195543582,09:33:12.195,10.3600,300
34392201652437,09:33:12.201,10.3600,100
34392201652437,09:33:12.201,10.3600,200
34392214470475,09:33:12.214,10.3600,100
34392214470475,09:33:12.214,10.3600,100
34392214470475,09:33:12.214,10.3600,100
34392214559255,09:33:12.214,10.3600,100
34392215490352,09:33:12.215,10.3600,100
34392220054320,09:33:12.220,10.3600,100
34392220054320,09:33:12.220,10.3600,100
34392233551061,09:33:12.233,10.3600,100
34392233592980,09:33:12.233,10.3600,100
34392233599154,09:33:12.233,10.3600,300
34392234623434,09:33:12.234,10.3600,100
34392234963567,09:33:12.234,10.3600,100
34392248118633,09:33:12.248,10.3700,100
34392248541323,09:33:12.248,10.3700,100
34392248541323,09:33:12.248,10.3700,200
34392248604035,09:33:12.248,10.3700,500
34392581599513,09:33:12.581,10.3900,300
34392669632459,09:33:12.669,10.4100,500
34392669632459,09:33:12.669,10.4100,500
34392669632459,09:33:12.669,10.4100,500
34392669632459,09:33:12.669,10.4100,500
34392693883062,09:33:12.693,10.4200,300
34392693883062,09:33:12.693,10.4200,120
34392693883062,09:33:12.693,10.4200,80
34392888479301,09:33:12.888,10.4200,100
34392925163300,09:33:12.925,10.4200,300
34392925396129,09:33:12.925,10.4200,320
34393749478448,09:33:13.749,10.4400,500
34396597961319,09:33:16.597,10.4200,100
34396597961319,09:33:16.597,10.4200,120
34396597961319,09:33:16.597,10.4200,100
34396597961319,09:33:16.597,10.4200,100
34396597961319,09:33:16.597,10.4200,200
34396606461035,09:33:16.606,10.4200,100
34396606461035,09:33:16.606,10.4200,100
34396606461035,09:33:16.606,10.4200,100
34396606461035,09:33:16.606,10.4200,100
34396643858206,09:33:16.643,10.4300,100
34397651455234,09:33:17.651,10.4600,400
34399631519109,09:33:19.631,10.4500,100
34404762541732,09:33:24.762,10.4500,100
34404762541732,09:33:24.762,10.4500,100
34404762541732,09:33:24.762,10.4500,100
34404762541732,09:33:24.762,10.4500,200
34404766515151,09:33:24.766,10.4400,500
34404766515151,09:33:24.766,10.4400,100
34404766515151,09:33:24.766,10.4400,100
34404766563533,09:33:24.766,10.4400,100
34404767364866,09:33:24.767,10.4300,100
34404846420559,09:33:24.846,10.4200,100
34404846420559,09:33:24.846,10.4200,100
34404919636132,09:33:24.919,10.4100,120
34405222158306,09:33:25.222,10.4100,100
34405325075958,09:33:25.325,10.4000,100
34405749145207,09:33:25.749,10.3900,13
34409795472188,09:33:29.795,10.3800,100
34409795472188,09:33:29.795,10.3800,428
34409838446207,09:33:29.838,10.3950,100
34411873035638,09:33:31.873,10.4000,100
34411873035638,09:33:31.873,10.4000,100
34411873035638,09:33:31.873,10.4000,200
34411875635044,09:33:31.875,10.4000,100
34411877941661,09:33:31.877,10.4000,100
34413403146888,09:33:33.403,10.4200,2000
34413963614305,09:33:33.963,10.4300,100
34413977977717,09:33:33.977,10.4400,100
34419673541521,09:33:39.673,10.4200,300
34419673541521,09:33:39.673,10.4100,100
34419707486697,09:33:39.707,10.4000,600
34420024129336,09:33:40.024,10.3900,100
34421134754275,09:33:41.134,10.3800,100
34421134754275,09:33:41.134,10.3800,100
34421134754275,09:33:41.134,10.3800,100
34421134852151,09:33:41.134,10.3800,100
34421135083326,09:33:41.135,10.3800,100
34421634516337,09:33:41.634,10.3800,100
34421636409418,09:33:41.636,10.3700,100
34421824501929,09:33:41.824,10.3600,100
34421824501929,09:33:41.824,10.3600,200
34421824858082,09:33:41.824,10.3600,300
34421826598015,09:33:41.826,10.3600,100
34421826937630,09:33:41.826,10.3500,200
34421908585194,09:33:41.908,10.3600,100
34421908585194,09:33:41.908,10.3700,700
34421908585194,09:33:41.908,10.3700,100
34421908585194,09:33:41.908,10.3700,100
34422236399366,09:33:42.236,10.3700,100
34422236399366,09:33:42.236,10.3700,100
34422236399366,09:33:42.236,10.3700,100
34422236399366,09:33:42.236,10.3700,100
34422236399366,09:33:42.236,10.3700,100
34422236399366,09:33:42.236,10.3700,100
34422236399366,09:33:42.236,10.3700,400
34424895125263,09:33:44.895,10.3600,100
34424895125263,09:33:44.895,10.3600,100
34424895125263,09:33:44.895,10.3500,1000
34424895125263,09:33:44.895,10.3500,800
34431102715517,09:33:51.102,10.4000,200
34431106985350,09:33:51.106,10.3900,100
34431107529817,09:33:51.107,10.3900,100
34431107529817,09:33:51.107,10.3900,100
34431107529817,09:33:51.107,10.3900,100
34431109287967,09:33:51.109,10.3900,100
34431576005628,09:33:51.576,10.3900,100
34431576496569,09:33:51.576,10.3900,100
34431576496569,09:33:51.576,10.3900,100
34431577188889,09:33:51.577,10.3900,100
34433721785982,09:33:53.721,10.4050,300
34433721785982,09:33:53.721,10.4000,200
34433721791848,09:33:53.721,10.4000,100
34433721791848,09:33:53.721,10.4000,100
34433787997177,09:33:53.787,10.4000,100
34433787997177,09:33:53.787,10.3900,100
34433787997177,09:33:53.787,10.3900,200
34433787997177,09:33:53.787,10.3900,100
34433788529436,09:33:53.788,10.3900,100
34433790351839,09:33:53.790,10.3900,100
34433790351839,09:33:53.790,10.3900,200
34433790351839,09:33:53.790,10.3900,100
34433792394659,09:33:53.792,10.3900,100
34433792394659,09:33:53.792,10.3900,200
34433792394659,09:33:53.792,10.3800,100
34433952542757,09:33:53.952,10.3800,100
34435116398850,09:33:55.116,10.3800,100
34435121403770,09:33:55.121,10.3700,100
34435121403770,09:33:55.121,10.3700,100
34435121403770,09:33:55.121,10.3700,100
34435122654331,09:33:55.122,10.3700,100
34438116888018,09:33:58.116,10.3700,500
34441926294857,09:34:01.926,10.3900,100
34441926321201,09:34:01.926,10.3900,100
34441926730063,09:34:01.926,10.4000,3000
34442054962466,09:34:02.054,10.4100,100
34442054962466,09:34:02.054,10.4100,100
34444550963987,09:34:04.550,10.4500,400
34444888004053,09:34:04.888,10.4600,100
34444889216516,09:34:04.889,10.4700,400
34444889241872,09:34:04.889,10.4700,400
34445031056202,09:34:05.031,10.4700,100
34447577199774,09:34:07.577,10.4600,100
34447577199774,09:34:07.577,10.4600,300
34447647277178,09:34:07.647,10.4600,200
34447648540461,09:34:07.648,10.4500,100
34447648540461,09:34:07.648,10.4500,100
34447650381027,09:34:07.650,10.4500,100
34447650381027,09:34:07.650,10.4500,100
34447660348909,09:34:07.660,10.4500,100
34447661562441,09:34:07.661,10.4500,200
34448546583000,09:34:08.546,10.4600,100
34448546627208,09:34:08.546,10.4500,100
34448546627208,09:34:08.546,10.4500,700
34448546627208,09:34:08.546,10.4500,100
34448546627208,09:34:08.546,10.4500,100
34448546627208,09:34:08.546,10.4500,100
34448546752444,09:34:08.546,10.4600,100
34448546752444,09:34:08.546,10.4600,100
34448546752444,09:34:08.546,10.4600,100
34448546752444,09:34:08.546,10.4600,100
34448546752444,09:34:08.546,10.4600,100
34448546752444,09:34:08.546,10.4600,100
34448546752444,09:34:08.546,10.4600,100
34448546752444,09:34:08.546,10.4600,10
34448547075066,09:34:08.547,10.4600,100
34448547075066,09:34:08.547,10.4600,100
34448547278575,09:34:08.547,10.4600,100
34448547306993,09:34:08.547,10.4600,100
34448548363212,09:34:08.548,10.4600,300
34448739680203,09:34:08.739,10.4600,300
34448739680203,09:34:08.739,10.4600,100
34448739680203,09:34:08.739,10.4600,300
34448740162424,09:34:08.740,10.4600,93
34448841637655,09:34:08.841,10.4700,200
34448841644195,09:34:08.841,10.4700,100
34448841644195,09:34:08.841,10.4700,100
34449125924446,09:34:09.125,10.4800,100
34449125924446,09:34:09.125,10.4800,498
34449126074558,09:34:09.126,10.4800,2
34449126074558,09:34:09.126,10.4800,400
34449126074558,09:34:09.126,10.4800,98
34449126083437,09:34:09.126,10.4800,2
34449126083437,09:34:09.126,10.4800,500
34450219477632,09:34:10.219,10.4800,75
34450534954238,09:34:10.534,10.4800,25
34450534954238,09:34:10.534,10.4800,100
34450535081362,09:34:10.535,10.4800,100
34451053979900,09:34:11.053,10.4800,100
34451547219060,09:34:11.547,10.4700,7
34451547219060,09:34:11.547,10.4700,100
34451547219060,09:34:11.547,10.4700,100
34451554535149,09:34:11.554,10.4700,100
34451554535149,09:34:11.554,10.4700,200
34451926751875,09:34:11.926,10.4800,100
34451926943769,09:34:11.926,10.4800,200
34451926943769,09:34:11.926,10.4800,100
34451926943769,09:34:11.926,10.4800,200
34451927020441,09:34:11.927,10.4800,200
34451927020441,09:34:11.927,10.4800,100
34451927020441,09:34:11.927,10.4800,200
34451927020441,09:34:11.927,10.4800,100
34451928462145,09:34:11.928,10.4800,200
34451928462145,09:34:11.928,10.4800,100
34451928462145,09:34:11.928,10.4800,100
34451928479644,09:34:11.928,10.4800,300
34451928479644,09:34:11.928,10.4800,200
34451928965595,09:34:11.928,10.4900,100
34452821720644,09:34:12.821,10.4900,300
34452821720644,09:34:12.821,10.4900,200
34452821720644,09:34:12.821,10.4900,100
34452821720644,09:34:12.821,10.4900,100
34454774236386,09:34:14.774,10.5050,100
34454774391663,09:34:14.774,10.5100,100
34454774549106,09:34:14.774,10.5100,100
34455032717932,09:34:15.032,10.5000,200
34455032717932,09:34:15.032,10.5000,100
34455034879577,09:34:15.034,10.5000,200
34455440200049,09:34:15.440,10.5000,100
34455506454051,09:34:15.506,10.5000,100
34455506454051,09:34:15.506,10.5000,100
34455506454051,09:34:15.506,10.5000,100
34459870882008,09:34:19.870,10.5100,200
34460971736400,09:34:20.971,10.5000,400
34461016014427,09:34:21.016,10.5000,600
34461270848759,09:34:21.270,10.5100,200
34461270856789,09:34:21.270,10.5100,200
34461281319401,09:34:21.281,10.5000,500
34461281319401,09:34:21.281,10.5000,100
34461281387478,09:34:21.281,10.5000,400
34461282917794,09:34:21.282,10.5000,200
34461282949400,09:34:21.282,10.5000,100
34461626725230,09:34:21.626,10.5000,100
34461626741772,09:34:21.626,10.5000,500
34461626750780,09:34:21.626,10.5000,100
34461626750780,09:34:21.626,10.5000,300
34461626750780,09:34:21.626,10.5000,100
34461628723241,09:34:21.628,10.5000,200
34461628723241,09:34:21.628,10.5000,200
34461629655471,09:34:21.629,10.5000,100
34461630149989,09:34:21.630,10.5000,100
34461634488293,09:34:21.634,10.5000,80
34461635504554,09:34:21.635,10.5000,100
34461640493221,09:34:21.640,10.5000,100
34461659595569,09:34:21.659,10.5000,20
34462132026950,09:34:22.132,10.5000,100
34462132026950,09:34:22.132,10.5000,200
34462132026950,09:34:22.132,10.5000,100
34462132026950,09:34:22.132,10.5000,2700
34462132119535,09:34:22.132,10.5000,300
34462132119535,09:34:22.132,10.5000,300
34462132119535,09:34:22.132,10.5000,100
34462132119535,09:34:22.132,10.5100,100
34462132119535,09:34:22.132,10.5100,200
34462132119535,09:34:22.132,10.5100,100
34462132181385,09:34:22.132,10.5100,100
34462133296164,09:34:22.133,10.5000,100
34462133296164,09:34:22.133,10.5000,100
34462133296164,09:34:22.133,10.5000,100
34462133296164,09:34:22.133,10.5000,200
34462133296164,09:34:22.133,10.5000,700
34462133296164,09:34:22.133,10.5000,100
34462143383077,09:34:22.143,10.5000,100
34462143383077,09:34:22.143,10.5000,300
34462143383077,09:34:22.143,10.5000,600
34462480840221,09:34:22.480,10.5100,100
34462481733969,09:34:22.481,10.5100,200
34462481733969,09:34:22.481,10.5100,400
34462481962145,09:34:22.481,10.5100,100
34462532974632,09:34:22.532,10.5100,100
34463164139940,09:34:23.164,10.5000,200
34463164139940,09:34:23.164,10.5000,100
34463164181539,09:34:23.164,10.5000,1000
34463165219650,09:34:23.165,10.5000,200
34463165219650,09:34:23.165,10.5000,300
34463165219650,09:34:23.165,10.5000,200
34463165219650,09:34:23.165,10.5000,400
34463165219650,09:34:23.165,10.5000,100
34463165219650,09:34:23.165,10.5000,300
34463165219650,09:34:23.165,10.5000,100
34463165223610,09:34:23.165,10.5000,100
34463165464994,09:34:23.165,10.5000,200
34463165467478,09:34:23.165,10.5000,100
34463165469194,09:34:23.165,10.5000,100
34463168636944,09:34:23.168,10.5000,100
34463168689196,09:34:23.168,10.5000,300
34463201671783,09:34:23.201,10.5100,100
34463214613257,09:34:23.214,10.5100,200
34463359290947,09:34:23.359,10.5200,100
34463462653286,09:34:23.462,10.5200,300
34463462653286,09:34:23.462,10.5200,200
34464557941069,09:34:24.557,10.5300,10
34471031217564,09:34:31.031,10.5300,190
34471031217564,09:34:31.031,10.5300,100
34471031217564,09:34:31.031,10.5300,100
34471031217564,09:34:31.031,10.5300,200
34471034183794,09:34:31.034,10.5200,800
34471037073711,09:34:31.037,10.5100,300
34471044328978,09:34:31.044,10.5100,200
34471709808822,09:34:31.709,10.5000,100
34471709808822,09:34:31.709,10.5000,600
34471709808822,09:34:31.709,10.5000,100
34471709863600,09:34:31.709,10.5100,200
34471709863600,09:34:31.709,10.5100,200
34471962317465,09:34:31.962,10.5200,200
34472008876557,09:34:32.008,10.5100,100
34472011722649,09:34:32.011,10.5100,100
34472129353608,09:34:32.129,10.5100,100
34472132850087,09:34:32.132,10.5100,100
34474400222600,09:34:34.400,10.5000,100
34474400222600,09:34:34.400,10.5000,200
34474402810601,09:34:34.402,10.5000,70
34474423368690,09:34:34.423,10.4900,100
34474423368690,09:34:34.423,10.4900,100
34474424574056,09:34:34.424,10.4900,200
34474424574056,09:34:34.424,10.4900,38
34474440892214,09:34:34.440,10.4900,100
34474440892214,09:34:34.440,10.4900,100
34474442105727,09:34:34.442,10.4800,100
34474442105727,09:34:34.442,10.4800,500
34474444720965,09:34:34.444,10.4800,200
34474748626629,09:34:34.748,10.4800,2100
34474751003509,09:34:34.751,10.4800,2000
34474753672337,09:34:34.753,10.4800,312
34474852093678,09:34:34.852,10.4800,100
34474852114980,09:34:34.852,10.4800,1900
34481050240860,09:34:41.050,10.4900,600
34481050282838,09:34:41.050,10.4900,100
34481342759511,09:34:41.342,10.4850,100
34481928757112,09:34:41.928,10.5100,200
34481928757112,09:34:41.928,10.5100,100
34482138810177,09:34:42.138,10.5100,400
34482139521989,09:34:42.139,10.5000,500
34482139521989,09:34:42.139,10.5000,2100
34482140524481,09:34:42.140,10.5000,200
34482140524481,09:34:42.140,10.5000,200
34482140593561,09:34:42.140,10.5000,100
34482143067766,09:34:42.143,10.4950,100
34482143067766,09:34:42.143,10.4900,600
34482247892567,09:34:42.247,10.4900,100
34483917569152,09:34:43.917,10.4900,1400
34483917626195,09:34:43.917,10.4900,388
34483917626195,09:34:43.917,10.4800,12
34483918462697,09:34:43.918,10.4800,88
34483918462697,09:34:43.918,10.4800,100
34483918462697,09:34:43.918,10.4800,100
34483918462697,09:34:43.918,10.4800,100
34483918462697,09:34:43.918,10.4800,200
34483918462697,09:34:43.918,10.4800,300
34483918462697,09:34:43.918,10.4800,12
34483918476190,09:34:43.918,10.4800,88
34483918476190,09:34:43.918,10.4800,100
34483919454449,09:34:43.919,10.4700,100
34483919454449,09:34:43.919,10.4700,100
34483921411939,09:34:43.921,10.4500,100
34483921411939,09:34:43.921,10.4500,200
34483921432678,09:34:43.921,10.4600,100
34483921456052,09:34:43.921,10.4500,100
34483922593318,09:34:43.922,10.4500,60
34483930667679,09:34:43.930,10.4550,100
34483930667679,09:34:43.930,10.4500,100
34483934690806,09:34:43.934,10.4500,100
34485512118854,09:34:45.512,10.4600,300
34485512118854,09:34:45.512,10.4600,70
34485512118854,09:34:45.512,10.4600,100
34486437679485,09:34:46.437,10.4500,100
34486437679485,09:34:46.437,10.4500,100
34489811181817,09:34:49.811,10.4100,100
34489811181817,09:34:49.811,10.4100,100
34489811181817,09:34:49.811,10.4100,100
34489811181817,09:34:49.811,10.4100,100
34493579947336,09:34:53.579,10.4300,100
34493582455380,09:34:53.582,10.4300,100
34493863859919,09:34:53.863,10.4300,100
34495212719789,09:34:55.212,10.4300,100
34495212719789,09:34:55.212,10.4300,100
34500925148656,09:35:00.925,10.4400,100
34500956039129,09:35:00.956,10.4400,100
34500956039129,09:35:00.956,10.4400,100
34500956039129,09:35:00.956,10.4400,100
34501143463145,09:35:01.143,10.4400,100
34501143463145,09:35:01.143,10.4400,100
34501143463145,09:35:01.143,10.4400,100
34501143463145,09:35:01.143,10.4400,300
34501143463145,09:35:01.143,10.4400,400
34506927952404,09:35:06.927,10.4500,200
34506927998929,09:35:06.927,10.4500,1300
34506927998929,09:35:06.927,10.4500,1000
34506927998929,09:35:06.927,10.4500,100
34506929181948,09:35:06.929,10.4600,200
34506929181948,09:35:06.929,10.4600,200
34506929181948,09:35:06.929,10.4600,30
34506929181948,09:35:06.929,10.4500,200
34506929181948,09:35:06.929,10.4500,700
34506929181948,09:35:06.929,10.4500,100
34506929181948,09:35:06.929,10.4500,200
34506929181948,09:35:06.929,10.4500,100
34506929355445,09:35:06.929,10.4500,200
34506934241243,09:35:06.934,10.4500,149
34508737757771,09:35:08.737,10.4700,500
34508737757771,09:35:08.737,10.4700,200
34508738030980,09:35:08.738,10.4800,600
34508738153927,09:35:08.738,10.4700,100
34509219836486,09:35:09.219,10.4900,2000
34509469053079,09:35:09.469,10.4800,200
34509469053079,09:35:09.469,10.4800,69
34509470506062,09:35:09.470,10.4700,400
34509472826079,09:35:09.472,10.4700,7
34509473027161,09:35:09.473,10.4600,100
34509473028537,09:35:09.473,10.4600,100
34509473028537,09:35:09.473,10.4600,400
34509473054831,09:35:09.473,10.4600,100
34509473159186,09:35:09.473,10.4600,100
34509473159186,09:35:09.473,10.4600,100
34509474357257,09:35:09.474,10.4500,100
34509474465219,09:35:09.474,10.4500,100
34511643949775,09:35:11.643,10.4600,100
34512112679859,09:35:12.112,10.4600,100
34512113737579,09:35:12.113,10.4500,100
34512113737579,09:35:12.113,10.4500,100
34512114137935,09:35:12.114,10.4500,100
34512114137935,09:35:12.114,10.4500,100
34512115337164,09:35:12.115,10.4400,300
34512117942718,09:35:12.117,10.4300,100
34512117942718,09:35:12.117,10.4300,100
34512319995537,09:35:12.319,10.4200,100
34512319995537,09:35:12.319,10.4200,100
34512319995537,09:35:12.319,10.4200,100
34512319995537,09:35:12.319,10.4200,120
34512319995537,09:35:12.319,10.4200,100
34512319995537,09:35:12.319,10.4100,200
34512319995537,09:35:12.319,10.4100,100
34512319995537,09:35:12.319,10.4100,20
34512320281842,09:35:12.320,10.4100,100
34512323149513,09:35:12.323,10.4100,100
34512323149513,09:35:12.323,10.4100,100
34512324194201,09:35:12.324,10.4100,100
34512331397650,09:35:12.331,10.4000,100
34512331397650,09:35:12.331,10.4000,100
34512443022186,09:35:12.443,10.3950,100
34512545043016,09:35:12.545,10.4000,100
34514496263396,09:35:14.496,10.4100,100
34514497665617,09:35:14.497,10.4100,100
34516791387206,09:35:16.791,10.4100,100
34517080845249,09:35:17.080,10.4100,100
34517126043590,09:35:17.126,10.4100,100
34517216307007,09:35:17.216,10.4100,100
34517218533046,09:35:17.218,10.4100,100
34518581713424,09:35:18.581,10.4200,100
34520132728322,09:35:20.132,10.4100,100
34520770154464,09:35:20.770,10.4100,100
34522325152759,09:35:22.325,10.4100,100
34523043926193,09:35:23.043,10.4200,100
34523043926193,09:35:23.043,10.4200,100
34523047035569,09:35:23.047,10.4100,100
34523563459112,09:35:23.563,10.4100,100
34523563459112,09:35:23.563,10.4100,100
34523563459112,09:35:23.563,10.4100,200
34523563746570,09:35:23.563,10.4100,100
34523564003514,09:35:23.564,10.4100,100
34523564003514,09:35:23.564,10.4100,100
34523564179819,09:35:23.564,10.4100,100
34523564179819,09:35:23.564,10.4100,100
34523564212898,09:35:23.564,10.4100,100
34523564212898,09:35:23.564,10.4100,200
34523564212898,09:35:23.564,10.4100,100
34523564212898,09:35:23.564,10.4100,100
34523564214419,09:35:23.564,10.4100,200
34523564225421,09:35:23.564,10.4100,89
34523612994671,09:35:23.612,10.4100,100
34523612994671,09:35:23.612,10.4100,100
34523612994671,09:35:23.612,10.4100,200
34523614042119,09:35:23.614,10.4100,200
34523614042119,09:35:23.614,10.4100,100
34524060940228,09:35:24.060,10.4100,100
34524060940228,09:35:24.060,10.4100,800
34524062688635,09:35:24.062,10.4100,100
34524062688635,09:35:24.062,10.4100,200
34524385592510,09:35:24.385,10.4100,100
34524385594349,09:35:24.385,10.4100,100
34524385741665,09:35:24.385,10.4100,100
34524385741665,09:35:24.385,10.4100,100
34524385745301,09:35:24.385,10.4100,100
34524385767018,09:35:24.385,10.4100,500
34524385767018,09:35:24.385,10.4100,267
34524878993984,09:35:24.878,10.4200,100
34524925850985,09:35:24.925,10.4200,100
34527036278286,09:35:27.036,10.4200,100
34529030627980,09:35:29.030,10.4200,200
34529031046416,09:35:29.031,10.4200,300
34529077769860,09:35:29.077,10.4200,100
34529077769860,09:35:29.077,10.4200,100
34529077769860,09:35:29.077,10.4200,100
34529777293107,09:35:29.777,10.4300,200
34529780097722,09:35:29.780,10.4300,100
34529780097722,09:35:29.780,10.4300,100
34534253707393,09:35:34.253,10.4500,100
34534253707393,09:35:34.253,10.4500,100
34534255065371,09:35:34.255,10.4500,200
34534255065371,09:35:34.255,10.4500,100
34534255065371,09:35:34.255,10.4500,500
34534255065371,09:35:34.255,10.4500,200
34534255065371,09:35:34.255,10.4500,500
34534255065371,09:35:34.255,10.4500,100
34534255065371,09:35:34.255,10.4500,100
34534255130256,09:35:34.255,10.4500,100
34534255811775,09:35:34.255,10.4500,100
34540376999523,09:35:40.376,10.4450,200
34540444411994,09:35:40.444,10.4450,100
34543650182269,09:35:43.650,10.4400,100
34543650182269,09:35:43.650,10.4400,100
34543650303874,09:35:43.650,10.4400,100
34543650391266,09:35:43.650,10.4400,100
34543650966586,09:35:43.650,10.4400,100
34543650966586,09:35:43.650,10.4400,100
34543651004477,09:35:43.651,10.4400,100
34543674706185,09:35:43.674,10.4400,100
34543950084401,09:35:43.950,10.4400,200
34543950084401,09:35:43.950,10.4400,100
34543950084401,09:35:43.950,10.4400,100
34543950084401,09:35:43.950,10.4400,200
34557479904782,09:35:57.479,10.4400,200
34559245208108,09:35:59.245,10.4450,100
34560690397255,09:36:00.690,10.4450,100
34564509837166,09:36:04.509,10.4500,200
34564511860963,09:36:04.511,10.4500,600
34564511860963,09:36:04.511,10.4500,100
34564511860963,09:36:04.511,10.4500,100
34564511860963,09:36:04.511,10.4500,200
34564511860963,09:36:04.511,10.4500,400
34564511860963,09:36:04.511,10.4500,100
34565445523277,09:36:05.445,10.4650,100
34565710638012,09:36:05.710,10.4700,200
34565712592306,09:36:05.712,10.4700,65
34565713994344,09:36:05.713,10.4700,200
34565713994344,09:36:05.713,10.4700,100
34565713994344,09:36:05.713,10.4700,70
34567183923398,09:36:07.183,10.4650,100
34570553415157,09:36:10.553,10.4600,100
34570553415157,09:36:10.553,10.4600,100
34570553415157,09:36:10.553,10.4600,100
34570553432625,09:36:10.553,10.4600,100
34570553476322,09:36:10.553,10.4600,100
34570553545105,09:36:10.553,10.4600,100
34570553547019,09:36:10.553,10.4600,100
34570553547019,09:36:10.553,10.4600,100
34570553686714,09:36:10.553,10.4600,100
34570553725313,09:36:10.553,10.4500,100
34570553725313,09:36:10.553,10.4500,100
34570553725313,09:36:10.553,10.4500,100
34570553725313,09:36:10.553,10.4500,100
34570553725313,09:36:10.553,10.4500,500
34570645737464,09:36:10.645,10.4600,100
34571205856649,09:36:11.205,10.4700,100
34572062379781,09:36:12.062,10.4700,79
34572062379781,09:36:12.062,10.4700,200
34572062379781,09:36:12.062,10.4700,100
34572062379781,09:36:12.062,10.4700,100
34572062379781,09:36:12.062,10.4700,21
34572063323354,09:36:12.063,10.4700,79
34574090676696,09:36:14.090,10.4700,100
34574112315320,09:36:14.112,10.4700,100
34574245856752,09:36:14.245,10.4850,100
34574746403051,09:36:14.746,10.4900,100
34574746403051,09:36:14.746,10.4900,100
34574760599512,09:36:14.760,10.4900,400
34574760599512,09:36:14.760,10.4900,200
34574760599512,09:36:14.760,10.4900,200
34575241379725,09:36:15.241,10.4800,400
34575243294246,09:36:15.243,10.4700,200
34575243294246,09:36:15.243,10.4700,100
34575243294246,09:36:15.243,10.4700,100
34575244464226,09:36:15.244,10.4700,100
34575249399082,09:36:15.249,10.4700,318
34575249399082,09:36:15.249,10.4700,100
34575249399082,09:36:15.249,10.4700,200
34575249399082,09:36:15.249,10.4700,200
34575738112479,09:36:15.738,10.4700,600
34575738112479,09:36:15.738,10.4700,100
34575738112479,09:36:15.738,10.4700,200
34575749896568,09:36:15.749,10.4700,100
34575801376365,09:36:15.801,10.4700,300
34575801376365,09:36:15.801,10.4700,200
34575801376365,09:36:15.801,10.4700,300
34575801376365,09:36:15.801,10.4700,100
34575801376365,09:36:15.801,10.4700,100
34576282752857,09:36:16.282,10.4750,100
34576284426188,09:36:16.284,10.4900,100
34576284426188,09:36:16.284,10.4900,100
34576284426188,09:36:16.284,10.4900,300
34577485819262,09:36:17.485,10.5000,600
34577656764458,09:36:17.656,10.5000,300
34577854948200,09:36:17.854,10.5000,100
34577858625476,09:36:17.858,10.5100,200
34577859206013,09:36:17.859,10.5100,100
34577860767463,09:36:17.860,10.5100,395
34577977444575,09:36:17.977,10.5100,200
34577999749837,09:36:17.999,10.5100,100
34578046023007,09:36:18.046,10.5100,100
34578046023007,09:36:18.046,10.5100,200
34578297206205,09:36:18.297,10.5200,100
34578297206205,09:36:18.297,10.5200,800
34578297206205,09:36:18.297,10.5200,100
34578297223043,09:36:18.297,10.5200,1000
34578538377853,09:36:18.538,10.5200,100
34579518851772,09:36:19.518,10.5100,100
34579518851772,09:36:19.518,10.5100,100
34579518851772,09:36:19.518,10.5100,200
34579960202448,09:36:19.960,10.5000,200
34580450876203,09:36:20.450,10.5100,100
34580450876203,09:36:20.450,10.5100,100
34580500984288,09:36:20.500,10.5100,400
34580502269244,09:36:20.502,10.5100,100
34588083248303,09:36:28.083,10.5100,100
34588083248303,09:36:28.083,10.5100,200
34588083248303,09:36:28.083,10.5100,100
34590041381292,09:36:30.041,10.5150,100
34593849414544,09:36:33.849,10.5100,100
34593849414544,09:36:33.849,10.5100,1700
34593849414544,09:36:33.849,10.5100,200
34593849414544,09:36:33.849,10.5100,200
34593869831191,09:36:33.869,10.5100,1700
34593869919505,09:36:33.869,10.5100,100
34593870047915,09:36:33.870,10.5100,300
34593870047915,09:36:33.870,10.5100,100
34593870047915,09:36:33.870,10.5100,500
34593870047915,09:36:33.870,10.5100,100
34593870047915,09:36:33.870,10.5100,100
34593870047915,09:36:33.870,10.5100,300
34593870047915,09:36:33.870,10.5100,100
34593870047915,09:36:33.870,10.5100,100
34594046786461,09:36:34.046,10.5150,100
34595881173395,09:36:35.881,10.5100,300
34595881173395,09:36:35.881,10.5100,900
34598141054582,09:36:38.141,10.5100,800
34598141054582,09:36:38.141,10.5100,100
34598141054582,09:36:38.141,10.5100,300
34598143556140,09:36:38.143,10.5100,100
34598143556140,09:36:38.143,10.5100,300
34598143556140,09:36:38.143,10.5100,300
34598717334659,09:36:38.717,10.5100,1200
34598717334659,09:36:38.717,10.5100,200
34599046967490,09:36:39.046,10.5150,100
34600619344149,09:36:40.619,10.5100,200
34606285909381,09:36:46.285,10.5200,63
34611447497669,09:36:51.447,10.5150,100
34613207654147,09:36:53.207,10.5100,100
34613208014532,09:36:53.208,10.5100,200
34613208014532,09:36:53.208,10.5100,100
34613208014532,09:36:53.208,10.5100,200
34613208014532,09:36:53.208,10.5100,100
34613217805260,09:36:53.217,10.5000,100
34613217934609,09:36:53.217,10.5000,400
34613227722114,09:36:53.227,10.5000,900
34613227722114,09:36:53.227,10.5000,100
34613227722114,09:36:53.227,10.5000,200
34614347380104,09:36:54.347,10.5100,100
34615216684723,09:36:55.216,10.5100,300
34615216684723,09:36:55.216,10.5100,43
34615216684723,09:36:55.216,10.5100,300
34615216684723,09:36:55.216,10.5100,700
34615216684723,09:36:55.216,10.5100,600
34619844876568,09:36:59.844,10.5100,100
34619844876568,09:36:59.844,10.5100,1600
34619844876568,09:36:59.844,10.5100,100
34622509925899,09:37:02.509,10.5100,300
34622509925899,09:37:02.509,10.5100,700
34622509925899,09:37:02.509,10.5100,39
34622509925899,09:37:02.509,10.5100,100
34623116966198,09:37:03.116,10.5100,400
34623116966198,09:37:03.116,10.5100,39
34623116966198,09:37:03.116,10.5100,300
34625641799006,09:37:05.641,10.5150,100
34625641799006,09:37:05.641,10.5100,100
34625958164276,09:37:05.958,10.5100,500
34625958164276,09:37:05.958,10.5100,100
34625958164276,09:37:05.958,10.5100,100
34626048016682,09:37:06.048,10.5100,100
34626381672821,09:37:06.381,10.5000,100
34626381672821,09:37:06.381,10.5000,100
34626381725375,09:37:06.381,10.5050,100
34626381725375,09:37:06.381,10.5000,100
34626381725375,09:37:06.381,10.5000,100
34626381725375,09:37:06.381,10.5000,100
34626381725375,09:37:06.381,10.5000,200
34626381806301,09:37:06.381,10.5000,400
34626381806301,09:37:06.381,10.5000,100
34626381849246,09:37:06.381,10.5000,100
34626381849246,09:37:06.381,10.5000,100
34626381849246,09:37:06.381,10.5000,100
34626381849246,09:37:06.381,10.5000,800
34626385790927,09:37:06.385,10.5000,47
34626385790927,09:37:06.385,10.5000,200
34626385790927,09:37:06.385,10.5000,153
34626387067299,09:37:06.387,10.5000,147
34626387067299,09:37:06.387,10.5000,300
34626389809817,09:37:06.389,10.5000,400
34626389809817,09:37:06.389,10.5000,100
34626391106901,09:37:06.391,10.5000,300
34626391106901,09:37:06.391,10.5000,100
34626391932813,09:37:06.391,10.5000,100
34626391932813,09:37:06.391,10.5000,300
34626448092157,09:37:06.448,10.5050,100
34629048223315,09:37:09.048,10.5050,100
34634020662714,09:37:14.020,10.5100,800
34634020662714,09:37:14.020,10.5100,300
34634020662714,09:37:14.020,10.5100,100
34634020662714,09:37:14.020,10.5100,300
34634024167073,09:37:14.024,10.5000,200
34634024167073,09:37:14.024,10.5000,100
34634024167073,09:37:14.024,10.5000,100
34634028809720,09:37:14.028,10.4900,200
34634028809720,09:37:14.028,10.4900,100
34634032141836,09:37:14.032,10.4900,45
34634032141836,09:37:14.032,10.4900,355
34634764797922,09:37:14.764,10.4800,100
34634764797922,09:37:14.764,10.4800,600
34634764797922,09:37:14.764,10.4800,200
34634764797922,09:37:14.764,10.4800,100
34634764797922,09:37:14.764,10.4800,100
34634764805223,09:37:14.764,10.4800,400
34634765358935,09:37:14.765,10.4800,100
34634765509818,09:37:14.765,10.4800,200
34634765509818,09:37:14.765,10.4800,200
34635065120670,09:37:15.065,10.4900,68
34635070147242,09:37:15.070,10.4900,32
34635446108171,09:37:15.446,10.4900,15
34636288944098,09:37:16.288,10.4900,600
34636288944098,09:37:16.288,10.4900,300
34636288944098,09:37:16.288,10.4900,300
34636288944098,09:37:16.288,10.4900,700
34637925717887,09:37:17.925,10.4900,100
34639112788389,09:37:19.112,10.4800,100
34643152850535,09:37:23.152,10.4800,700
34643152850535,09:37:23.152,10.4800,100
34643420543678,09:37:23.420,10.4600,300
34643421018032,09:37:23.421,10.4600,200
34643421018032,09:37:23.421,10.4600,500
34643421018032,09:37:23.421,10.4600,100
34643421018032,09:37:23.421,10.4600,100
34643421018032,09:37:23.421,10.4600,200
34643421018032,09:37:23.421,10.4600,41
34643421018032,09:37:23.421,10.4600,300
34643421018032,09:37:23.421,10.4600,100
34643421018032,09:37:23.421,10.4600,100
34643421018032,09:37:23.421,10.4600,100
34643448978371,09:37:23.448,10.4600,100
34645248336312,09:37:25.248,10.4600,200
34650026535690,09:37:30.026,10.4600,900
34650026535690,09:37:30.026,10.4600,100
34650827931449,09:37:30.827,10.4300,100
34650827931449,09:37:30.827,10.4300,100
34650827931449,09:37:30.827,10.4300,100
34650827931449,09:37:30.827,10.4300,600
34650827931449,09:37:30.827,10.4300,200
34650832021365,09:37:30.832,10.4200,100
34650832021365,09:37:30.832,10.4200,100
34650832021365,09:37:30.832,10.4200,1400
34651246582484,09:37:31.246,10.4100,100
34651246582484,09:37:31.246,10.4100,100
34651246582484,09:37:31.246,10.4100,100
34651246582484,09:37:31.246,10.4100,900
34651247916148,09:37:31.247,10.4100,100
34651247916148,09:37:31.247,10.4100,100
34651247916148,09:37:31.247,10.4100,100
34651247916148,09:37:31.247,10.4100,500
34651252872289,09:37:31.252,10.4000,100
34651252872289,09:37:31.252,10.4000,300
34651289304022,09:37:31.289,10.4000,200
34651289469498,09:37:31.289,10.4000,100
34653599088257,09:37:33.599,10.4100,100
34653599088257,09:37:33.599,10.4100,300
34664551442183,09:37:44.551,10.4500,100
34664649695921,09:37:44.649,10.4500,100
34669164575955,09:37:49.164,10.4500,100
34671301060503,09:37:51.301,10.4500,100
34671301060503,09:37:51.301,10.4500,44
34671301060503,09:37:51.301,10.4500,156
