timestamp,time,price,volume
34200158595882,09:30:00.158,0.0000,0
34339084608797,09:32:19.084,15.0000,100
34339096383931,09:32:19.096,15.0000,100
34339100922585,09:32:19.100,14.9800,100
34339100922585,09:32:19.100,14.9800,100
34339109003412,09:32:19.109,14.9700,100
34339112600841,09:32:19.112,14.9700,200
34350908995171,09:32:30.908,14.9900,200
34350913360373,09:32:30.913,14.9900,100
34350916697047,09:32:30.916,14.9700,43
34350916697047,09:32:30.916,14.9700,57
34350916753514,09:32:30.916,14.9700,43
34352036475575,09:32:32.036,14.9700,100
34609208514162,09:36:49.208,14.9800,27
34623695740035,09:37:03.695,14.9600,16
34623771191303,09:37:03.771,14.9600,100
34627122136227,09:37:07.122,14.9500,100
34627122136227,09:37:07.122,14.9500,100
34633581172577,09:37:13.581,14.9400,100
34785064489747,09:39:45.064,14.9500,400
34999910492373,09:43:19.910,14.9300,200
35046896615382,09:44:06.896,14.9300,100
35063159592796,09:44:23.159,14.9300,200
35145066537926,09:45:45.066,14.9300,100
35152073245831,09:45:52.073,14.9300,100
35205240869922,09:46:45.240,14.9700,7
35205240912930,09:46:45.240,14.9800,100
35205240912930,09:46:45.240,14.9800,24
35538783259407,09:52:18.783,15.0100,36
35771691727071,09:56:11.691,15.0100,100
35924174005378,09:58:44.174,15.0050,140
35924674000863,09:58:44.674,15.0050,140
35925174004291,09:58:45.174,15.0050,120
36028900964228,10:00:28.900,14.9900,188
36029963565648,10:00:29.963,14.9900,100
36029963565648,10:00:29.963,14.9900,100
36136899922342,10:02:16.899,14.9900,100
36137181874800,10:02:17.181,14.9800,100
36139380143484,10:02:19.380,14.9700,25
36139380167240,10:02:19.380,14.9700,75
36246234904932,10:04:06.234,14.9600,100
36310777032110,10:05:10.777,14.9400,100
36310777032110,10:05:10.777,14.9400,100
36310781132807,10:05:10.781,14.9500,100
36310781147818,10:05:10.781,14.9500,100
36310781219882,10:05:10.781,14.9500,100
36365140215483,10:06:05.140,14.9400,100
36404195285881,10:06:44.195,14.9500,100
36404195285881,10:06:44.195,14.9500,100
36404195285881,10:06:44.195,14.9500,100
36502025571743,10:08:22.025,14.9600,100
36532895771977,10:08:52.895,14.9700,100
36532895771977,10:08:52.895,14.9700,100
36685026064801,10:11:25.026,14.9900,100
38055429834288,10:34:15.429,14.9800,21
38056983848963,10:34:16.983,14.9800,2
38108532690179,10:35:08.532,14.9800,64
38258781870084,10:37:38.781,14.9900,100
38268056957527,10:37:48.056,14.9800,100
38268056957527,10:37:48.056,14.9800,100
38393709898757,10:39:53.709,14.9900,200
38415076313260,10:40:15.076,14.9900,100
38495059630173,10:41:35.059,14.9700,100
38495059630173,10:41:35.059,14.9700,100
38495059630173,10:41:35.059,14.9700,64
38636942064083,10:43:56.942,14.9800,100
38697368028186,10:44:57.368,15.0050,100
38701920550700,10:45:01.920,15.0000,100
38770907400162,10:46:10.907,14.9900,100
38805180847949,10:46:45.180,14.9900,100
38922669029824,10:48:42.669,14.9750,100
38923190042211,10:48:43.190,14.9750,100
39125415935301,10:52:05.415,14.9800,100
39146942060414,10:52:26.942,14.9900,100
39496152430873,10:58:16.152,14.9600,100
39496152430873,10:58:16.152,14.9600,100
39496152430873,10:58:16.152,14.9600,100
39636290643058,11:00:36.290,14.9500,100
39636290643058,11:00:36.290,14.9500,100
39636291197720,11:00:36.291,14.9500,100
39641860142343,11:00:41.860,14.9600,100
39657073729161,11:00:57.073,14.9600,100
39672611062245,11:01:12.611,14.9650,100
39672611062245,11:01:12.611,14.9700,100
39946174471757,11:05:46.174,14.9600,100
39946176142797,11:05:46.176,14.9500,5
40021827041468,11:07:01.827,14.9500,95
40022025045191,11:07:02.025,14.9500,100
40022025045191,11:07:02.025,14.9550,100
40022025045191,11:07:02.025,14.9600,100
40022025045191,11:07:02.025,14.9600,100
40022025045191,11:07:02.025,14.9600,100
40022025045191,11:07:02.025,14.9600,100
40022025045191,11:07:02.025,14.9600,100
40254951997758,11:10:54.951,14.9600,15
40307630554501,11:11:47.630,14.9700,100
40653353059786,11:17:33.353,14.9700,15
40883465814430,11:21:23.465,14.9700,100
40891903276543,11:21:31.903,14.9600,85
40891903276543,11:21:31.903,14.9600,100
40891903276543,11:21:31.903,14.9600,100
40891903276543,11:21:31.903,14.9600,100
40910108631858,11:21:50.108,14.9600,100
40910108631858,11:21:50.108,14.9600,100
40910108631858,11:21:50.108,14.9600,100
40910108631858,11:21:50.108,14.9600,200
40925691510565,11:22:05.691,14.9600,100
40944339409860,11:22:24.339,14.9600,100
40944339409860,11:22:24.339,14.9600,100
41011826755946,11:23:31.826,14.9600,100
41465813470018,11:31:05.813,14.9700,7
41469982797318,11:31:09.982,14.9700,100
41469982846133,11:31:09.982,14.9700,88
41602275374945,11:33:22.275,14.9600,200
41602275374945,11:33:22.275,14.9600,65
41602275439976,11:33:22.275,14.9600,35
41633373978625,11:33:53.373,14.9600,300
41633373978625,11:33:53.373,14.9600,100
41633378250420,11:33:53.378,14.9600,10
41978826309300,11:39:38.826,15.0000,100
41978826309300,11:39:38.826,15.0000,100
41979004304423,11:39:39.004,15.0000,100
42274549102802,11:44:34.549,15.0500,100
42274549296185,11:44:34.549,15.0500,65
42274553537194,11:44:34.553,15.0500,59
42274553596839,11:44:34.553,15.0500,60
42274553596839,11:44:34.553,15.0500,100
42393312005298,11:46:33.312,15.0550,100
42393904003332,11:46:33.904,15.0550,100
42615235572063,11:50:15.235,15.0550,100
42687359123367,11:51:27.359,15.0550,100
42702125819911,11:51:42.125,15.0550,100
42731875785606,11:52:11.875,15.0600,100
42731875951200,11:52:11.875,15.0600,100
42800135385287,11:53:20.135,15.0650,100
42800135385287,11:53:20.135,15.0700,100
42800135660079,11:53:20.135,15.0700,100
42800135825159,11:53:20.135,15.0700,100
42801644160290,11:53:21.644,15.0700,5
42802023334127,11:53:22.023,15.0600,8
42802023360847,11:53:22.023,15.0600,168
42851250130836,11:54:11.250,15.0500,100
42851300303161,11:54:11.300,15.0500,100
42972140962605,11:56:12.140,15.0600,100
43151338530099,11:59:11.338,15.0500,300
43151338530099,11:59:11.338,15.0500,62
43151338556627,11:59:11.338,15.0500,3
43151338683987,11:59:11.338,15.0500,35
43151338683987,11:59:11.338,15.0500,86
43151338687656,11:59:11.338,15.0500,14
43151338687656,11:59:11.338,15.0500,200
43208816658178,12:00:08.816,15.0400,100
43208816881593,12:00:08.816,15.0400,100
43208816881593,12:00:08.816,15.0400,100
43208861810852,12:00:08.861,15.0400,100
43208861810852,12:00:08.861,15.0400,100
43208861810852,12:00:08.861,15.0400,100
43862071647407,12:11:02.071,15.0400,400
43862071647407,12:11:02.071,15.0400,100
43862071843445,12:11:02.071,15.0400,100
43862071843445,12:11:02.071,15.0400,200
43862071843445,12:11:02.071,15.0400,100
43862071843445,12:11:02.071,15.0400,84
43862071851025,12:11:02.071,15.0400,16
43862071851025,12:11:02.071,15.0400,100
43862073519109,12:11:02.073,15.0400,100
43931148762017,12:12:11.148,15.0500,20
43931148762017,12:12:11.148,15.0500,100
44009053067443,12:13:29.053,15.0500,100
44009053067443,12:13:29.053,15.0500,100
44009053067443,12:13:29.053,15.0500,100
44009053067443,12:13:29.053,15.0500,200
44009053067443,12:13:29.053,15.0500,100
44009053067443,12:13:29.053,15.0500,300
44009053067443,12:13:29.053,15.0500,100
44009053258596,12:13:29.053,15.0500,295
44009053264882,12:13:29.053,15.0500,165
44009053266881,12:13:29.053,15.0500,165
44009054204442,12:13:29.054,15.0500,100
44159800373146,12:15:59.800,15.0500,20
44179051156915,12:16:19.051,15.0500,161
44179051156915,12:16:19.051,15.0500,100
44179051156915,12:16:19.051,15.0500,47
44179051185883,12:16:19.051,15.0500,53
44179051185883,12:16:19.051,15.0500,50
44179051185883,12:16:19.051,15.0500,100
44205726996752,12:16:45.726,15.0400,100
44224001029394,12:17:04.001,15.0400,100
44228699427344,12:17:08.699,15.0400,100
44696434872161,12:24:56.434,15.0400,100
44700313999049,12:25:00.313,15.0400,7
44705094768919,12:25:05.094,15.0400,93
44998314819383,12:29:58.314,15.0300,100
44998314819383,12:29:58.314,15.0300,100
45071034993742,12:31:11.034,15.0300,100
45315855350781,12:35:15.855,15.0100,100
45617526209255,12:40:17.526,14.9900,100
45617526209255,12:40:17.526,14.9900,100
45617729578630,12:40:17.729,14.9900,100
45863016273111,12:44:23.016,14.9800,65
45877703576628,12:44:37.703,14.9800,2
46031761781971,12:47:11.761,14.9900,200
46055946828499,12:47:35.946,15.0000,100
46055946828499,12:47:35.946,15.0000,100
46439386439729,12:53:59.386,14.9900,16
46485583585263,12:54:45.583,14.9900,1
46486036968065,12:54:46.036,14.9900,6
46525265373866,12:55:25.265,14.9900,100
46525265437308,12:55:25.265,14.9900,77
46668383535310,12:57:48.383,14.9800,5
46768344374078,12:59:28.344,14.9700,100
46768344374078,12:59:28.344,14.9700,135
46800320620072,13:00:00.320,14.9800,100
46808990073835,13:00:08.990,14.9900,2
46881199882878,13:01:21.199,15.0000,200
46881200577679,13:01:21.200,15.0000,100
46881200577679,13:01:21.200,15.0000,100
46881200577679,13:01:21.200,15.0000,50
46881200764526,13:01:21.200,15.0000,100
46881200764526,13:01:21.200,15.0000,100
46881200764526,13:01:21.200,15.0000,50
46881242026338,13:01:21.242,15.0000,100
46911474790591,13:01:51.474,14.9900,51
46911474796873,13:01:51.474,14.9900,49
47001775092950,13:03:21.775,14.9800,90
47255455985493,13:07:35.455,14.9900,45
47255455991281,13:07:35.455,14.9900,55
47255455991281,13:07:35.455,14.9900,89
47255455999425,13:07:35.455,14.9900,7
47555440798669,13:12:35.440,15.0000,200
47706014505814,13:15:06.014,14.9800,100
47706014505814,13:15:06.014,14.9800,200
48395052150777,13:26:35.052,14.9800,100
48395052150777,13:26:35.052,14.9800,100
48477588364947,13:27:57.588,14.9700,100
48478026758128,13:27:58.026,14.9700,58
48478027186636,13:27:58.027,14.9650,100
48478027186636,13:27:58.027,14.9700,100
48555041506109,13:29:15.041,14.9600,100
48572442462897,13:29:32.442,14.9550,100
48572442775853,13:29:32.442,14.9600,100
48572491476426,13:29:32.491,14.9600,500
48572491476426,13:29:32.491,14.9600,100
48572491476426,13:29:32.491,14.9600,100
48572491476426,13:29:32.491,14.9600,100
48572491476426,13:29:32.491,14.9600,100
48572491476426,13:29:32.491,14.9600,100
48572491476426,13:29:32.491,14.9600,100
48572491476426,13:29:32.491,14.9600,100
48572491542006,13:29:32.491,14.9600,100
48686063940526,13:31:26.063,14.9550,100
48772488470098,13:32:52.488,14.9600,400
48938021814782,13:35:38.021,14.9600,64
48938021814782,13:35:38.021,14.9600,36
48938022297615,13:35:38.022,14.9600,45
48938022299108,13:35:38.022,14.9600,19
48959009899417,13:35:59.009,14.9600,200
48959009899417,13:35:59.009,14.9600,100
49197346962711,13:39:57.346,14.9600,5
49312610251417,13:41:52.610,14.9600,195
49312616059400,13:41:52.616,14.9500,100
49343830166392,13:42:23.830,14.9600,19
49344032612704,13:42:24.032,14.9600,100
49344032612704,13:42:24.032,14.9600,100
49344032612704,13:42:24.032,14.9600,100
49443617432847,13:44:03.617,14.9600,5
49674057966868,13:47:54.057,14.9500,5
50013110620992,13:53:33.110,14.9400,4
50013229135204,13:53:33.229,14.9400,100
50315324250877,13:58:35.324,14.9400,100
50407769773322,14:00:07.769,14.9400,100
50407769773322,14:00:07.769,14.9400,100
50408995148062,14:00:08.995,14.9600,100
50408996656092,14:00:08.996,14.9600,15
50408996712509,14:00:08.996,14.9600,85
50408997780534,14:00:08.997,14.9600,100
50423337240133,14:00:23.337,14.9800,586
50423337240785,14:00:23.337,14.9800,117
50510480147783,14:01:50.480,15.0000,5
50687190609228,14:04:47.190,15.0000,100
50687190836099,14:04:47.190,15.0000,100
50700325162384,14:05:00.325,15.0000,100
50742983239681,14:05:42.983,15.0000,6
51136179996892,14:12:16.179,15.0000,7
51136179996892,14:12:16.179,15.0000,100
51136180164536,14:12:16.180,15.0000,100
51284165961228,14:14:44.165,15.0000,100
51284175528566,14:14:44.175,15.0000,10
51285472165615,14:14:45.472,15.0100,100
51285472165615,14:14:45.472,15.0100,100
51285472165615,14:14:45.472,15.0100,100
51285472165615,14:14:45.472,15.0100,100
51301041641814,14:15:01.041,15.0050,100
51301041641814,14:15:01.041,15.0100,100
51400203462686,14:16:40.203,15.0100,100
51400203529076,14:16:40.203,15.0100,23
51400203714471,14:16:40.203,15.0100,100
51400204457557,14:16:40.204,15.0100,77
51785959760115,14:23:05.959,15.0400,100
51786475123623,14:23:06.475,15.0400,100
51879594851561,14:24:39.594,15.0300,100
52002709927901,14:26:42.709,15.0200,100
52042664619315,14:27:22.664,15.0200,300
52065906566931,14:27:45.906,15.0100,100
52076697159416,14:27:56.697,15.0000,100
52254440150181,14:30:54.440,15.0000,100
52275305387400,14:31:15.305,15.0000,300
52434284530700,14:33:54.284,15.0000,100
52519353711777,14:35:19.353,15.0100,100
52647661294465,14:37:27.661,15.0100,100
52855148621263,14:40:55.148,15.0100,100
52997342574550,14:43:17.342,15.0000,100
53023759747566,14:43:43.759,15.0000,100
53042360491944,14:44:02.360,15.0100,30
53042360737484,14:44:02.360,15.0100,70
53160631029166,14:46:00.631,15.0100,100
53189980003758,14:46:29.980,15.0200,200
53250129357807,14:47:30.129,15.0200,100
53250129522509,14:47:30.129,15.0200,5
53277650566721,14:47:57.650,15.0200,100
53277650566721,14:47:57.650,15.0200,300
53332372617210,14:48:52.372,15.0200,7
53332372803413,14:48:52.372,15.0200,100
53332372803413,14:48:52.372,15.0200,100
53332372804258,14:48:52.372,15.0200,100
53545571213148,14:52:25.571,15.0100,100
53545571403082,14:52:25.571,15.0100,100
53710712019198,14:55:10.712,15.0100,100
53710907665329,14:55:10.907,15.0100,100
53710907716854,14:55:10.907,15.0100,100
53758040684616,14:55:58.040,15.0000,100
53780707271230,14:56:20.707,15.0000,100
53790023569329,14:56:30.023,15.0000,100
54015980849903,15:00:15.980,15.0000,100
54015980849903,15:00:15.980,15.0000,100
54037018414803,15:00:37.018,15.0000,100
54037018854794,15:00:37.018,15.0000,96
54037020080454,15:00:37.020,15.0000,100
54037020080454,15:00:37.020,15.0000,100
54200812697011,15:03:20.812,14.9900,300
54200812697011,15:03:20.812,14.9900,100
54200812697011,15:03:20.812,14.9900,8
54200812708423,15:03:20.812,14.9900,92
54201446037994,15:03:21.446,14.9850,100
54306559068973,15:05:06.559,14.9800,200
54364246536660,15:06:04.246,14.9750,2
54493282485068,15:08:13.282,14.9750,100
54493282485068,15:08:13.282,14.9700,88
54493282485068,15:08:13.282,14.9700,12
54493282485068,15:08:13.282,14.9700,100
54493282485068,15:08:13.282,14.9700,270
54493282485068,15:08:13.282,14.9700,100
54493282485068,15:08:13.282,14.9700,175
54493282485068,15:08:13.282,14.9700,100
54645752483596,15:10:45.752,14.9600,15
54645752512185,15:10:45.752,14.9600,78
54645752839231,15:10:45.752,14.9600,25
54645752864999,15:10:45.752,14.9600,82
54672107016030,15:11:12.107,14.9500,16
54672107042548,15:11:12.107,14.9500,2
54672109972405,15:11:12.109,14.9500,57
54732654034653,15:12:12.654,14.9500,100
54807313376117,15:13:27.313,14.9600,1
55119360761380,15:18:39.360,14.9700,100
55187672945341,15:19:47.672,14.9700,32
55237605694568,15:20:37.605,14.9700,7
55237606119722,15:20:37.606,14.9700,1
55345128944936,15:22:25.128,14.9600,200
55475360371161,15:24:35.360,14.9550,100
55475611931979,15:24:35.611,14.9500,100
55475611931979,15:24:35.611,14.9500,100
55475611931979,15:24:35.611,14.9500,100
55475811093656,15:24:35.811,14.9450,100
55475811520728,15:24:35.811,14.9450,100
55487235438671,15:24:47.235,14.9500,100
55563025420355,15:26:03.025,14.9500,1
55563025445576,15:26:03.025,14.9500,34
55563034222986,15:26:03.034,14.9550,2
55652663298924,15:27:32.663,14.9600,500
55675640425295,15:27:55.640,14.9750,1
55739346262417,15:28:59.346,14.9750,100
55739597768183,15:28:59.597,14.9700,20
55739597768183,15:28:59.597,14.9700,5
55744016702119,15:29:04.016,14.9650,3
55850746677194,15:30:50.746,14.9600,100
55960468739205,15:32:40.468,14.9500,100
55981118397976,15:33:01.118,14.9500,100
55981118397976,15:33:01.118,14.9500,32
55981118397976,15:33:01.118,14.9500,100
56000835304619,15:33:20.835,14.9500,100
56086544196537,15:34:46.544,14.9450,2
56144821021513,15:35:44.821,14.9500,10
56144821021513,15:35:44.821,14.9500,100
56144821021513,15:35:44.821,14.9500,32
56144821104049,15:35:44.821,14.9500,4
56147311063802,15:35:47.311,14.9550,2
56147319011345,15:35:47.319,14.9550,1
56188328826872,15:36:28.328,14.9500,163
56193778012664,15:36:33.778,14.9450,100
56206074009220,15:36:46.074,14.9450,100
56326939372666,15:38:46.939,14.9500,300
56406918514386,15:40:06.918,14.9400,300
56406918514386,15:40:06.918,14.9400,100
56406918514386,15:40:06.918,14.9400,100
56406918514386,15:40:06.918,14.9400,100
56406918514386,15:40:06.918,14.9400,100
56406918514386,15:40:06.918,14.9400,100
56407385102945,15:40:07.385,14.9300,23
56407584590611,15:40:07.584,14.9300,100
56407585595594,15:40:07.585,14.9300,100
56407585595594,15:40:07.585,14.9300,100
56425964796987,15:40:25.964,14.9350,6
56443114646250,15:40:43.114,14.9400,100
56443114646250,15:40:43.114,14.9400,100
56473196704217,15:41:13.196,14.9300,500
56679014178724,15:44:39.014,14.9350,4
56836940817873,15:47:16.940,14.9400,5
56836940911699,15:47:16.940,14.9400,95
56836940911699,15:47:16.940,14.9400,100
56836940911699,15:47:16.940,14.9400,84
56836940911699,15:47:16.940,14.9400,43
56836941070394,15:47:16.941,14.9400,7
56836941299052,15:47:16.941,14.9400,93
56836941299052,15:47:16.941,14.9400,7
57062352816393,15:51:02.352,14.9350,1
57095784777128,15:51:35.784,14.9350,1
57105530858753,15:51:45.530,14.9300,100
57105530858753,15:51:45.530,14.9300,100
57105531757162,15:51:45.531,14.9300,5
57106010093390,15:51:46.010,14.9300,100
57106348685809,15:51:46.348,14.9300,100
57106697176939,15:51:46.697,14.9300,100
57108845164269,15:51:48.845,14.9300,100
57123375994452,15:52:03.375,14.9250,2
57154017268244,15:52:34.017,14.9200,100
57154017268244,15:52:34.017,14.9200,200
57159179165106,15:52:39.179,14.9200,100
57175461310885,15:52:55.461,14.9200,58
57187483092484,15:53:07.483,14.9150,2
57283014281598,15:54:43.014,14.9150,2
57301957817068,15:55:01.957,14.9150,100
57315938915943,15:55:15.938,14.9200,100
57315938915943,15:55:15.938,14.9200,12
57315938945256,15:55:15.938,14.9200,188
57315938945256,15:55:15.938,14.9200,100
57323064923409,15:55:23.064,14.9300,76
57368699452101,15:56:08.699,14.9350,1
57378299118641,15:56:18.299,14.9350,10
57379802334011,15:56:19.802,14.9350,10
57430877056298,15:57:10.877,14.9350,2
57570233438485,15:59:30.233,14.9250,11
57570233438485,15:59:30.233,14.9250,21
57570233438485,15:59:30.233,14.9300,272
57570745612816,15:59:30.745,14.9300,33
57571423774976,15:59:31.423,14.9300,62
57590764205600,15:59:50.764,14.9200,5
57591156386279,15:59:51.156,14.9200,100
57600334787938,16:00:00.334,0.0000,0
57702022973660,16:01:42.022,14.9200,100
57702022973660,16:01:42.022,14.9200,200
