timestamp,time,price,volume
34199963085161,09:29:59.963,54.5500,83
34200365987877,09:30:00.365,54.3500,28956
34200366066987,09:30:00.366,54.3500,1
34200771569957,09:30:00.771,54.3400,122
34200771569957,09:30:00.771,54.0800,100
34200771569957,09:30:00.771,53.9600,78
34201131917101,09:30:01.131,54.2500,9
34201167570280,09:30:01.167,54.3500,87
34214365380566,09:30:14.365,54.4200,100
34228384220010,09:30:28.384,54.6400,67
34228384220010,09:30:28.384,54.6400,33
34260692741583,09:31:00.692,54.4200,25
34260692741583,09:31:00.692,54.4200,175
34260693085184,09:31:00.693,54.4200,125
34260693085184,09:31:00.693,54.4200,100
34260693159598,09:31:00.693,54.4200,100
34260693193350,09:31:00.693,54.4200,60
34260693679269,09:31:00.693,54.4200,1
34260693786124,09:31:00.693,54.4200,160
34260693839935,09:31:00.693,54.4200,9
34260695623661,09:31:00.695,54.3800,100
34260695623661,09:31:00.695,54.3800,100
34260699022178,09:31:00.699,54.3800,4
34260699048887,09:31:00.699,54.3800,96
34260735965509,09:31:00.735,54.4000,50
34261666580034,09:31:01.666,54.3300,100
34261685215546,09:31:01.685,54.2600,18
34261713686382,09:31:01.713,54.2300,20
34262342529162,09:31:02.342,54.2300,20
34262835943074,09:31:02.835,54.1300,100
34263642666119,09:31:03.642,54.0100,100
34263642816392,09:31:03.642,54.0100,300
34263643073384,09:31:03.643,53.9600,22
34264483831664,09:31:04.483,54.0100,59
34264583422862,09:31:04.583,54.0100,21
34264583422862,09:31:04.583,54.0400,300
34264583422862,09:31:04.583,54.0400,79
34268865224181,09:31:08.865,54.0400,21
34268865224181,09:31:08.865,54.0400,50
34268865224181,09:31:08.865,54.0900,29
34268865314303,09:31:08.865,54.0900,24
34268865373834,09:31:08.865,54.0900,24
34268865392962,09:31:08.865,54.0900,52
34268865392962,09:31:08.865,54.1000,24
34268865392962,09:31:08.865,54.1100,24
34268865460933,09:31:08.865,54.1100,76
34268865497441,09:31:08.865,54.0600,100
34268865501532,09:31:08.865,54.1100,100
34268865921571,09:31:08.865,54.1000,100
34268865921571,09:31:08.865,54.1000,100
34268866103047,09:31:08.866,54.1100,100
34268866142848,09:31:08.866,54.1600,100
34268866217090,09:31:08.866,54.1000,100
34268866232836,09:31:08.866,54.0900,100
34268866281978,09:31:08.866,54.1100,31
34268866291528,09:31:08.866,54.1400,100
34268866453308,09:31:08.866,54.0900,31
34268867517053,09:31:08.867,54.1300,73
34268867895912,09:31:08.867,54.1300,100
34268942903775,09:31:08.942,54.1000,100
34269069556748,09:31:09.069,54.1400,50
34269069658840,09:31:09.069,54.1600,100
34269070520005,09:31:09.070,54.1600,50
34269071484234,09:31:09.071,54.1800,50
34269072306760,09:31:09.072,54.2300,100
34269072344246,09:31:09.072,54.2500,100
34269072636335,09:31:09.072,54.2300,50
34269099762158,09:31:09.099,54.4400,45
34269099762158,09:31:09.099,54.4800,100
34269099762158,09:31:09.099,54.4800,100
34269099762158,09:31:09.099,54.4800,200
34269099762158,09:31:09.099,54.5400,5
34269099797782,09:31:09.099,54.4400,4
34269099865715,09:31:09.099,54.4400,96
34269099865715,09:31:09.099,54.4400,4
34269099923409,09:31:09.099,54.4400,100
34269099944848,09:31:09.099,54.4400,100
34269100996612,09:31:09.100,54.4400,100
34282379345536,09:31:22.379,54.4500,100
34282379345536,09:31:22.379,54.4500,100
34282379345536,09:31:22.379,54.4400,39
34282379345536,09:31:22.379,54.4400,100
34282379345536,09:31:22.379,54.4400,100
34284054724627,09:31:24.054,54.2700,100
34285266621228,09:31:25.266,54.2700,100
34286610165264,09:31:26.610,54.2600,100
34286610748398,09:31:26.610,54.2100,100
34286610764664,09:31:26.610,54.1600,100
34286622421480,09:31:26.622,54.1300,100
34287488199041,09:31:27.488,54.0400,100
34287488199041,09:31:27.488,54.0200,200
34287488199041,09:31:27.488,54.0200,100
34287488199041,09:31:27.488,54.0200,85
34287488199041,09:31:27.488,54.0200,1000
34287488199041,09:31:27.488,54.0200,100
34287512043124,09:31:27.512,54.0200,100
34287512053939,09:31:27.512,54.0200,100
34287512059056,09:31:27.512,54.0200,100
34287512069050,09:31:27.512,54.0100,200
34287512069050,09:31:27.512,54.0100,12
34287512113985,09:31:27.512,54.0200,100
34287512123741,09:31:27.512,54.0200,100
34287512130839,09:31:27.512,54.0100,188
34287512130839,09:31:27.512,54.0100,11
34287512149534,09:31:27.512,54.0200,100
34287512182995,09:31:27.512,54.0200,100
34287512193324,09:31:27.512,54.0200,100
34287512218007,09:31:27.512,54.0100,100
34287512243840,09:31:27.512,54.0100,89
34287512243840,09:31:27.512,54.0100,58
34287512255268,09:31:27.512,54.0200,100
34287512288535,09:31:27.512,54.0100,42
34287512288535,09:31:27.512,54.0100,100
34287512288535,09:31:27.512,54.0100,200
34287512454941,09:31:27.512,53.9400,100
34287512614735,09:31:27.512,54.0200,100
34287512679079,09:31:27.512,54.0200,100
34288216791511,09:31:28.216,53.9100,40
34288217181777,09:31:28.217,53.9100,40
34289673190083,09:31:29.673,53.9200,100
34289872992917,09:31:29.872,53.9800,100
34289872992917,09:31:29.872,54.0000,100
34290045872588,09:31:30.045,54.0100,100
34290045910651,09:31:30.045,54.0100,100
34290075857444,09:31:30.075,54.0100,389
34290075857444,09:31:30.075,53.9600,100
34290075857444,09:31:30.075,53.9300,100
34290075857444,09:31:30.075,53.9100,79
34290075857444,09:31:30.075,53.8700,100
34290075857444,09:31:30.075,53.8700,100
34290075857444,09:31:30.075,53.8300,100
34290075857444,09:31:30.075,53.8300,85
34290075857444,09:31:30.075,53.8300,100
34290075857444,09:31:30.075,53.8300,100
34290075857444,09:31:30.075,53.8300,100
34290075857444,09:31:30.075,53.8200,100
34290075857444,09:31:30.075,53.8200,85
34290075857444,09:31:30.075,53.8200,85
34290075857444,09:31:30.075,53.8200,100
34290075929237,09:31:30.075,53.8700,100
34290076425384,09:31:30.076,53.7900,100
34290128674891,09:31:30.128,53.8800,200
34290128718339,09:31:30.128,53.8800,50
34290266703960,09:31:30.266,53.8600,50
34290267188743,09:31:30.267,53.8600,50
34290267252840,09:31:30.267,53.8800,50
34290267252840,09:31:30.267,53.8800,74
34292179843408,09:31:32.179,54.0500,100
34292181124170,09:31:32.181,53.9400,100
34293134333279,09:31:33.134,54.0600,100
34293134333279,09:31:33.134,54.0800,100
34293134333279,09:31:33.134,54.0900,200
34293604210879,09:31:33.604,53.8800,48
34293604210879,09:31:33.604,53.8400,20
34295108324248,09:31:35.108,54.0000,90
34295108324248,09:31:35.108,54.0000,100
34309837015038,09:31:49.837,53.9600,100
34321832310269,09:32:01.832,53.8700,90
34324394119644,09:32:04.394,53.9450,100
34324716879163,09:32:04.716,53.9450,100
34325307907330,09:32:05.307,54.0100,100
34329388451148,09:32:09.388,54.0400,20
34333276899248,09:32:13.276,54.0400,200
34333276899248,09:32:13.276,54.0400,79
34333276899248,09:32:13.276,54.0400,21
34333276947504,09:32:13.276,54.0400,70
34333276985618,09:32:13.276,54.0400,9
34333277074497,09:32:13.277,54.0500,4
34333277342861,09:32:13.277,54.0500,96
34333277342861,09:32:13.277,54.0500,100
34333277874289,09:32:13.277,54.0600,87
34333278077755,09:32:13.278,54.0600,20
34333278118304,09:32:13.278,54.0600,46
34333281392990,09:32:13.281,54.0600,147
34333282703449,09:32:13.282,54.2000,10
34333285859461,09:32:13.285,54.1200,100
34333285859461,09:32:13.285,54.1100,160
34333285859461,09:32:13.285,54.0800,140
34333295632913,09:32:13.295,54.0700,100
34333295632913,09:32:13.295,54.0700,300
34333423400004,09:32:13.423,54.0950,100
34333461166531,09:32:13.461,54.0400,87
34338417888843,09:32:18.417,54.1300,100
34338417888843,09:32:18.417,54.1350,100
34338417888843,09:32:18.417,54.1350,200
34338916342403,09:32:18.916,54.1350,100
34341439074790,09:32:21.439,54.2000,90
34341439074790,09:32:21.439,54.2000,100
34341439074790,09:32:21.439,54.2200,10
34347196107773,09:32:27.196,54.0700,100
34348018282835,09:32:28.018,54.1400,4
34348019117182,09:32:28.019,54.2100,86
34348066720020,09:32:28.066,54.1500,96
34348168170458,09:32:28.168,54.2200,90
34348168170458,09:32:28.168,54.2200,100
34348168270965,09:32:28.168,54.2700,50
34348168579899,09:32:28.168,54.2700,50
34348248105376,09:32:28.248,54.2800,50
34348248105376,09:32:28.248,54.2900,50
34348264518816,09:32:28.264,54.2700,50
34348264520075,09:32:28.264,54.2700,50
34348264719424,09:32:28.264,54.2700,50
34348264724493,09:32:28.264,54.2700,100
34348264926302,09:32:28.264,54.2800,50
34348264934670,09:32:28.264,54.2800,50
34348264934670,09:32:28.264,54.2800,50
34348923305877,09:32:28.923,54.3700,100
34349019402917,09:32:29.019,54.3100,50
34349019441105,09:32:29.019,54.3100,13
34408008668166,09:33:28.008,54.3000,67
34415467742327,09:33:35.467,54.2600,30
34415467742327,09:33:35.467,54.2400,170
34415467787403,09:33:35.467,54.2400,30
34415468325669,09:33:35.468,54.2300,100
34415468325669,09:33:35.468,54.2300,100
34415468325669,09:33:35.468,54.2300,100
34415468325669,09:33:35.468,54.2300,100
34415468325669,09:33:35.468,54.2300,100
34415468325669,09:33:35.468,54.2300,100
34415468376815,09:33:35.468,54.2200,100
34415468376815,09:33:35.468,54.2200,6
34415468416186,09:33:35.468,54.2300,100
34415468443380,09:33:35.468,54.2100,14
34415468652478,09:33:35.468,54.2400,300
34415468791853,09:33:35.468,54.2200,52
34415468800805,09:33:35.468,54.2200,48
34415468800805,09:33:35.468,54.2200,100
34415468858984,09:33:35.468,54.2100,71
34415468860580,09:33:35.468,54.2100,82
34415468866404,09:33:35.468,54.2100,14
34415468926086,09:33:35.468,54.2100,19
34415468926086,09:33:35.468,54.1800,57
34415469078249,09:33:35.469,54.2300,100
34415479483682,09:33:35.479,54.2000,90
34415479483682,09:33:35.479,54.2200,10
34415788032470,09:33:35.788,54.2100,200
34415788032470,09:33:35.788,54.2100,110
34415788032470,09:33:35.788,54.2100,190
34415788032470,09:33:35.788,54.2100,100
34432440474750,09:33:52.440,54.2000,100
34432440532262,09:33:52.440,54.2000,100
34432440554973,09:33:52.440,54.2100,100
34432440554973,09:33:52.440,54.2100,100
34432440554973,09:33:52.440,54.2100,100
34432440589815,09:33:52.440,54.2100,100
34432440645989,09:33:52.440,54.2200,100
34432440645989,09:33:52.440,54.2500,100
34432440645989,09:33:52.440,54.2500,21
34432440647724,09:33:52.440,54.2500,79
34432440736718,09:33:52.440,54.2100,21
34432440744080,09:33:52.440,54.2100,79
34432440937758,09:33:52.440,54.2000,76
34432441254008,09:33:52.441,54.2500,100
34441718752396,09:34:01.718,54.2500,100
34442897138867,09:34:02.897,54.2500,100
34450869409977,09:34:10.869,54.2500,200
34450869409977,09:34:10.869,54.2500,100
34450869623558,09:34:10.869,54.2600,100
34450869626166,09:34:10.869,54.2500,300
34450869631308,09:34:10.869,54.2600,100
34450869663614,09:34:10.869,54.2600,100
34450869663614,09:34:10.869,54.2600,28
34450872840467,09:34:10.872,54.3100,100
34451173129606,09:34:11.173,54.3100,2
34464625275074,09:34:24.625,54.3100,100
34466222567383,09:34:26.222,54.3200,100
34466222617756,09:34:26.222,54.3400,72
34466222627402,09:34:26.222,54.3400,28
34466223287965,09:34:26.223,54.3700,98
34466223287965,09:34:26.223,54.3700,2
34466223288768,09:34:26.223,54.3450,300
34466223293280,09:34:26.223,54.3700,98
34466223370798,09:34:26.223,54.4100,50
34466223686353,09:34:26.223,54.4500,4
34466262081302,09:34:26.262,54.4600,50
34473606361034,09:34:33.606,54.4700,31
34473606368860,09:34:33.606,54.4700,36
34501033968357,09:35:01.033,54.5100,100
34501034056758,09:35:01.034,54.5200,51
34501034158221,09:35:01.034,54.5100,100
34501034236920,09:35:01.034,54.5100,600
34501034272401,09:35:01.034,54.5200,49
34501034272401,09:35:01.034,54.5200,100
34501034295802,09:35:01.034,54.5300,71
34501038611331,09:35:01.038,54.5400,50
34501038611331,09:35:01.038,54.5400,15
34501038766793,09:35:01.038,54.5400,85
34501038766793,09:35:01.038,54.5400,15
34501038783520,09:35:01.038,54.5500,100
34501039706616,09:35:01.039,54.5400,50
34501254780005,09:35:01.254,54.6700,100
34501254789663,09:35:01.254,54.7100,50
34501254789663,09:35:01.254,54.7100,50
34501254854483,09:35:01.254,54.6200,200
34501254854483,09:35:01.254,54.6200,200
34501254854483,09:35:01.254,54.6200,200
34501254854483,09:35:01.254,54.6200,200
34501274974461,09:35:01.274,54.6400,100
34501612193569,09:35:01.612,54.7100,50
34501612193569,09:35:01.612,54.7100,50
34501622047024,09:35:01.622,54.7500,100
34507163501337,09:35:07.163,54.7700,74
34507163501337,09:35:07.163,54.7700,100
34507163501337,09:35:07.163,54.7700,426
34507258115436,09:35:07.258,54.8000,50
34507258115436,09:35:07.258,54.8000,50
34517142043207,09:35:17.142,54.8000,50
34517142043207,09:35:17.142,54.8000,50
34517142043207,09:35:17.142,54.8000,100
34517142277638,09:35:17.142,54.8200,100
34521291347852,09:35:21.291,54.8000,100
34521291347852,09:35:21.291,54.7800,200
34521291467253,09:35:21.291,54.7800,100
34521291624177,09:35:21.291,54.7600,100
34521292999739,09:35:21.292,54.7100,100
34530422619022,09:35:30.422,54.6600,100
34530422694016,09:35:30.422,54.6800,100
34530422726922,09:35:30.422,54.6800,100
34530423086853,09:35:30.423,54.6900,100
34530470436016,09:35:30.470,54.7950,100
34530470436016,09:35:30.470,54.7950,100
34530470436016,09:35:30.470,54.8300,100
34544368547880,09:35:44.368,54.8700,1
34544368547880,09:35:44.368,54.8700,99
34544368591882,09:35:44.368,54.8700,1
34544369829230,09:35:44.369,54.8800,2
34544369829230,09:35:44.369,54.8800,7
34544369829230,09:35:44.369,54.8800,100
34544377227482,09:35:44.377,54.8900,100
34544378372691,09:35:44.378,54.8900,100
34544647169825,09:35:44.647,54.9300,50
34544647169825,09:35:44.647,54.9300,100
34544647169825,09:35:44.647,54.9400,20
34545659251527,09:35:45.659,54.9400,80
34545661368458,09:35:45.661,54.9400,70
34554708649968,09:35:54.708,54.8600,100
34554708649968,09:35:54.708,54.8600,100
34554708650908,09:35:54.708,54.8600,100
34554708661090,09:35:54.708,54.8600,200
34554709569562,09:35:54.709,54.8100,100
34554709604229,09:35:54.709,54.8000,98
34554709644558,09:35:54.709,54.8000,2
34554710012402,09:35:54.710,54.8000,39
34560521148406,09:36:00.521,54.7600,61
34560521178399,09:36:00.521,54.7600,39
34560521242321,09:36:00.521,54.7600,39
34560521283513,09:36:00.521,54.7600,100
34560521283513,09:36:00.521,54.7400,100
34560521297441,09:36:00.521,54.7400,158
34560521697063,09:36:00.521,54.7400,95
34560521731495,09:36:00.521,54.7400,5
34560521731495,09:36:00.521,54.7400,5
34560521940197,09:36:00.521,54.7400,23
34560521955318,09:36:00.521,54.7400,14
34561450807672,09:36:01.450,54.7400,100
34561451073591,09:36:01.451,54.7500,100
34563400758853,09:36:03.400,54.7800,70
34563400758853,09:36:03.400,54.7800,30
34572136757037,09:36:12.136,54.7900,28
34572141063475,09:36:12.141,54.7900,72
34572141358227,09:36:12.141,54.8000,100
34572141358227,09:36:12.141,54.8000,100
34577278537148,09:36:17.278,54.7700,100
34580801513005,09:36:20.801,54.8000,100
34595225010146,09:36:35.225,54.8100,7
34595225010146,09:36:35.225,54.8200,2
34595225010146,09:36:35.225,54.8400,91
34595225969774,09:36:35.225,54.7900,100
34595257924749,09:36:35.257,54.8400,9
34595257924749,09:36:35.257,54.8400,100
34595257924749,09:36:35.257,54.8400,50
34595257924749,09:36:35.257,54.8400,100
34595258296511,09:36:35.258,54.8600,43
34595258353150,09:36:35.258,54.8600,50
34595258381901,09:36:35.258,54.8600,7
34595326150668,09:36:35.326,54.8900,100
34601802358546,09:36:41.802,54.8600,92
34601803506853,09:36:41.803,54.8800,100
34601803506853,09:36:41.803,54.8800,100
34601805315846,09:36:41.805,54.8900,100
34601805315846,09:36:41.805,54.8900,100
34601805315846,09:36:41.805,54.8900,100
34601809381303,09:36:41.809,54.9400,100
34601809381303,09:36:41.809,54.9400,200
34601809381303,09:36:41.809,54.9400,200
34601809381303,09:36:41.809,54.9400,200
34601910855481,09:36:41.910,54.9400,100
34601928848830,09:36:41.928,54.9400,90
34602371563024,09:36:42.371,54.9400,10
34602404305330,09:36:42.404,54.9800,180
34602404305330,09:36:42.404,54.9800,20
34602404351281,09:36:42.404,54.9900,145
34603920309774,09:36:43.920,54.9900,1255
34603920351825,09:36:43.920,55.0000,367
34603920351825,09:36:43.920,55.0000,183
34603920351825,09:36:43.920,55.0000,188
34603920351825,09:36:43.920,55.0000,105
34603920354728,09:36:43.920,55.0000,111
34605391269740,09:36:45.391,55.1300,41
34605391459697,09:36:45.391,55.1300,41
34605391497273,09:36:45.391,55.1300,18
34605391497273,09:36:45.391,55.1300,23
34605391676837,09:36:45.391,55.1700,41
34605391830806,09:36:45.391,55.1700,9
34605391830806,09:36:45.391,55.1700,32
34605739429828,09:36:45.739,55.1500,26
34605911504452,09:36:45.911,55.0500,42
34606444383602,09:36:46.444,55.1500,100
34606444383602,09:36:46.444,55.1700,68
34606444383602,09:36:46.444,55.1700,32
34606444428552,09:36:46.444,55.1700,5
34606473668928,09:36:46.473,55.1700,7
34606473668928,09:36:46.473,55.1700,50
34606494355048,09:36:46.494,55.1700,100
34606494355048,09:36:46.494,55.1700,100
34610261710142,09:36:50.261,55.1300,100
34611572866389,09:36:51.572,55.1200,100
34612659671049,09:36:52.659,55.1100,100
34612659711687,09:36:52.659,55.1100,90
34612660377641,09:36:52.660,55.1000,100
34612661553239,09:36:52.661,55.0600,100
34617393960699,09:36:57.393,54.9900,100
34617394086820,09:36:57.394,54.9800,100
34617394086820,09:36:57.394,54.9800,100
34617394096339,09:36:57.394,54.9800,100
34617394385582,09:36:57.394,54.9800,100
34617394608268,09:36:57.394,54.9800,100
34617394656291,09:36:57.394,54.9800,100
34617394665004,09:36:57.394,54.9600,100
34617394954030,09:36:57.394,54.9600,1
34617499713264,09:36:57.499,54.9400,100
34618187354271,09:36:58.187,54.8400,12
34618236499135,09:36:58.236,54.8050,100
34618243550359,09:36:58.243,54.7900,100
34618243550359,09:36:58.243,54.7500,100
34618243550359,09:36:58.243,54.7200,100
34622491346101,09:37:02.491,54.7650,100
34622491346101,09:37:02.491,54.7900,100
34622491346101,09:37:02.491,54.7900,100
34622491346101,09:37:02.491,54.8000,100
34624357169723,09:37:04.357,54.8000,51
34624357180888,09:37:04.357,54.8000,19
34624357180888,09:37:04.357,54.8100,81
34624357228598,09:37:04.357,54.8100,19
34624357228598,09:37:04.357,54.8100,100
34624357326989,09:37:04.357,54.8100,100
34624357520826,09:37:04.357,54.8100,100
34624357808116,09:37:04.357,54.8200,1
34624357808116,09:37:04.357,54.8200,200
34628803003943,09:37:08.803,54.8600,100
34628803020674,09:37:08.803,54.8800,100
34628803020674,09:37:08.803,54.8800,100
34628803171034,09:37:08.803,54.8700,100
34628803394756,09:37:08.803,54.8600,10
34628803524954,09:37:08.803,54.8800,100
34628805074579,09:37:08.805,54.8600,2
34628805261944,09:37:08.805,54.8800,8
34629374362996,09:37:09.374,54.9000,100
34629374364736,09:37:09.374,54.9000,100
34629374592653,09:37:09.374,54.9000,100
34629374592653,09:37:09.374,54.8900,100
34629374592653,09:37:09.374,54.8800,10
34629374685084,09:37:09.374,54.8800,100
34629374685084,09:37:09.374,54.8800,100
34629375317807,09:37:09.375,54.9000,100
34629376189664,09:37:09.376,54.8900,100
34629802172920,09:37:09.802,54.8900,30
34629802172920,09:37:09.802,54.8800,70
34629802214254,09:37:09.802,54.8800,30
34629853473609,09:37:09.853,54.8800,50
34629853587138,09:37:09.853,54.8800,26
34629853654090,09:37:09.853,54.8800,24
34631550582552,09:37:11.550,54.8600,67
34631550582552,09:37:11.550,54.8600,100
34633761019445,09:37:13.761,54.8200,100
34633761270544,09:37:13.761,54.8200,100
34634688174664,09:37:14.688,54.8100,100
34634688211983,09:37:14.688,54.8200,165
34634688215904,09:37:14.688,54.8200,35
34634688215904,09:37:14.688,54.8200,5
34634688220940,09:37:14.688,54.8300,29
34634688282472,09:37:14.688,54.8100,100
34635648731754,09:37:15.648,54.8500,100
34652603394161,09:37:32.603,54.8800,1
34657003924344,09:37:37.003,54.8700,100
34657003931896,09:37:37.003,54.8700,100
34658291199270,09:37:38.291,54.8400,14
34658291227079,09:37:38.291,54.8400,86
34658291271459,09:37:38.291,54.8400,100
34658291674431,09:37:38.291,54.8200,100
34658291674431,09:37:38.291,54.8200,100
34658291930304,09:37:38.291,54.8100,198
34658291965805,09:37:38.291,54.8100,20
34658291965805,09:37:38.291,54.8100,100
34658291967451,09:37:38.291,54.8100,100
34658291971325,09:37:38.291,54.8000,100
34658291971325,09:37:38.291,54.7900,90
34658292188357,09:37:38.292,54.7900,100
34659691361760,09:37:39.691,54.8200,1
34668933678753,09:37:48.933,54.8000,100
34672915827629,09:37:52.915,54.8100,8
34672915827629,09:37:52.915,54.8100,77
34672915874400,09:37:52.915,54.8100,23
34672916284125,09:37:52.916,54.8300,1
34672916284125,09:37:52.916,54.8300,200
34672921236564,09:37:52.921,54.8100,8
34672921337572,09:37:52.921,54.8000,2
34672921776691,09:37:52.921,54.8100,2
34675684238115,09:37:55.684,54.8300,100
34675684535599,09:37:55.684,54.8300,100
34681004674492,09:38:01.004,54.8400,100
34681004832136,09:38:01.004,54.8100,100
34681004912292,09:38:01.004,54.8000,100
34681011879922,09:38:01.011,54.8000,100
34696137070462,09:38:16.137,54.8300,10
34699884936098,09:38:19.884,54.8200,70
34699884936098,09:38:19.884,54.8100,30
34701298311957,09:38:21.298,54.8400,1
34704476476012,09:38:24.476,54.8100,100
34708549531170,09:38:28.549,54.8000,100
34708549531170,09:38:28.549,54.8000,14
34708549558175,09:38:28.549,54.8000,86
34708549558175,09:38:28.549,54.8000,114
34708549565091,09:38:28.549,54.8000,86
34708549577365,09:38:28.549,54.8000,86
34708549640008,09:38:28.549,54.8000,14
34708549989214,09:38:28.549,54.8000,100
34708550903549,09:38:28.550,54.7900,100
34711776389024,09:38:31.776,54.7900,100
34711776728488,09:38:31.776,54.7700,100
34711777054761,09:38:31.777,54.7700,100
34711777178116,09:38:31.777,54.7800,100
34720460519915,09:38:40.460,54.8100,100
34720460519915,09:38:40.460,54.8100,25
34720460524812,09:38:40.460,54.8100,50
34720460565693,09:38:40.460,54.8100,225
34720460565693,09:38:40.460,54.8100,100
34720460565693,09:38:40.460,54.8100,176
34720460571644,09:38:40.460,54.8100,19
34720460621974,09:38:40.460,54.8200,300
34720460621974,09:38:40.460,54.8200,30
34720460629869,09:38:40.460,54.8200,19
34720460801694,09:38:40.460,54.8200,51
34720460801694,09:38:40.460,54.8200,34
34720460859149,09:38:40.460,54.8200,66
34720465819359,09:38:40.465,54.8100,100
34720469748297,09:38:40.469,54.8100,8
34720470082288,09:38:40.470,54.8400,1
34720780075477,09:38:40.780,54.8300,200
34723610878093,09:38:43.610,54.8500,100
34723611357317,09:38:43.611,54.8600,100
34723611841608,09:38:43.611,54.8700,99
34723612429805,09:38:43.612,54.8700,1
34728772722624,09:38:48.772,54.8800,100
34728772722624,09:38:48.772,54.8800,100
34728776907447,09:38:48.776,54.8900,100
34728776907447,09:38:48.776,54.8900,100
34729275212302,09:38:49.275,54.9000,100
34733222648033,09:38:53.222,54.9400,100
34733436287201,09:38:53.436,54.9400,300
34733551733029,09:38:53.551,54.9500,100
34733551733029,09:38:53.551,54.9500,100
34733551733029,09:38:53.551,54.9500,93
34733551741076,09:38:53.551,54.9500,7
34738088265880,09:38:58.088,54.9400,70
34738088265880,09:38:58.088,54.9300,30
34740783929539,09:39:00.783,54.9800,100
34741206282375,09:39:01.206,54.9800,85
34741207363887,09:39:01.207,54.9900,15
34742350152828,09:39:02.350,54.9800,2
34744363685371,09:39:04.363,54.9900,85
34744363685371,09:39:04.363,54.9900,15
34748419421588,09:39:08.419,54.9900,100
34748419505198,09:39:08.419,54.9900,8
34751256854657,09:39:11.256,54.9900,100
34751256884127,09:39:11.256,55.0000,100
34751256884127,09:39:11.256,55.0000,100
34751256884127,09:39:11.256,55.0000,100
34751256884127,09:39:11.256,55.0000,188
34751256927728,09:39:11.256,55.0000,150
34751256927728,09:39:11.256,55.0100,50
34751256972383,09:39:11.256,55.0100,50
34751257234538,09:39:11.257,55.0200,100
34752005496198,09:39:12.005,55.0100,44
34752005521960,09:39:12.005,55.0100,56
34753793982286,09:39:13.793,55.0200,200
34753942539563,09:39:13.942,55.0100,100
34753942539563,09:39:13.942,55.0100,100
34753942539563,09:39:13.942,55.0100,143
34753942635974,09:39:13.942,55.0100,100
34753942695641,09:39:13.942,55.0100,57
34753942695641,09:39:13.942,55.0000,43
34753943137467,09:39:13.943,55.0000,57
34755811066477,09:39:15.811,55.0200,200
34758373638848,09:39:18.373,55.0400,27
34759261440559,09:39:19.261,55.0200,200
34759261440559,09:39:19.261,55.0400,73
34759261626268,09:39:19.261,55.0300,200
34764955751011,09:39:24.955,55.0000,66
34764955751011,09:39:24.955,55.0000,100
34764956269423,09:39:24.956,54.9900,100
34764956292242,09:39:24.956,54.9900,100
34768016484324,09:39:28.016,54.9500,5
34768139582051,09:39:28.139,54.9400,100
34768139600840,09:39:28.139,54.9400,100
34768139673765,09:39:28.139,54.9300,100
34783853151940,09:39:43.853,54.9300,100
34783853151940,09:39:43.853,54.9400,100
34783853554281,09:39:43.853,54.9400,100
34783853885155,09:39:43.853,54.9500,100
34783854008113,09:39:43.854,54.9600,38
34783854014083,09:39:43.854,54.9600,50
34783854020034,09:39:43.854,54.9600,6
34783854047607,09:39:43.854,54.9600,6
34795008337479,09:39:55.008,54.9200,100
34795008758663,09:39:55.008,54.9100,100
34795008796590,09:39:55.008,54.8900,100
34795008809010,09:39:55.008,54.8900,100
34795009024766,09:39:55.009,54.8900,100
34795009025922,09:39:55.009,54.8900,100
34797235675592,09:39:57.235,54.8700,100
34800973761505,09:40:00.973,54.9000,100
34800973761505,09:40:00.973,54.9000,100
34800973808620,09:40:00.973,54.9100,100
34800974663641,09:40:00.974,54.9200,100
34800974800268,09:40:00.974,54.9200,100
34800980788646,09:40:00.980,54.9200,100
34801675939208,09:40:01.675,54.9200,67
34801677111320,09:40:01.677,54.9200,100
34814297217439,09:40:14.297,54.9500,100
34814299833148,09:40:14.299,54.9400,200
34814299932741,09:40:14.299,54.9500,3
34814299942704,09:40:14.299,54.9500,50
34814299952301,09:40:14.299,54.9500,47
34814299952301,09:40:14.299,54.9500,31
34814299957795,09:40:14.299,54.9500,69
34814299965698,09:40:14.299,54.9400,200
34814300390297,09:40:14.300,54.9600,46
34814300432456,09:40:14.300,54.9600,54
34814300432456,09:40:14.300,54.9600,40
34814300432456,09:40:14.300,54.9600,6
34814300484460,09:40:14.300,54.9600,94
34815712613758,09:40:15.712,54.9700,100
34815712725537,09:40:15.712,54.9700,100
34815712837580,09:40:15.712,54.9800,40
34815712963306,09:40:15.712,54.9800,52
34815712964582,09:40:15.712,54.9800,8
34824733109398,09:40:24.733,54.9600,100
34824733138538,09:40:24.733,54.9400,14
34824733172931,09:40:24.733,54.9400,86
34827172797146,09:40:27.172,54.9100,100
34827175787960,09:40:27.175,54.9000,100
34827175791063,09:40:27.175,54.8900,100
34827175791063,09:40:27.175,54.8900,200
34827179930004,09:40:27.179,54.8900,100
34827180020289,09:40:27.180,54.8900,100
34836465796010,09:40:36.465,54.8800,100
34836465796010,09:40:36.465,54.8600,72
34836465849103,09:40:36.465,54.8600,28
34836465849103,09:40:36.465,54.8600,100
34836495922507,09:40:36.495,54.8500,100
34836496400904,09:40:36.496,54.8600,90
34836496400904,09:40:36.496,54.8700,10
34836497737582,09:40:36.497,54.8600,20
34836498739005,09:40:36.498,54.8600,20
34836498739005,09:40:36.498,54.8500,3
34841479500156,09:40:41.479,54.8600,20
34841479500156,09:40:41.479,54.8600,80
34841481458732,09:40:41.481,54.8600,100
34853724605217,09:40:53.724,54.8500,5
34853724638509,09:40:53.724,54.8500,50
34853724644354,09:40:53.724,54.8600,100
34853724644354,09:40:53.724,54.8500,45
34853724644354,09:40:53.724,54.8500,50
34853724663053,09:40:53.724,54.8500,50
34853724683798,09:40:53.724,54.8500,100
34853724683798,09:40:53.724,54.8500,45
34853724696888,09:40:53.724,54.8500,51
34853725231539,09:40:53.725,54.8500,100
34853725318818,09:40:53.725,54.8500,4
34853725526719,09:40:53.725,54.8500,100
34853979290627,09:40:53.979,54.8400,100
34855487673988,09:40:55.487,54.8100,100
34855994112506,09:40:55.994,54.8500,145
34855994115376,09:40:55.994,54.8500,55
34855994115376,09:40:55.994,54.8500,14
34855994122383,09:40:55.994,54.8500,86
34855994122383,09:40:55.994,54.8500,69
34855994151492,09:40:55.994,54.8500,31
34855994153677,09:40:55.994,54.8600,100
34855994153677,09:40:55.994,54.8600,79
34855994157618,09:40:55.994,54.8600,21
34856002695880,09:40:56.002,54.8500,100
34857098861037,09:40:57.098,54.8500,100
34857099478519,09:40:57.099,54.8500,50
34857099490169,09:40:57.099,54.8500,50
34857099855315,09:40:57.099,54.8600,100
34857101489373,09:40:57.101,54.8600,62
34857101538630,09:40:57.101,54.8600,38
34857101592531,09:40:57.101,54.8700,100
34859399147395,09:40:59.399,54.8400,100
34859399147395,09:40:59.399,54.8400,100
34859399414823,09:40:59.399,54.8400,100
34859450690001,09:40:59.450,54.8300,100
34861104123252,09:41:01.104,54.8100,100
34861202230166,09:41:01.202,54.7700,34
34861308610693,09:41:01.308,54.7600,100
34864165784355,09:41:04.165,54.7700,100
34864458121666,09:41:04.458,54.7500,8
34864657639494,09:41:04.657,54.7000,100
34864658073651,09:41:04.658,54.7000,6
34864756257896,09:41:04.756,54.7000,94
34864756257896,09:41:04.756,54.6900,106
34864756315561,09:41:04.756,54.6900,94
34864847787149,09:41:04.847,54.6700,200
34864872451906,09:41:04.872,54.6800,100
34867058350210,09:41:07.058,54.7200,100
34867058693747,09:41:07.058,54.7200,23
34867059576796,09:41:07.059,54.7500,100
34867060804947,09:41:07.060,54.7300,200
34886161199136,09:41:26.161,54.7000,100
34886161199136,09:41:26.161,54.7000,100
34886161476072,09:41:26.161,54.6900,6
34886161504582,09:41:26.161,54.6900,74
34886161530473,09:41:26.161,54.6900,20
34886879432585,09:41:26.879,54.6500,100
34889600815784,09:41:29.600,54.6400,100
34891255890299,09:41:31.255,54.6200,100
34891256757605,09:41:31.256,54.6200,100
34891360425121,09:41:31.360,54.6400,100
34891360458474,09:41:31.360,54.6400,100
34891360485951,09:41:31.360,54.6400,100
34896692587529,09:41:36.692,54.5900,100
34896693077254,09:41:36.693,54.5800,100
34896693355740,09:41:36.693,54.5900,100
34896695727682,09:41:36.695,54.5600,100
34900704433008,09:41:40.704,54.5200,100
34900796303603,09:41:40.796,54.5200,100
34903211850713,09:41:43.211,54.5400,100
34903211850713,09:41:43.211,54.5400,100
34903211850713,09:41:43.211,54.5400,200
34903212627936,09:41:43.212,54.5500,100
34903212627936,09:41:43.212,54.5500,100
34903212627936,09:41:43.212,54.5500,49
34903212657300,09:41:43.212,54.5500,51
34903212657300,09:41:43.212,54.5500,16
34903212660814,09:41:43.212,54.5500,73
34903212669136,09:41:43.212,54.5500,100
34903214905146,09:41:43.214,54.5500,211
34903215005696,09:41:43.215,54.5500,100
34903222515404,09:41:43.222,54.5500,200
34914101718721,09:41:54.101,54.5200,4
34914101755752,09:41:54.101,54.5200,96
34914102750863,09:41:54.102,54.5100,17
34914102754427,09:41:54.102,54.5100,97
34914102867466,09:41:54.102,54.5100,86
34914102867466,09:41:54.102,54.5100,100
34914102867466,09:41:54.102,54.5100,200
34914102867466,09:41:54.102,54.5100,200
34914102867466,09:41:54.102,54.5100,100
34923205296274,09:42:03.205,54.5100,100
34923212514592,09:42:03.212,54.4900,200
34923212514592,09:42:03.212,54.4900,100
34928940284687,09:42:08.940,54.4800,67
34928940284687,09:42:08.940,54.4800,33
34928940316095,09:42:08.940,54.4800,67
34928940316095,09:42:08.940,54.4800,100
34928940776824,09:42:08.940,54.4700,300
34932937399382,09:42:12.937,54.4100,100
34932939522355,09:42:12.939,54.4100,100
34936775022728,09:42:16.775,54.4300,95
34936775054151,09:42:16.775,54.4300,5
34936775054151,09:42:16.775,54.4300,300
34967455915317,09:42:47.455,54.4100,100
34967455915317,09:42:47.455,54.4100,156
34967455916976,09:42:47.455,54.4100,100
34967456266231,09:42:47.456,54.4100,100
34968331967407,09:42:48.331,54.3900,100
34968332064934,09:42:48.332,54.3900,100
34968332068019,09:42:48.332,54.3900,100
34968332070464,09:42:48.332,54.3900,100
34968332108688,09:42:48.332,54.3800,20
34968332117336,09:42:48.332,54.3800,74
34968332193977,09:42:48.332,54.3800,100
34968335260844,09:42:48.335,54.3900,100
34970243177951,09:42:50.243,54.3600,7
34978456036465,09:42:58.456,54.3600,93
34978456036465,09:42:58.456,54.3600,100
34978456036465,09:42:58.456,54.3600,100
34978456080005,09:42:58.456,54.3600,100
34978456133197,09:42:58.456,54.3600,81
34978456162468,09:42:58.456,54.3600,19
34978456187066,09:42:58.456,54.3600,19
34978456196295,09:42:58.456,54.3600,19
34978456201552,09:42:58.456,54.3600,62
34978460262577,09:42:58.460,54.3500,200
34978460262577,09:42:58.460,54.3500,100
34978460365225,09:42:58.460,54.3500,100
34980829102229,09:43:00.829,54.2900,66
34980829102229,09:43:00.829,54.2900,34
34980829181507,09:43:00.829,54.3100,100
34982039188233,09:43:02.039,54.3300,200
34982039188233,09:43:02.039,54.3300,234
34982039218493,09:43:02.039,54.3300,166
34982039711097,09:43:02.039,54.3400,46
34982039745048,09:43:02.039,54.3400,8
34982040026163,09:43:02.040,54.3400,46
34982040064161,09:43:02.040,54.3500,21
34982040064161,09:43:02.040,54.3500,100
34982040064161,09:43:02.040,54.3500,100
34982040501560,09:43:02.040,54.3600,46
34982040544346,09:43:02.040,54.3600,54
34982040544346,09:43:02.040,54.3600,46
34982045189213,09:43:02.045,54.3300,100
34982220137076,09:43:02.220,54.3300,100
34982466692557,09:43:02.466,54.3300,100
34982841129949,09:43:02.841,54.3600,54
34982841129949,09:43:02.841,54.3600,100
34982841129949,09:43:02.841,54.3600,100
34982841368596,09:43:02.841,54.3700,20
34988482592585,09:43:08.482,54.3700,100
34988482602552,09:43:08.482,54.3700,1
34988482660157,09:43:08.482,54.3700,99
34988482660157,09:43:08.482,54.3700,1
34988482679038,09:43:08.482,54.3700,99
34988492108459,09:43:08.492,54.3800,100
34988509787065,09:43:08.509,54.3600,100
34988724288992,09:43:08.724,54.3700,100
34992551062478,09:43:12.551,54.3800,100
34992551062478,09:43:12.551,54.3900,100
34992551062478,09:43:12.551,54.3900,100
34992551093219,09:43:12.551,54.3900,100
34992582752442,09:43:12.582,54.3900,10
34993208700698,09:43:13.208,54.3900,100
34998350296958,09:43:18.350,54.3900,15
34998350311455,09:43:18.350,54.3900,50
35005021089211,09:43:25.021,54.3800,100
35009170692524,09:43:29.170,54.3500,100
35009170692524,09:43:29.170,54.3500,67
35009170707360,09:43:29.170,54.3500,33
35009170807751,09:43:29.170,54.3600,100
35009171059642,09:43:29.171,54.3500,100
35012457944377,09:43:32.457,54.3600,100
35015691212924,09:43:35.691,54.3400,100
35015691212924,09:43:35.691,54.3400,100
35015696375588,09:43:35.696,54.3300,100
35015696415629,09:43:35.696,54.3300,100
35015696458917,09:43:35.696,54.3300,67
35015696499180,09:43:35.696,54.3300,33
35015696507819,09:43:35.696,54.3300,33
35015696567035,09:43:35.696,54.3300,67
35015696567035,09:43:35.696,54.3300,33
35019920266651,09:43:39.920,54.3300,67
35026856321843,09:43:46.856,54.3500,10
35026856330687,09:43:46.856,54.3500,90
35026857170095,09:43:46.857,54.3600,100
35026857172787,09:43:46.857,54.3600,50
35026857536898,09:43:46.857,54.3700,35
35026997162284,09:43:46.997,54.3550,100
35027363891661,09:43:47.363,54.3500,100
35040186925177,09:44:00.186,54.3300,200
35040186925177,09:44:00.186,54.3300,66
35040187353230,09:44:00.187,54.3200,87
35040187381346,09:44:00.187,54.3200,13
35040187861637,09:44:00.187,54.3100,200
35043069609577,09:44:03.069,54.3000,100
35043069754510,09:44:03.069,54.3000,62
35043069787058,09:44:03.069,54.3000,38
35043069793617,09:44:03.069,54.3000,100
35043069802050,09:44:03.069,54.3000,38
35043069828521,09:44:03.069,54.3000,38
35043069857066,09:44:03.069,54.3000,24
35043074205470,09:44:03.074,54.2900,100
35048552657158,09:44:08.552,54.2400,100
35050076723486,09:44:10.076,54.2500,67
35050077135872,09:44:10.077,54.2600,15
35050077194309,09:44:10.077,54.2600,85
35053053825998,09:44:13.053,54.2700,49
35053053857714,09:44:13.053,54.2700,6
35053054312339,09:44:13.054,54.2800,2
35053054390519,09:44:13.054,54.2800,155
35053054390519,09:44:13.054,54.2800,100
35053054390519,09:44:13.054,54.2800,179
35053054943058,09:44:13.054,54.2900,100
35053056432184,09:44:13.056,54.2800,100
35053056458305,09:44:13.056,54.2800,100
35053058322009,09:44:13.058,54.2700,3
35053058468793,09:44:13.058,54.2700,96
35067816914034,09:44:27.816,54.2700,100
35076209219067,09:44:36.209,54.2400,100
35085737596031,09:44:45.737,54.1500,100
35085737889551,09:44:45.737,54.1500,100
35085743110678,09:44:45.743,54.1700,100
35086501313063,09:44:46.501,54.1900,100
35086501313063,09:44:46.501,54.1900,100
35086501413752,09:44:46.501,54.1900,100
35086501416953,09:44:46.501,54.1900,100
35086502250597,09:44:46.502,54.1900,100
35086502250597,09:44:46.502,54.1900,170
35086502250597,09:44:46.502,54.1900,50
35086739145123,09:44:46.739,54.1800,100
35087045177156,09:44:47.045,54.1600,100
35100008299913,09:45:00.008,54.1900,49
35100008643321,09:45:00.008,54.1900,51
35100008643321,09:45:00.008,54.1900,100
35113836072313,09:45:13.836,54.2200,100
35117076402342,09:45:17.076,54.2300,28
35117476178553,09:45:17.476,54.2250,200
35117476178553,09:45:17.476,54.2300,72
35117476178553,09:45:17.476,54.2300,5
35117476222708,09:45:17.476,54.2300,95
35117476222708,09:45:17.476,54.2300,5
35117476242813,09:45:17.476,54.2300,100
35117476485244,09:45:17.476,54.2400,100
35117476642068,09:45:17.476,54.2400,50
35122493517957,09:45:22.493,54.2500,100
35122889816761,09:45:22.889,54.2500,50
35122889816761,09:45:22.889,54.2600,50
35123018518784,09:45:23.018,54.2600,50
35128383960361,09:45:28.383,54.2500,100
35128384237455,09:45:28.384,54.2500,100
35128384244552,09:45:28.384,54.2500,100
35128386806308,09:45:28.386,54.2300,100
35128387195009,09:45:28.387,54.2300,200
35128387195009,09:45:28.387,54.2300,200
35128387894649,09:45:28.387,54.2200,100
35128387894649,09:45:28.387,54.2200,100
35128388021867,09:45:28.388,54.2300,100
35128965643403,09:45:28.965,54.2500,100
35130764846809,09:45:30.764,54.2500,100
35132389263089,09:45:32.389,54.2800,100
35135689554262,09:45:35.689,54.2600,100
35154922433411,09:45:54.922,54.2800,34
35154922456394,09:45:54.922,54.2800,50
35154922498571,09:45:54.922,54.2800,16
35154925718535,09:45:54.925,54.2900,100
35154925718535,09:45:54.925,54.2900,100
35156678684760,09:45:56.678,54.3000,100
35156679021909,09:45:56.679,54.3100,100
35156679426855,09:45:56.679,54.3100,100
35156679449759,09:45:56.679,54.3100,100
35160002522691,09:46:00.002,54.3000,100
35164297420110,09:46:04.297,54.3000,18
35167825135788,09:46:07.825,54.3100,100
35168498888764,09:46:08.498,54.2900,100
35168519145146,09:46:08.519,54.2800,100
35168519146417,09:46:08.519,54.2800,100
35168523339189,09:46:08.523,54.2700,200
35168523995481,09:46:08.523,54.2600,100
35188261873899,09:46:28.261,54.2500,100
35188261873899,09:46:28.261,54.2500,200
35188261979057,09:46:28.261,54.2500,100
35188262273155,09:46:28.262,54.2500,100
35188262360314,09:46:28.262,54.2500,100
35189877035564,09:46:29.877,54.2400,100
35189877076246,09:46:29.877,54.2400,50
35189877086807,09:46:29.877,54.2400,50
35201658497989,09:46:41.658,54.1900,100
35201658497989,09:46:41.658,54.1900,100
35201658597328,09:46:41.658,54.1900,100
35201658968461,09:46:41.658,54.1900,100
35206934823114,09:46:46.934,54.1600,100
35212354777177,09:46:52.354,54.1700,100
35212354777177,09:46:52.354,54.1700,34
35212354815064,09:46:52.354,54.1700,53
35212354826555,09:46:52.354,54.1700,13
35212354826555,09:46:52.354,54.1700,61
35212354875892,09:46:52.354,54.1700,39
35212354877141,09:46:52.354,54.1700,100
35212354954641,09:46:52.354,54.1700,100
35212948467985,09:46:52.948,54.1500,7
35218196001670,09:46:58.196,54.1400,7
35218196001670,09:46:58.196,54.1300,93
35218196291044,09:46:58.196,54.1400,100
35218196538530,09:46:58.196,54.1300,30
35224016077105,09:47:04.016,54.1300,6
35224016426443,09:47:04.016,54.1300,64
35224016426443,09:47:04.016,54.1300,2
35224016426443,09:47:04.016,54.1300,85
35224016426443,09:47:04.016,54.1300,30
35224028226356,09:47:04.028,54.1300,10
35232842977365,09:47:12.842,54.1200,100
35234470123872,09:47:14.470,54.1300,100
35234695941243,09:47:14.695,54.1100,94
35234734544765,09:47:14.734,54.1300,100
35234734597283,09:47:14.734,54.1300,18
35239607018309,09:47:19.607,54.1200,90
35239607321293,09:47:19.607,54.1200,10
35239618069123,09:47:19.618,54.1300,100
35239618069123,09:47:19.618,54.1300,100
35239618069123,09:47:19.618,54.1300,100
35239618107757,09:47:19.618,54.1300,100
35239618107757,09:47:19.618,54.1300,95
35239618205724,09:47:19.618,54.1300,5
35239618205724,09:47:19.618,54.1300,95
35239618210693,09:47:19.618,54.1300,5
35239619661092,09:47:19.619,54.1400,100
35239619917408,09:47:19.619,54.1500,50
35239619921292,09:47:19.619,54.1500,50
35239625026981,09:47:19.625,54.1300,100
35239625026981,09:47:19.625,54.1300,100
35240287259985,09:47:20.287,54.1200,100
35240287303161,09:47:20.287,54.1200,7
35240287376726,09:47:20.287,54.1100,7
35242480864863,09:47:22.480,54.1000,100
35243865023387,09:47:23.865,54.1200,200
35243865867728,09:47:23.865,54.1200,100
35243866178327,09:47:23.866,54.1300,100
35243866357606,09:47:23.866,54.1400,100
35246666195871,09:47:26.666,54.1400,100
35246666195871,09:47:26.666,54.1400,100
35275228474739,09:47:55.228,54.1400,30
35275228474739,09:47:55.228,54.1400,100
35275228474739,09:47:55.228,54.1400,25
35275228723602,09:47:55.228,54.1300,100
35275228844890,09:47:55.228,54.1300,100
35275229005597,09:47:55.229,54.1300,100
35275229012595,09:47:55.229,54.1300,26
35275229056447,09:47:55.229,54.1300,74
35278722513472,09:47:58.722,54.1100,100
35280507568289,09:48:00.507,54.0900,100
35280507568289,09:48:00.507,54.0900,100
35285021790131,09:48:05.021,54.1000,100
35285021920860,09:48:05.021,54.0800,100
35285021920860,09:48:05.021,54.0800,100
35285386645762,09:48:05.386,54.0700,100
35285386645762,09:48:05.386,54.0700,300
35285510654843,09:48:05.510,54.0700,37
35285510835084,09:48:05.510,54.0700,63
35285510835084,09:48:05.510,54.0700,200
35290004237898,09:48:10.004,54.0500,100
35290843105369,09:48:10.843,54.0500,100
35294541291037,09:48:14.541,54.0500,100
35294541295637,09:48:14.541,54.0500,100
35294543402079,09:48:14.543,54.0700,100
35294543431428,09:48:14.543,54.0700,100
35294543796512,09:48:14.543,54.0700,10
35295995939888,09:48:15.995,54.0700,100
35295996205877,09:48:15.996,54.0800,73
35295996247408,09:48:15.996,54.0800,27
35297576268876,09:48:17.576,54.0900,5
35297576277277,09:48:17.576,54.0900,50
35297576286766,09:48:17.576,54.0900,45
35297576793902,09:48:17.576,54.0900,100
35300272158723,09:48:20.272,54.1300,74
35300272158723,09:48:20.272,54.1300,26
35301026338042,09:48:21.026,54.1300,74
35301026338042,09:48:21.026,54.1300,6
35302303501858,09:48:22.303,54.1300,94
35302303501858,09:48:22.303,54.1300,6
35302825382142,09:48:22.825,54.1300,94
35302825382142,09:48:22.825,54.1300,100
35302830494755,09:48:22.830,54.1600,100
35302831007521,09:48:22.831,54.1600,200
35316707371702,09:48:36.707,54.1900,100
35317387489107,09:48:37.387,54.2100,100
35317387533457,09:48:37.387,54.2100,100
35322394588031,09:48:42.394,54.2300,100
35324255623244,09:48:44.255,54.2400,100
35324255663553,09:48:44.255,54.2400,100
35324255719669,09:48:44.255,54.2400,100
35324255758351,09:48:44.255,54.2400,50
35324256156405,09:48:44.256,54.2400,50
35327630645553,09:48:47.630,54.2300,1
35330405826644,09:48:50.405,54.2600,100
35330656186066,09:48:50.656,54.2100,1
35330656186066,09:48:50.656,54.2100,100
35330656288919,09:48:50.656,54.2100,100
35330656777253,09:48:50.656,54.2000,1
35330656777253,09:48:50.656,54.2000,89
35330656779397,09:48:50.656,54.2000,11
35330656930880,09:48:50.656,54.1900,58
35330656932921,09:48:50.656,54.1900,42
35330656932921,09:48:50.656,54.1900,19
35330656932921,09:48:50.656,54.1900,8
35330657221639,09:48:50.657,54.1900,100
35348397712355,09:49:08.397,54.2100,100
35348398784475,09:49:08.398,54.2200,100
35348398784475,09:49:08.398,54.2200,100
35348398880262,09:49:08.398,54.2200,100
35348401286061,09:49:08.401,54.2300,100
35349664773739,09:49:09.664,54.2300,100
35350603078402,09:49:10.603,54.2250,200
35350603078402,09:49:10.603,54.2400,100
35350603130936,09:49:10.603,54.2400,100
35350603130936,09:49:10.603,54.2400,100
35350603555436,09:49:10.603,54.2400,200
35350603582557,09:49:10.603,54.2400,100
35350603582557,09:49:10.603,54.2500,51
35350655579450,09:49:10.655,54.2500,49
35350876277400,09:49:10.876,54.2650,100
35351227201932,09:49:11.227,54.2700,100
35358656242839,09:49:18.656,54.2700,25
35358656254066,09:49:18.656,54.2800,100
35358656554841,09:49:18.656,54.2800,50
35358656658650,09:49:18.656,54.2700,50
35360174336864,09:49:20.174,54.2900,100
35360174336864,09:49:20.174,54.2900,100
35360174336864,09:49:20.174,54.2900,34
35360175705157,09:49:20.175,54.3000,10
35360175705157,09:49:20.175,54.3100,24
35360707308988,09:49:20.707,54.2800,100
35361543078227,09:49:21.543,54.2800,10
35361659332382,09:49:21.659,54.2600,100
35376690264211,09:49:36.690,54.2600,50
35376690279815,09:49:36.690,54.2600,12
35376691884069,09:49:36.691,54.2400,100
35376691884069,09:49:36.691,54.2400,100
35381533927540,09:49:41.533,54.2100,100
35381533927540,09:49:41.533,54.2100,100
35381533927540,09:49:41.533,54.2100,100
35381534051834,09:49:41.534,54.2100,100
35381534120492,09:49:41.534,54.2100,100
35381662703540,09:49:41.662,54.2200,100
35381684740309,09:49:41.684,54.2100,100
35391629231752,09:49:51.629,54.2200,100
35395323590337,09:49:55.323,54.2000,100
35395323590337,09:49:55.323,54.2000,100
35395323590337,09:49:55.323,54.2000,100
35395323590337,09:49:55.323,54.2000,200
35395323590337,09:49:55.323,54.2000,2
35395323590337,09:49:55.323,54.2000,100
35395323596028,09:49:55.323,54.2000,100
35395323597665,09:49:55.323,54.2000,200
35395323597665,09:49:55.323,54.2000,100
35396912169400,09:49:56.912,54.1900,100
35396912302435,09:49:56.912,54.1900,100
35396912304995,09:49:56.912,54.1900,100
35396912388534,09:49:56.912,54.1900,100
35397914370640,09:49:57.914,54.1900,200
35397914410595,09:49:57.914,54.1900,17
35397914508088,09:49:57.914,54.1900,83
35398777311683,09:49:58.777,54.1700,100
35398777741776,09:49:58.777,54.1700,100
35398916336157,09:49:58.916,54.1900,100
35400350229065,09:50:00.350,54.2200,21
35403647256932,09:50:03.647,54.2300,100
35405091854695,09:50:05.091,54.2500,100
35405092128690,09:50:05.092,54.2500,100
35405092167222,09:50:05.092,54.2500,6
35405092254373,09:50:05.092,54.2500,94
35409337691788,09:50:09.337,54.2700,25
35409356827597,09:50:09.356,54.2700,75
35409734577526,09:50:09.734,54.2650,200
35409886415925,09:50:09.886,54.2650,100
35412323218318,09:50:12.323,54.2900,50
35412323371122,09:50:12.323,54.2900,50
35412691063187,09:50:12.691,54.3100,100
35412691844217,09:50:12.691,54.3100,300
35414534396803,09:50:14.534,54.3200,100
35419837701545,09:50:19.837,54.3600,100
35425299708377,09:50:25.299,54.3900,1
35425331316862,09:50:25.331,54.3700,200
35427875345325,09:50:27.875,54.3900,6
35428297084460,09:50:28.297,54.3750,100
35430879867400,09:50:30.879,54.3600,200
35430880037870,09:50:30.880,54.3500,100
35435101642366,09:50:35.101,54.3200,200
35435102033390,09:50:35.102,54.3100,200
35435106132090,09:50:35.106,54.2900,200
35438717943937,09:50:38.717,54.2700,50
35438718586051,09:50:38.718,54.2700,100
35439546767703,09:50:39.546,54.3100,100
35439849423441,09:50:39.849,54.3100,100
35439849499442,09:50:39.849,54.3100,100
35440296369634,09:50:40.296,54.3200,55
35440301975499,09:50:40.301,54.3300,200
35440360990191,09:50:40.360,54.3400,100
35441870977522,09:50:41.870,54.3200,200
35441871825089,09:50:41.871,54.3000,100
35454894137348,09:50:54.894,54.3200,11
35454894847986,09:50:54.894,54.3000,100
35454894847986,09:50:54.894,54.3000,100
35454894847986,09:50:54.894,54.3000,2
35454894847986,09:50:54.894,54.3000,100
35454894849177,09:50:54.894,54.3000,100
35456427717695,09:50:56.427,54.2900,100
35456427717695,09:50:56.427,54.2900,100
35459255885743,09:50:59.255,54.2900,100
35462704079175,09:51:02.704,54.3000,24
35462704117287,09:51:02.704,54.3000,76
35462705743107,09:51:02.705,54.3100,100
35463369159626,09:51:03.369,54.3100,100
35463369159626,09:51:03.369,54.3100,100
35466922708302,09:51:06.922,54.3100,200
35466926407247,09:51:06.926,54.3100,200
35467549149820,09:51:07.549,54.2900,100
35467549149820,09:51:07.549,54.2900,100
35467549149820,09:51:07.549,54.2900,100
35467549149820,09:51:07.549,54.2800,100
35467549149820,09:51:07.549,54.2700,100
35467549149820,09:51:07.549,54.2700,200
35467549149820,09:51:07.549,54.2700,100
35467549149820,09:51:07.549,54.2600,100
35467549149820,09:51:07.549,54.2600,100
35467549149820,09:51:07.549,54.2600,200
35467549149820,09:51:07.549,54.2500,12
35467549149820,09:51:07.549,54.2500,88
35467549695631,09:51:07.549,54.2800,50
35467549729956,09:51:07.549,54.2800,50
35469739139198,09:51:09.739,54.2600,100
35469739447086,09:51:09.739,54.2500,100
35483837332022,09:51:23.837,54.2200,100
35485244599311,09:51:25.244,54.2000,2
35485244639775,09:51:25.244,54.2000,98
35485244639775,09:51:25.244,54.2000,100
35485244639775,09:51:25.244,54.2000,2
35485244642292,09:51:25.244,54.2000,98
35485244642292,09:51:25.244,54.2000,100
35485244723587,09:51:25.244,54.2000,100
35487013022580,09:51:27.013,54.1900,100
35498879553862,09:51:38.879,54.2100,100
35498879569713,09:51:38.879,54.2100,100
35498879597945,09:51:38.879,54.2100,100
35498879597945,09:51:38.879,54.2100,200
35498879608542,09:51:38.879,54.2100,141
35498879876656,09:51:38.879,54.2100,100
35498879879606,09:51:38.879,54.2100,100
35498879879606,09:51:38.879,54.2100,59
35498885925928,09:51:38.885,54.2200,100
35498885925928,09:51:38.885,54.2200,100
35498886557710,09:51:38.886,54.2200,30
35498887395689,09:51:38.887,54.2200,100
35498887395689,09:51:38.887,54.2200,100
35498904475211,09:51:38.904,54.2100,100
35498904501156,09:51:38.904,54.2100,1
35498904529473,09:51:38.904,54.2100,99
35503354901854,09:51:43.354,54.1800,100
35503426782345,09:51:43.426,54.1800,100
35503426782345,09:51:43.426,54.1800,100
35503426782345,09:51:43.426,54.1800,1
35505142273909,09:51:45.142,54.1800,100
35505142273909,09:51:45.142,54.1800,100
35521907313246,09:52:01.907,54.1500,100
35522384388640,09:52:02.384,54.1500,100
35524543454274,09:52:04.543,54.1500,100
35527184329817,09:52:07.184,54.1200,100
35527184426062,09:52:07.184,54.1200,60
35531184981853,09:52:11.184,54.0900,100
35532200575076,09:52:12.200,54.0700,25
35532596554991,09:52:12.596,54.0600,76
35532596560553,09:52:12.596,54.0600,138
35532596598407,09:52:12.596,54.0600,100
35532596600368,09:52:12.596,54.0600,50
35532596640655,09:52:12.596,54.0600,100
35532596645937,09:52:12.596,54.0600,100
35532596650871,09:52:12.596,54.0600,100
35532596662032,09:52:12.596,54.0600,74
35532596675300,09:52:12.596,54.0600,100
35532596690737,09:52:12.596,54.0600,100
35532596728155,09:52:12.596,54.0600,62
35532758084866,09:52:12.758,54.0600,62
35534263165910,09:52:14.263,54.0400,1
35534263920055,09:52:14.263,54.0300,100
35534267160159,09:52:14.267,54.0100,100
35534267160159,09:52:14.267,54.0100,100
35536767635651,09:52:16.767,54.0500,50
35536769639357,09:52:16.769,54.0500,50
35536769639357,09:52:16.769,54.0500,23
35536771863698,09:52:16.771,54.0500,77
35536776617110,09:52:16.776,54.0500,100
35540500702397,09:52:20.500,54.0600,33
35552457981617,09:52:32.457,54.0300,100
35552459957918,09:52:32.459,54.0300,100
35556738466495,09:52:36.738,54.0200,100
35558055345887,09:52:38.055,54.0150,100
35558055345887,09:52:38.055,54.0000,35
35558055345887,09:52:38.055,54.0000,500
35558055345887,09:52:38.055,54.0000,100
35558056477452,09:52:38.056,54.0000,100
35558058023396,09:52:38.058,54.0000,100
35558528468050,09:52:38.528,54.0100,100
35558528473900,09:52:38.528,54.0100,100
35558528576893,09:52:38.528,54.0100,100
35559905206414,09:52:39.905,53.9800,100
35561030057032,09:52:41.030,54.0000,100
35563531679801,09:52:43.531,54.0000,100
35567034982197,09:52:47.034,54.0000,700
35567034982197,09:52:47.034,54.0000,100
35567035840706,09:52:47.035,54.0100,100
35567036071501,09:52:47.036,54.0100,100
35567036074710,09:52:47.036,54.0100,100
35567036108396,09:52:47.036,54.0100,35
35567036115755,09:52:47.036,54.0100,100
35567037683028,09:52:47.037,54.0100,100
35567037732646,09:52:47.037,54.0100,65
35567037781950,09:52:47.037,54.0100,100
35567479135716,09:52:47.479,54.0100,100
35569453484250,09:52:49.453,54.0000,42
35569453580493,09:52:49.453,54.0000,58
35569453580493,09:52:49.453,54.0000,100
35569453583539,09:52:49.453,54.0000,100
35570021545247,09:52:50.021,54.0100,100
35570393443824,09:52:50.393,54.0200,100
35571664916649,09:52:51.664,54.0200,20
35572576749653,09:52:52.576,54.0100,300
35572576749653,09:52:52.576,54.0300,100
35572576749653,09:52:52.576,54.0300,100
35572576749653,09:52:52.576,54.0300,100
35572576749653,09:52:52.576,54.0300,100
35572596879107,09:52:52.596,54.0300,200
35572597001959,09:52:52.597,54.0400,100
35572597317543,09:52:52.597,54.0350,100
35572622968792,09:52:52.622,54.0400,200
35579844044665,09:52:59.844,54.0600,300
35579917596116,09:52:59.917,54.0700,100
35579957932160,09:52:59.957,54.0700,100
35579957980710,09:52:59.957,54.0700,100
35581625389543,09:53:01.625,54.0900,100
35583296288041,09:53:03.296,54.0900,100
35585652078635,09:53:05.652,54.1400,100
35589190244060,09:53:09.190,54.1300,200
35593220488901,09:53:13.220,54.1500,100
35593221634885,09:53:13.221,54.1500,100
35594728711019,09:53:14.728,54.1500,100
35598408655931,09:53:18.408,54.1450,100
35598408739789,09:53:18.408,54.1450,200
35598408739789,09:53:18.408,54.1300,100
35598410336066,09:53:18.410,54.1200,100
35598410614359,09:53:18.410,54.1200,1
35598410614359,09:53:18.410,54.1200,100
35598410792896,09:53:18.410,54.1300,100
35598410845446,09:53:18.410,54.1300,100
35598411192030,09:53:18.411,54.1100,68
35598704405111,09:53:18.704,54.1100,32
35600170731301,09:53:20.170,54.1300,15
35600170731301,09:53:20.170,54.1300,85
35600170808470,09:53:20.170,54.1300,15
35600170808470,09:53:20.170,54.1300,85
35600171014514,09:53:20.171,54.1300,100
35606077319805,09:53:26.077,54.1500,15
35610034971185,09:53:30.034,54.1600,68
35610035630588,09:53:30.035,54.1600,32
35622835199870,09:53:42.835,54.1600,100
35631254391941,09:53:51.254,54.1700,100
35631256651210,09:53:51.256,54.1800,100
35631256997808,09:53:51.256,54.1800,100
35631257445525,09:53:51.257,54.1900,100
35631608287260,09:53:51.608,54.1700,100
35636626083871,09:53:56.626,54.2000,21
35640212514762,09:54:00.212,54.1950,200
35640212514762,09:54:00.212,54.1950,200
35640212514762,09:54:00.212,54.1950,200
35640212514762,09:54:00.212,54.1950,215
35640212517692,09:54:00.212,54.1950,85
35640212517692,09:54:00.212,54.2200,15
35640212521599,09:54:00.212,54.2200,85
35640255577709,09:54:00.255,54.2000,200
35640261744928,09:54:00.261,54.2000,100
35643597256420,09:54:03.597,54.2300,100
35643869152074,09:54:03.869,54.2250,100
35644288838111,09:54:04.288,54.2200,1
35647757943300,09:54:07.757,54.2400,100
35649881139400,09:54:09.881,54.2500,100
35649881211815,09:54:09.881,54.2500,100
35666120220993,09:54:26.120,54.2600,1
35673114723025,09:54:33.114,54.2500,100
35673115126638,09:54:33.115,54.2400,1
35673115126638,09:54:33.115,54.2400,20
35673115232266,09:54:33.115,54.2400,80
35673115232266,09:54:33.115,54.2400,200
35673120088384,09:54:33.120,54.2200,200
35673765698633,09:54:33.765,54.2600,25
35679540783650,09:54:39.540,54.2400,100
35679540783650,09:54:39.540,54.2400,100
35685258146848,09:54:45.258,54.2400,100
35687096099103,09:54:47.096,54.2300,100
35690237058473,09:54:50.237,54.2500,100
35696311310091,09:54:56.311,54.2100,100
35696311818143,09:54:56.311,54.2000,100
35696311818143,09:54:56.311,54.2000,100
35696311818143,09:54:56.311,54.2000,200
35696326598235,09:54:56.326,54.2000,100
35696326787192,09:54:56.326,54.2000,100
35696331166231,09:54:56.331,54.1900,100
35696368420224,09:54:56.368,54.1900,25
35700247292813,09:55:00.247,54.1900,100
35700247292813,09:55:00.247,54.2100,100
35700247292813,09:55:00.247,54.2100,100
35700247292813,09:55:00.247,54.2100,100
35700247472833,09:55:00.247,54.2100,101
35700247472833,09:55:00.247,54.2100,100
35700251874296,09:55:00.251,54.2100,100
35700251874296,09:55:00.251,54.2100,100
35706100180173,09:55:06.100,54.1800,100
35706100180173,09:55:06.100,54.1800,100
35706100181082,09:55:06.100,54.1800,100
35713768611996,09:55:13.768,54.2000,100
35713768611996,09:55:13.768,54.2000,180
35713770091302,09:55:13.770,54.2100,100
35713770091302,09:55:13.770,54.2100,100
35713997624623,09:55:13.997,54.2000,100
35714295922368,09:55:14.295,54.2100,200
35722039513916,09:55:22.039,54.2200,100
35722039598217,09:55:22.039,54.2200,100
35722347063337,09:55:22.347,54.2000,2
35722347137279,09:55:22.347,54.2000,94
35722347147367,09:55:22.347,54.2000,6
35723930656850,09:55:23.930,54.2000,100
35723930754692,09:55:23.930,54.2000,100
35723930797527,09:55:23.930,54.2000,69
35723932217518,09:55:23.932,54.2000,100
35724229578548,09:55:24.229,54.2000,31
35725343113465,09:55:25.343,54.2000,100
35725344460748,09:55:25.344,54.2000,54
35725692871748,09:55:25.692,54.1900,100
35725692906120,09:55:25.692,54.1900,1
35725692953787,09:55:25.692,54.1900,99
35728166702180,09:55:28.166,54.1800,100
35728166720062,09:55:28.166,54.1700,1
35730020110777,09:55:30.020,54.1800,100
35731372977312,09:55:31.372,54.1500,100
35731372977312,09:55:31.372,54.1500,100
35733928057117,09:55:33.928,54.1500,100
35733928395382,09:55:33.928,54.1500,100
35734100669260,09:55:34.100,54.1300,100
35756363087814,09:55:56.363,54.0000,50
35758537889623,09:55:58.537,53.9900,100
35759250486787,09:55:59.250,53.9800,100
35760849309258,09:56:00.849,53.9900,100
35760850431585,09:56:00.850,54.0000,100
35760861870363,09:56:00.861,53.9900,100
35763640644046,09:56:03.640,53.9900,100
35765021032689,09:56:05.021,53.9800,100
35765021478278,09:56:05.021,53.9800,67
35765021579193,09:56:05.021,53.9800,33
35765021715760,09:56:05.021,53.9800,67
35774256612851,09:56:14.256,53.9800,95
35774599432998,09:56:14.599,53.9500,100
35780273288605,09:56:20.273,53.9200,100
35791462883698,09:56:31.462,53.8800,100
35794436584904,09:56:34.436,53.8600,100
35794437046511,09:56:34.437,53.8500,25
35794437046511,09:56:34.437,53.8500,75
35794932114879,09:56:34.932,53.8700,100
35794932689252,09:56:34.932,53.8700,100
35794932722741,09:56:34.932,53.8700,100
35802757391253,09:56:42.757,53.8400,96
35809700876229,09:56:49.700,53.8500,100
35810819404917,09:56:50.819,53.8500,74
35810819404917,09:56:50.819,53.8300,26
35815024223024,09:56:55.024,53.8500,100
35815024432852,09:56:55.024,53.8500,100
35815024472682,09:56:55.024,53.8500,100
35819870920161,09:56:59.870,53.8400,100
35819870979222,09:56:59.870,53.8400,100
35822109366050,09:57:02.109,53.8300,100
35824842813700,09:57:04.842,53.8100,100
35826243751136,09:57:06.243,53.8000,100
35826243794139,09:57:06.243,53.8000,62
35826243809927,09:57:06.243,53.8000,90
35829948120594,09:57:09.948,53.7700,100
35829948133263,09:57:09.948,53.7700,100
35829948447679,09:57:09.948,53.7700,100
35829948456511,09:57:09.948,53.7600,100
35829950200703,09:57:09.950,53.7700,1
35829950200703,09:57:09.950,53.7700,100
35829950200703,09:57:09.950,53.7700,100
35829950292853,09:57:09.950,53.7700,100
35829950397233,09:57:09.950,53.7600,400
35829950397233,09:57:09.950,53.7600,200
35829950397233,09:57:09.950,53.7600,200
35829950397233,09:57:09.950,53.7600,200
35829950546367,09:57:09.950,53.7600,15
35829950546367,09:57:09.950,53.7600,85
35829950546367,09:57:09.950,53.7600,100
35829950922696,09:57:09.950,53.7500,100
35829956757224,09:57:09.956,53.7600,100
35830078492641,09:57:10.078,53.7700,100
35830078979137,09:57:10.078,53.7700,100
35830079359449,09:57:10.079,53.7800,10
35830079763214,09:57:10.079,53.7800,90
35830079763214,09:57:10.079,53.7800,10
35831460352231,09:57:11.460,53.7800,90
35832969137022,09:57:12.969,53.7300,100
35832969480829,09:57:12.969,53.7200,100
35836645273281,09:57:16.645,53.7600,100
35837957564448,09:57:17.957,53.7600,97
35838135003374,09:57:18.135,53.7500,100
35838350804481,09:57:18.350,53.7500,100
35839976890120,09:57:19.976,53.7600,3
35839976890120,09:57:19.976,53.7600,100
35839976890120,09:57:19.976,53.7600,100
35839976890120,09:57:19.976,53.7600,400
35839976890120,09:57:19.976,53.7600,100
35842927476409,09:57:22.927,53.7600,100
35842927476409,09:57:22.927,53.7600,100
35842928269261,09:57:22.928,53.7700,16
35845366634353,09:57:25.366,53.7700,84
35845366634353,09:57:25.366,53.7700,100
35845367988151,09:57:25.367,53.7800,100
35845608961633,09:57:25.608,53.7800,200
35846182083365,09:57:26.182,53.7700,94
35846182323710,09:57:26.182,53.7700,100
35859642015171,09:57:39.642,53.7700,100
35862888533604,09:57:42.888,53.7600,100
35869265675184,09:57:49.265,53.7450,4
35870824016184,09:57:50.824,53.7450,48
35870824204505,09:57:50.824,53.7400,48
35870824204505,09:57:50.824,53.7300,25
35870824204505,09:57:50.824,53.7300,100
35870824204505,09:57:50.824,53.7300,152
35870824248851,09:57:50.824,53.7300,48
35882743499001,09:58:02.743,53.7100,30
35882743499001,09:58:02.743,53.7200,70
35883122957057,09:58:03.122,53.7200,30
35883122957057,09:58:03.122,53.7200,100
35883241637158,09:58:03.241,53.7200,6
35883241895196,09:58:03.241,53.7200,94
35884497019157,09:58:04.497,53.7300,100
35884497019157,09:58:04.497,53.7300,100
35884497019157,09:58:04.497,53.7300,189
35884499102647,09:58:04.499,53.7400,100
35886662487869,09:58:06.662,53.7400,100
35891551305556,09:58:11.551,53.7400,100
35892396164169,09:58:12.396,53.7200,1
35892396164169,09:58:12.396,53.7200,99
35892399127663,09:58:12.399,53.7100,1
35892399221483,09:58:12.399,53.7100,100
35893830707043,09:58:13.830,53.7200,100
35894349260798,09:58:14.349,53.7300,100
35903528686254,09:58:23.528,53.7300,18
35919261047452,09:58:39.261,53.7400,200
35919261077281,09:58:39.261,53.7400,1
35922600451448,09:58:42.600,53.7400,19
35923844192335,09:58:43.844,53.7400,100
35924181555743,09:58:44.181,53.7300,100
35924181555743,09:58:44.181,53.7300,2
35924181555743,09:58:44.181,53.7300,100
35925024153620,09:58:45.024,53.7300,300
35931025044177,09:58:51.025,53.7200,100
35931025148025,09:58:51.025,53.7200,2
35931025438943,09:58:51.025,53.7200,98
35931025438943,09:58:51.025,53.7200,2
35931025463063,09:58:51.025,53.7200,98
35931025463063,09:58:51.025,53.7200,2
35931025466127,09:58:51.025,53.7200,298
35931026250139,09:58:51.026,53.7000,1
35939477854711,09:58:59.477,53.7000,100
35946306674279,09:59:06.306,53.7000,99
35946306752653,09:59:06.306,53.6900,46
35946306763977,09:59:06.306,53.6900,54
35946321326268,09:59:06.321,53.6800,1
35947115624667,09:59:07.115,53.6800,99
35954268712629,09:59:14.268,53.6400,100
35954268953709,09:59:14.268,53.6400,100
35954269068443,09:59:14.269,53.6400,46
35954360244816,09:59:14.360,53.6400,100
35957911242710,09:59:17.911,53.6500,100
35957911242710,09:59:17.911,53.6500,100
35957911242710,09:59:17.911,53.6500,100
35957911304448,09:59:17.911,53.6500,100
35957911383537,09:59:17.911,53.6500,100
35958627718825,09:59:18.627,53.6400,100
35967863490074,09:59:27.863,53.6100,2
35967864248538,09:59:27.864,53.6000,2
35967864287188,09:59:27.864,53.6000,98
35971585927743,09:59:31.585,53.6100,22
35972672935639,09:59:32.672,53.6200,100
35972672935639,09:59:32.672,53.6200,100
35982077350644,09:59:42.077,53.6000,21
35982077359791,09:59:42.077,53.6000,50
35982077363733,09:59:42.077,53.6000,29
35982077363733,09:59:42.077,53.6000,21
35982077370377,09:59:42.077,53.6000,50
35982077380232,09:59:42.077,53.6000,29
35982909890809,09:59:42.909,53.5900,100
35987081367841,09:59:47.081,53.5700,100
35992116582403,09:59:52.116,53.5700,25
35992116582403,09:59:52.116,53.5600,75
35998201071055,09:59:58.201,53.6200,100
35998201071055,09:59:58.201,53.6200,57
35998201115779,09:59:58.201,53.6200,43
35998201115779,09:59:58.201,53.6200,57
35998201144594,09:59:58.201,53.6200,43
35998202156629,09:59:58.202,53.6300,50
35998202183406,09:59:58.202,53.6300,41
35998202212146,09:59:58.202,53.6300,9
35998202224004,09:59:58.202,53.6300,9
35998202264043,09:59:58.202,53.6300,91
36011046807564,10:00:11.046,53.6200,100
36011047220720,10:00:11.047,53.5900,100
36011047226967,10:00:11.047,53.5800,66
36011047228276,10:00:11.047,53.5800,39
36011047241563,10:00:11.047,53.5800,7
36011047241563,10:00:11.047,53.5800,56
36011047289622,10:00:11.047,53.5800,44
36019182660736,10:00:19.182,53.6200,100
36019182660736,10:00:19.182,53.6200,200
36019182660736,10:00:19.182,53.6200,100
36019182660736,10:00:19.182,53.6200,300
36019182660736,10:00:19.182,53.6200,100
36025595010185,10:00:25.595,53.6500,100
36025595010185,10:00:25.595,53.6500,100
36025595476717,10:00:25.595,53.6600,59
36028890838827,10:00:28.890,53.6500,200
36028890838827,10:00:28.890,53.6600,41
36028891194696,10:00:28.891,53.6600,100
36028891220689,10:00:28.891,53.6500,200
36028891602278,10:00:28.891,53.6600,100
36035025069885,10:00:35.025,53.6650,200
36035025565313,10:00:35.025,53.6700,100
36035025873206,10:00:35.025,53.6700,100
36036073579770,10:00:36.073,53.6700,100
36036410688806,10:00:36.410,53.6750,100
36038181679400,10:00:38.181,53.6800,34
36038181770491,10:00:38.181,53.6800,16
36041701044559,10:00:41.701,53.6700,100
36041701624327,10:00:41.701,53.6600,100
36041701624327,10:00:41.701,53.6600,100
36041702107218,10:00:41.702,53.6500,100
36042702645142,10:00:42.702,53.6600,100
36045028075925,10:00:45.028,53.6700,100
36045028202885,10:00:45.028,53.6700,2
36045028243206,10:00:45.028,53.6700,50
36045028252652,10:00:45.028,53.6700,48
36045966319886,10:00:45.966,53.6800,100
36055215267088,10:00:55.215,53.6800,48
36068506289290,10:01:08.506,53.6700,100
36071173466867,10:01:11.173,53.6900,100
36085795178133,10:01:25.795,53.6700,100
36085795823515,10:01:25.795,53.6700,49
36085795831796,10:01:25.795,53.6700,50
36085795918569,10:01:25.795,53.6700,1
36095549797732,10:01:35.549,53.6900,64
36095549861900,10:01:35.549,53.6900,36
36095549861900,10:01:35.549,53.6900,100
36095833812533,10:01:35.833,53.6900,100
36095833812533,10:01:35.833,53.6900,100
36095852667447,10:01:35.852,53.6900,200
36095887331219,10:01:35.887,53.6900,100
36100533603842,10:01:40.533,53.7100,100
36100533603842,10:01:40.533,53.7100,100
36100533603842,10:01:40.533,53.7100,100
36100533603842,10:01:40.533,53.7100,100
36100533603842,10:01:40.533,53.7100,100
36101360665063,10:01:41.360,53.7100,100
36106271718175,10:01:46.271,53.7200,100
36106271718175,10:01:46.271,53.7200,100
36106272216200,10:01:46.272,53.7200,100
36106272543631,10:01:46.272,53.7200,200
36106272543631,10:01:46.272,53.7300,100
36106272960783,10:01:46.272,53.7200,200
36106686006466,10:01:46.686,53.7300,90
36110399981932,10:01:50.399,53.7200,96
36110399993620,10:01:50.399,53.7200,4
36111272844088,10:01:51.272,53.7200,4
36111272844088,10:01:51.272,53.7200,96
36111272902026,10:01:51.272,53.7200,4
36113749146333,10:01:53.749,53.7300,100
36121272108911,10:02:01.272,53.7300,100
36121272147647,10:02:01.272,53.7300,4
36121272220899,10:02:01.272,53.7300,50
36121272288771,10:02:01.272,53.7300,46
36121272288771,10:02:01.272,53.7300,100
36121272288771,10:02:01.272,53.7300,36
36121273090622,10:02:01.273,53.7300,200
36121291322562,10:02:01.291,53.7300,100
36123940781733,10:02:03.940,53.7400,100
36123940781733,10:02:03.940,53.7400,100
36128293771946,10:02:08.293,53.7500,27
36128293771946,10:02:08.293,53.7500,23
36128293825271,10:02:08.293,53.7500,4
36128293851786,10:02:08.293,53.7500,73
36128293851786,10:02:08.293,53.7500,27
36128294016984,10:02:08.294,53.7500,73
36129625991845,10:02:09.625,53.7500,200
36130562519583,10:02:10.562,53.7600,100
36132953950375,10:02:12.953,53.7700,100
36134723156119,10:02:14.723,53.7700,100
36134723156119,10:02:14.723,53.7500,400
36134723156119,10:02:14.723,53.7500,104
36134723191688,10:02:14.723,53.7500,96
36134723191688,10:02:14.723,53.7500,4
36134724431386,10:02:14.724,53.7400,26
36134724469479,10:02:14.724,53.7300,100
36134724469479,10:02:14.724,53.7300,8
36134724801249,10:02:14.724,53.7300,100
36134724836201,10:02:14.724,53.7300,100
36134725178490,10:02:14.725,53.7300,200
36134725210359,10:02:14.725,53.7300,100
36135073299505,10:02:15.073,53.7250,100
36135073299505,10:02:15.073,53.7200,100
36135073299505,10:02:15.073,53.7200,100
36135073299505,10:02:15.073,53.7200,100
36135073299505,10:02:15.073,53.7200,100
36135073344938,10:02:15.073,53.7200,100
36141860015969,10:02:21.860,53.7200,100
36155634076319,10:02:35.634,53.7100,46
36155634076319,10:02:35.634,53.7100,16
36155634132689,10:02:35.634,53.7100,84
36155635405971,10:02:35.635,53.7000,100
36155636351103,10:02:35.636,53.6900,100
36166648885980,10:02:46.648,53.6800,30
36166649347451,10:02:46.649,53.6800,70
36166650245738,10:02:46.650,53.6900,300
36178636797391,10:02:58.636,53.6500,100
36178636801277,10:02:58.636,53.6500,20
36195708757385,10:03:15.708,53.6300,100
36195708762574,10:03:15.708,53.6300,94
36195708788600,10:03:15.708,53.6300,106
36195708788600,10:03:15.708,53.6300,200
36195708788600,10:03:15.708,53.6300,100
36195708788600,10:03:15.708,53.6300,94
36195709737869,10:03:15.709,53.6300,100
36195709737869,10:03:15.709,53.6300,200
36195713225817,10:03:15.713,53.6200,100
36195716693686,10:03:15.716,53.6300,100
36195725544078,10:03:15.725,53.6300,57
36196305726506,10:03:16.305,53.6300,43
36198727423520,10:03:18.727,53.6250,200
36198727423520,10:03:18.727,53.6200,10
36198727423520,10:03:18.727,53.6200,100
36198727423520,10:03:18.727,53.6200,90
36198727568253,10:03:18.727,53.6200,10
36198727568253,10:03:18.727,53.6200,200
36205024251720,10:03:25.024,53.5800,100
36205025694096,10:03:25.025,53.5700,25
36206691123240,10:03:26.691,53.5600,100
36206710310023,10:03:26.710,53.5600,49
36207192665938,10:03:27.192,53.5500,4
36207195695740,10:03:27.195,53.5500,100
36210046453294,10:03:30.046,53.5700,100
36210046453294,10:03:30.046,53.5700,400
36210047132383,10:03:30.047,53.5800,100
36210096674694,10:03:30.096,53.5800,100
36210096674694,10:03:30.096,53.5800,100
36210291267387,10:03:30.291,53.5900,100
36210291352481,10:03:30.291,53.5900,14
36210291597779,10:03:30.291,53.5900,86
36210521119977,10:03:30.521,53.5950,300
36212544986327,10:03:32.544,53.6000,200
36214878258248,10:03:34.878,53.6250,100
36214878258248,10:03:34.878,53.6250,200
36217573147441,10:03:37.573,53.6300,59
36217573726569,10:03:37.573,53.6300,41
36220502017216,10:03:40.502,53.6250,100
36223433697733,10:03:43.433,53.6400,100
36223433714882,10:03:43.433,53.6400,40
36223433720328,10:03:43.433,53.6400,50
36223433806901,10:03:43.433,53.6400,10
36223434556706,10:03:43.434,53.6600,100
36225065921841,10:03:45.065,53.6650,200
36225066563561,10:03:45.066,53.6650,200
36225069517237,10:03:45.069,53.6700,100
36242365528252,10:04:02.365,53.6800,4
36242367128166,10:04:02.367,53.6700,100
36242367848523,10:04:02.367,53.6600,100
36242367901951,10:04:02.367,53.6600,100
36245190629794,10:04:05.190,53.6500,200
36245190985556,10:04:05.190,53.6400,64
36245190988776,10:04:05.190,53.6400,66
36245190990095,10:04:05.190,53.6400,66
36245191067940,10:04:05.191,53.6400,4
36245191067940,10:04:05.191,53.6400,26
36245191073107,10:04:05.191,53.6300,33
36245267652724,10:04:05.267,53.6300,167
36246291987240,10:04:06.291,53.6100,100
36246291987240,10:04:06.291,53.6100,100
36246291987240,10:04:06.291,53.6100,100
36246291987240,10:04:06.291,53.6100,100
36246291987240,10:04:06.291,53.6000,100
36246291987240,10:04:06.291,53.6000,200
36246291987240,10:04:06.291,53.6000,100
36246291987240,10:04:06.291,53.6000,100
36250891716586,10:04:10.891,53.5700,28
36256650391464,10:04:16.650,53.5700,100
36260867605297,10:04:20.867,53.5600,100
36260867782073,10:04:20.867,53.5600,69
36260867810954,10:04:20.867,53.5600,31
36260867828095,10:04:20.867,53.5600,31
36260867991983,10:04:20.867,53.5600,69
36260867991983,10:04:20.867,53.5600,31
36260868087001,10:04:20.868,53.5600,69
36260868087001,10:04:20.868,53.5600,31
36261503088364,10:04:21.503,53.5600,69
36261503088364,10:04:21.503,53.5600,100
36261503196611,10:04:21.503,53.5600,100
36261668049890,10:04:21.668,53.5600,100
36261669485799,10:04:21.669,53.5600,100
36263275174577,10:04:23.275,53.5500,23
36263275218325,10:04:23.275,53.5500,77
36263275218325,10:04:23.275,53.5500,100
36267189030717,10:04:27.189,53.5200,100
36276359769422,10:04:36.359,53.5250,100
36280526512026,10:04:40.526,53.5100,100
36280526512026,10:04:40.526,53.5100,100
36280526512026,10:04:40.526,53.5100,5
36280526516530,10:04:40.526,53.5100,95
36280526546939,10:04:40.526,53.5100,14
36280545507977,10:04:40.545,53.4800,100
36296710524197,10:04:56.710,53.4800,100
36296710524197,10:04:56.710,53.4800,100
36296711268110,10:04:56.711,53.4700,100
36296711302967,10:04:56.711,53.4700,109
36296711302967,10:04:56.711,53.4700,100
36302827264931,10:05:02.827,53.4400,100
36302827264931,10:05:02.827,53.4400,200
36302827264931,10:05:02.827,53.4300,100
36302827264931,10:05:02.827,53.4200,100
36304139487162,10:05:04.139,53.4400,100
36305025838269,10:05:05.025,53.4600,100
36305025843129,10:05:05.025,53.4600,100
36305026764995,10:05:05.026,53.4700,100
36305026764995,10:05:05.026,53.4700,100
36305333353591,10:05:05.333,53.4600,100
36311010812116,10:05:11.010,53.4600,100
36311562107103,10:05:11.562,53.4700,100
36312172013749,10:05:12.172,53.4600,100
36331655727136,10:05:31.655,53.4700,100
36331655727136,10:05:31.655,53.4700,200
36331655727136,10:05:31.655,53.4700,100
36331655771136,10:05:31.655,53.4700,100
36331655775712,10:05:31.655,53.4700,100
36331656024213,10:05:31.656,53.4800,100
36331657065808,10:05:31.657,53.4900,100
36339288550091,10:05:39.288,53.4850,300
36339288550091,10:05:39.288,53.4900,10
36339288550091,10:05:39.288,53.4900,100
36339288600086,10:05:39.288,53.4900,34
36339288610110,10:05:39.288,53.4900,266
36340325400722,10:05:40.325,53.5000,11
36340325707748,10:05:40.325,53.5000,89
36340325707748,10:05:40.325,53.5000,100
36341085884257,10:05:41.085,53.5050,200
36341085884257,10:05:41.085,53.5050,200
36341255394459,10:05:41.255,53.5200,100
36341275202385,10:05:41.275,53.5200,100
36350030012672,10:05:50.030,53.5200,100
36350530003843,10:05:50.530,53.5200,100
36351030004869,10:05:51.030,53.5200,100
36351770006359,10:05:51.770,53.5200,100
36354374084328,10:05:54.374,53.5200,100
36354374281724,10:05:54.374,53.5200,6
36354374382572,10:05:54.374,53.5300,100
36354374617130,10:05:54.374,53.5300,71
36354374628352,10:05:54.374,53.5300,29
36354668193351,10:05:54.668,53.5400,100
36366469557425,10:06:06.469,53.5800,100
36376495146956,10:06:16.495,53.5700,10
36376495146956,10:06:16.495,53.5700,4
36376495146956,10:06:16.495,53.5700,100
36376495146956,10:06:16.495,53.5700,100
36376495146956,10:06:16.495,53.5700,100
36376496086590,10:06:16.496,53.5600,41
36376524997296,10:06:16.524,53.5600,50
36376525002657,10:06:16.525,53.5600,50
36395565171828,10:06:35.565,53.5500,100
36396065014165,10:06:36.065,53.5450,100
36402556253863,10:06:42.556,53.5300,26
36402556253863,10:06:42.556,53.5300,100
36402556564731,10:06:42.556,53.5100,33
36402556935117,10:06:42.556,53.5100,67
36402556935117,10:06:42.556,53.5100,200
36402557022261,10:06:42.557,53.5200,10
36408231061488,10:06:48.231,53.5000,100
36408231101602,10:06:48.231,53.5000,139
36408231103141,10:06:48.231,53.5000,61
36408231103141,10:06:48.231,53.5000,39
36408231112161,10:06:48.231,53.5000,50
36408231121167,10:06:48.231,53.5000,11
36428702537369,10:07:08.702,53.4700,100
36437845993507,10:07:17.845,53.4700,100
36440497120638,10:07:20.497,53.4700,63
36440497179275,10:07:20.497,53.4700,124
36440796592647,10:07:20.796,53.4600,100
36443773506157,10:07:23.773,53.4600,100
36443773506157,10:07:23.773,53.4600,200
36443773506157,10:07:23.773,53.4600,100
36443773589643,10:07:23.773,53.4500,12
36449847785019,10:07:29.847,53.4400,100
36451066255266,10:07:31.066,53.4300,25
36451066255266,10:07:31.066,53.4300,75
36458503301861,10:07:38.503,53.4000,200
36458503301861,10:07:38.503,53.4000,200
36458503301861,10:07:38.503,53.4000,100
36458503301861,10:07:38.503,53.4000,200
36458504030354,10:07:38.504,53.4100,100
36460471634956,10:07:40.471,53.4200,100
36460471634956,10:07:40.471,53.4200,100
36460471869899,10:07:40.471,53.4200,200
36460472297053,10:07:40.472,53.4200,100
36460472297053,10:07:40.472,53.4300,100
36460472297053,10:07:40.472,53.4300,100
36460472297053,10:07:40.472,53.4300,100
36460472297053,10:07:40.472,53.4300,100
36460472297053,10:07:40.472,53.4300,100
36460472325776,10:07:40.472,53.4300,100
36460472325776,10:07:40.472,53.4300,500
36460472326615,10:07:40.472,53.4300,100
36460472741494,10:07:40.472,53.4300,100
36460473318893,10:07:40.473,53.4100,100
36460610840054,10:07:40.610,53.4400,100
36460610881190,10:07:40.610,53.4400,100
36460616019443,10:07:40.616,53.4300,100
36461596193628,10:07:41.596,53.4500,100
36492899389402,10:08:12.899,53.4600,100
36492899389402,10:08:12.899,53.4700,100
36492899389402,10:08:12.899,53.4700,100
36492899389402,10:08:12.899,53.4700,100
36492899438442,10:08:12.899,53.4700,149
36492899447248,10:08:12.899,53.4700,49
36492899459361,10:08:12.899,53.4700,2
36492899459361,10:08:12.899,53.4700,48
36492899460393,10:08:12.899,53.4700,51
36492899469583,10:08:12.899,53.4700,1
36492899469583,10:08:12.899,53.4700,99
36492899482186,10:08:12.899,53.4700,1
36492920764097,10:08:12.920,53.4750,100
36493042786555,10:08:13.042,53.4700,100
36502571121452,10:08:22.571,53.4700,100
36502575277308,10:08:22.575,53.4500,100
36507675820105,10:08:27.675,53.4500,31
36514984514085,10:08:34.984,53.4400,100
36514984514085,10:08:34.984,53.4400,100
36514984514085,10:08:34.984,53.4400,100
36514984514085,10:08:34.984,53.4400,12
36514984545940,10:08:34.984,53.4400,88
36514984545940,10:08:34.984,53.4400,26
36514988503864,10:08:34.988,53.4200,200
36517935376833,10:08:37.935,53.4100,100
36520499326634,10:08:40.499,53.3900,100
36520499326634,10:08:40.499,53.3900,100
36546859716334,10:09:06.859,53.3600,100
36546860476556,10:09:06.860,53.3600,100
36549179942776,10:09:09.179,53.3500,100
36549179942776,10:09:09.179,53.3500,200
36549179942776,10:09:09.179,53.3500,100
36549179942776,10:09:09.179,53.3500,100
36572109239656,10:09:32.109,53.3500,100
36572109239656,10:09:32.109,53.3500,100
36572109239656,10:09:32.109,53.3500,100
36572109239656,10:09:32.109,53.3500,100
36572109316946,10:09:32.109,53.3500,100
36572109316946,10:09:32.109,53.3500,100
36572109316946,10:09:32.109,53.3500,100
36572109328396,10:09:32.109,53.3500,100
36572109328396,10:09:32.109,53.3500,100
36572109364628,10:09:32.109,53.3500,100
36572109742099,10:09:32.109,53.3600,100
36572109742099,10:09:32.109,53.3600,16
36572109742913,10:09:32.109,53.3600,84
36572109742913,10:09:32.109,53.3600,16
36572109743921,10:09:32.109,53.3600,84
36572113562497,10:09:32.113,53.3700,100
36572113562497,10:09:32.113,53.3700,100
36572113562497,10:09:32.113,53.3700,100
36572113562497,10:09:32.113,53.3700,100
36572113635763,10:09:32.113,53.3700,100
36572113635763,10:09:32.113,53.3700,100
36572113897126,10:09:32.113,53.3700,100
36572114385780,10:09:32.114,53.3800,100
36572400992948,10:09:32.400,53.3800,300
36580029611061,10:09:40.029,53.4100,100
36595709705404,10:09:55.709,53.4100,100
36600258785500,10:10:00.258,53.4200,100
36600258878767,10:10:00.258,53.4200,100
36600260763245,10:10:00.260,53.4200,100
36600260763245,10:10:00.260,53.4300,100
36600367943271,10:10:00.367,53.4200,100
36600620557606,10:10:00.620,53.4300,100
36600620557606,10:10:00.620,53.4300,100
36610274969792,10:10:10.274,53.4300,200
36610274969792,10:10:10.274,53.4400,100
36610275162986,10:10:10.275,53.4400,100
36610275290669,10:10:10.275,53.4400,21
36610275316760,10:10:10.275,53.4400,79
36610276265521,10:10:10.276,53.4500,100
36610276265521,10:10:10.276,53.4500,100
36610512034278,10:10:10.512,53.4550,100
36610512034278,10:10:10.512,53.4550,100
36612524362532,10:10:12.524,53.4550,100
36614517274800,10:10:14.517,53.4500,100
36614517975785,10:10:14.517,53.4400,43
36614518732969,10:10:14.518,53.4400,100
36614519122894,10:10:14.519,53.4300,200
36614522012879,10:10:14.522,53.4100,170
36614522012879,10:10:14.522,53.4100,100
36614522236085,10:10:14.522,53.4100,100
36614522512113,10:10:14.522,53.4200,100
36614523812186,10:10:14.523,53.4100,80
36614524681004,10:10:14.524,53.4000,100
36614524681004,10:10:14.524,53.4000,200
36614525988339,10:10:14.525,53.3900,100
36614525988339,10:10:14.525,53.3900,200
36614525988339,10:10:14.525,53.3900,200
36614526533590,10:10:14.526,53.3800,30
36614526536164,10:10:14.526,53.3800,66
36614526563887,10:10:14.526,53.3800,4
36614526563887,10:10:14.526,53.3800,100
36624083710982,10:10:24.083,53.4000,100
36624083710982,10:10:24.083,53.4000,100
36624083808801,10:10:24.083,53.4000,100
36624083883237,10:10:24.083,53.4000,100
36624083883237,10:10:24.083,53.4000,100
36624083910765,10:10:24.083,53.4000,100
36624084222323,10:10:24.084,53.4000,100
36624084222323,10:10:24.084,53.4000,100
36624087225283,10:10:24.087,53.4000,100
36624099208886,10:10:24.099,53.4000,100
36624099961620,10:10:24.099,53.4000,100
36624270430664,10:10:24.270,53.4000,100
36629216048483,10:10:29.216,53.4000,100
36629216048483,10:10:29.216,53.4000,100
36629216048483,10:10:29.216,53.4000,100
36629216136892,10:10:29.216,53.4000,100
36629216556069,10:10:29.216,53.4000,100
36629218286547,10:10:29.218,53.4000,100
36629218286547,10:10:29.218,53.4000,800
36629241802419,10:10:29.241,53.4000,100
36629868994277,10:10:29.868,53.4000,100
36629869049722,10:10:29.869,53.4000,100
36630517494504,10:10:30.517,53.4100,100
36630517494504,10:10:30.517,53.4100,98
36633809654175,10:10:33.809,53.4100,2
36633809654175,10:10:33.809,53.4100,98
36633810095710,10:10:33.810,53.4100,2
36634716898506,10:10:34.716,53.4200,100
36636899929601,10:10:36.899,53.4200,100
36641910478126,10:10:41.910,53.4400,100
36641911035955,10:10:41.911,53.4400,100
36641911538746,10:10:41.911,53.4500,100
36642209906766,10:10:42.209,53.4450,200
36642209937423,10:10:42.209,53.4500,300
36642209937423,10:10:42.209,53.4500,100
36642212421829,10:10:42.212,53.4500,100
36644718576252,10:10:44.718,53.4500,300
36644718963067,10:10:44.718,53.4500,100
36644719649091,10:10:44.719,53.4600,100
36644719649091,10:10:44.719,53.4600,100
36644719649091,10:10:44.719,53.4600,100
36644727480213,10:10:44.727,53.4600,100
36644727480213,10:10:44.727,53.4600,100
36644728783951,10:10:44.728,53.4500,100
36644888773588,10:10:44.888,53.4550,100
36645023563309,10:10:45.023,53.4500,100
36645023637522,10:10:45.023,53.4500,100
36645833649514,10:10:45.833,53.4400,68
36645834415460,10:10:45.834,53.4300,26
36655047174579,10:10:55.047,53.4300,100
36655330754376,10:10:55.330,53.4200,58
36672327539684,10:11:12.327,53.4500,200
36672335744820,10:11:12.335,53.4500,100
36672335744820,10:11:12.335,53.4400,100
36672335744820,10:11:12.335,53.4400,100
36672337087696,10:11:12.337,53.4300,100
36672337087696,10:11:12.337,53.4300,200
36672337087696,10:11:12.337,53.4300,100
36672338094139,10:11:12.338,53.4200,142
36672338094139,10:11:12.338,53.4200,100
36672338094139,10:11:12.338,53.4200,200
36672338661625,10:11:12.338,53.4100,200
36672338661625,10:11:12.338,53.4100,100
36672338661625,10:11:12.338,53.4100,100
36672338661625,10:11:12.338,53.4100,100
36672339025819,10:11:12.339,53.4100,100
36672341066062,10:11:12.341,53.4100,200
36672341454518,10:11:12.341,53.4100,100
36672341497336,10:11:12.341,53.4100,28
36672341602032,10:11:12.341,53.4100,2
36672835341714,10:11:12.835,53.4000,200
36681027758097,10:11:21.027,53.4000,3
36682878223563,10:11:22.878,53.4100,400
36682878223563,10:11:22.878,53.4100,100
36682878342257,10:11:22.878,53.4100,300
36682878473212,10:11:22.878,53.4100,100
36682878473212,10:11:22.878,53.4000,28
36682878473212,10:11:22.878,53.4000,100
36682878510855,10:11:22.878,53.4000,100
36682878718858,10:11:22.878,53.4100,38
36682878718858,10:11:22.878,53.4100,38
36682886338323,10:11:22.886,53.4100,100
36682886338323,10:11:22.886,53.4100,100
36682886338323,10:11:22.886,53.4100,100
36685600002816,10:11:25.600,53.3900,100
36685600002816,10:11:25.600,53.3900,31
36685600032883,10:11:25.600,53.3900,69
36685600032883,10:11:25.600,53.3900,200
36685600539461,10:11:25.600,53.3800,30
36685600541979,10:11:25.600,53.3800,29
36685600590961,10:11:25.600,53.3800,141
36689057303052,10:11:29.057,53.3900,65
36689057333989,10:11:29.057,53.3900,35
36689171284826,10:11:29.171,53.4100,300
36689171284826,10:11:29.171,53.4100,100
36689171284826,10:11:29.171,53.4100,400
36689171284826,10:11:29.171,53.4100,100
36689172338984,10:11:29.172,53.4200,100
36689173321116,10:11:29.173,53.4200,100
36689175656446,10:11:29.175,53.4200,100
36689177138925,10:11:29.177,53.4100,100
36689177138925,10:11:29.177,53.4100,100
36689177138925,10:11:29.177,53.4100,200
36689177138925,10:11:29.177,53.4100,100
36689191311481,10:11:29.191,53.4100,100
36689191311481,10:11:29.191,53.4100,100
36689191311481,10:11:29.191,53.4100,100
36689191311481,10:11:29.191,53.4100,400
36708663353847,10:11:48.663,53.4200,90
36708663436227,10:11:48.663,53.4200,10
36708663436227,10:11:48.663,53.4200,100
36708663436227,10:11:48.663,53.4200,100
36708666912658,10:11:48.666,53.4300,100
36708666915379,10:11:48.666,53.4300,100
36708672726163,10:11:48.672,53.4300,200
36708898440098,10:11:48.898,53.4350,100
36708898440098,10:11:48.898,53.4350,100
36709129190787,10:11:49.129,53.4400,100
36715025795912,10:11:55.025,53.4500,100
36717650996161,10:11:57.650,53.4650,100
36718607997278,10:11:58.607,53.4650,100
36719107990886,10:11:59.107,53.4650,100
36719608988630,10:11:59.608,53.4650,100
36720071992921,10:12:00.071,53.4600,100
36720072670899,10:12:00.072,53.4500,1
36720072670899,10:12:00.072,53.4500,200
36720072734616,10:12:00.072,53.4500,100
36720075658940,10:12:00.075,53.4400,100
36726345528889,10:12:06.345,53.4500,26
36726345680268,10:12:06.345,53.4500,17
36726346714505,10:12:06.346,53.4500,57
36731631583583,10:12:11.631,53.4600,100
36731631583583,10:12:11.631,53.4600,100
36731631583583,10:12:11.631,53.4700,100
36731631650253,10:12:11.631,53.4700,100
36731631650253,10:12:11.631,53.4700,100
36736074996832,10:12:16.074,53.4650,100
36743226884595,10:12:23.226,53.4500,26
36743227890563,10:12:23.227,53.4400,100
36743227918118,10:12:23.227,53.4400,100
36743227918118,10:12:23.227,53.4400,100
36743228058150,10:12:23.228,53.4500,100
36743228058150,10:12:23.228,53.4500,200
36743228058150,10:12:23.228,53.4500,100
36743228412952,10:12:23.228,53.4500,20
36743842997244,10:12:23.842,53.4500,100
36747592702178,10:12:27.592,53.4400,100
36747592702178,10:12:27.592,53.4400,100
36749092997053,10:12:29.092,53.4500,100
36758731199827,10:12:38.731,53.4500,5
36759088239237,10:12:39.088,53.4600,50
36759088588764,10:12:39.088,53.4600,50
36759088588764,10:12:39.088,53.4600,50
36759088589706,10:12:39.088,53.4600,50
36759089621575,10:12:39.089,53.4700,100
36759089996121,10:12:39.089,53.4700,100
36762817416741,10:12:42.817,53.4800,26
36762843003072,10:12:42.843,53.4750,100
36764158100712,10:12:44.158,53.4600,100
36764158100712,10:12:44.158,53.4600,100
36771172935004,10:12:51.172,53.4650,100
36771172935004,10:12:51.172,53.4500,100
36771172935004,10:12:51.172,53.4500,78
36771172982441,10:12:51.172,53.4500,22
36781745777662,10:13:01.745,53.4300,100
36781746305870,10:13:01.746,53.4000,55
36781746310314,10:13:01.746,53.4000,29
36781746685523,10:13:01.746,53.4000,16
36781746685523,10:13:01.746,53.4000,29
36781746790766,10:13:01.746,53.4000,5
36781746791386,10:13:01.746,53.4000,11
36781748800944,10:13:01.748,53.4300,100
36798560011119,10:13:18.560,53.4300,100
36798560011119,10:13:18.560,53.4300,100
36798560011119,10:13:18.560,53.4300,30
36820024298043,10:13:40.024,53.4400,100
36820024816021,10:13:40.024,53.4450,200
36820024816021,10:13:40.024,53.4450,100
36820024816021,10:13:40.024,53.4450,200
36820024861506,10:13:40.024,53.4500,100
36820025151017,10:13:40.025,53.4500,56
36820025314329,10:13:40.025,53.4500,144
36820025314329,10:13:40.025,53.4500,100
36820025314329,10:13:40.025,53.4500,100
36820025314329,10:13:40.025,53.4500,56
36820026723871,10:13:40.026,53.4550,44
36820026723871,10:13:40.026,53.4550,56
36820995139464,10:13:40.995,53.4400,100
36820995139464,10:13:40.995,53.4400,200
36820995139464,10:13:40.995,53.4400,100
36820996103764,10:13:40.996,53.4400,100
36820996103764,10:13:40.996,53.4400,200
36820996842818,10:13:40.996,53.4200,100
36825072925279,10:13:45.072,53.4100,200
36825072925279,10:13:45.072,53.4100,200
36825073419046,10:13:45.073,53.4000,100
36825073469955,10:13:45.073,53.4000,50
36825073872376,10:13:45.073,53.3900,14
36825073878619,10:13:45.073,53.3900,86
36825073878619,10:13:45.073,53.3900,46
36825073901720,10:13:45.073,53.3900,50
36825073924935,10:13:45.073,53.3900,4
36825073924935,10:13:45.073,53.3900,96
36825073966429,10:13:45.073,53.3900,4
36825073966429,10:13:45.073,53.3900,100
36825073968521,10:13:45.073,53.3900,100
36829906406358,10:13:49.906,53.4100,100
36832046954671,10:13:52.046,53.4300,100
36838196197366,10:13:58.196,53.4400,15
36845877316728,10:14:05.877,53.4400,100
36864528557727,10:14:24.528,53.4100,100
36864528601681,10:14:24.528,53.4100,26
36864528601681,10:14:24.528,53.4100,49
36864528610713,10:14:24.528,53.4100,151
36887664837536,10:14:47.664,53.3700,100
36887665254327,10:14:47.665,53.3700,100
36887665254327,10:14:47.665,53.3700,50
36887665302606,10:14:47.665,53.3700,50
36887665302606,10:14:47.665,53.3700,11
36887676486739,10:14:47.676,53.3600,200
36887676590936,10:14:47.676,53.3600,100
36893875396057,10:14:53.875,53.3300,50
36899961063055,10:14:59.961,53.3100,200
36899961063055,10:14:59.961,53.3100,100
36899961145426,10:14:59.961,53.3100,100
36899961351874,10:14:59.961,53.3200,100
36901752805609,10:15:01.752,53.2800,100
36901752807621,10:15:01.752,53.2800,100
36901753193537,10:15:01.753,53.2800,50
36902647729070,10:15:02.647,53.2800,150
36902647729070,10:15:02.647,53.2800,200
36902647729070,10:15:02.647,53.2800,120
36902648241000,10:15:02.648,53.2800,215
36902648253822,10:15:02.648,53.2800,65
36903587611987,10:15:03.587,53.2800,100
36903588567082,10:15:03.588,53.2800,200
36905024403665,10:15:05.024,53.2900,100
36905024403665,10:15:05.024,53.2900,100
36911778596794,10:15:11.778,53.2500,500
36911778655943,10:15:11.778,53.2500,500
36911778655943,10:15:11.778,53.2500,100
36911778674731,10:15:11.778,53.2500,6
36911778733112,10:15:11.778,53.2500,94
36919582842788,10:15:19.582,53.2300,100
36920305917511,10:15:20.305,53.2300,179
36920305917511,10:15:20.305,53.2200,73
36920306296821,10:15:20.306,53.2200,10
36923192003504,10:15:23.192,53.2200,99
36923192003504,10:15:23.192,53.2200,101
36923192045934,10:15:23.192,53.2200,99
36929744219411,10:15:29.744,53.2100,200
36929744219411,10:15:29.744,53.2100,50
36929744261613,10:15:29.744,53.2100,136
36929744275740,10:15:29.744,53.2100,14
36929744275740,10:15:29.744,53.2100,100
36929744275740,10:15:29.744,53.2100,400
36931777517508,10:15:31.777,53.2000,100
36931780222568,10:15:31.780,53.2000,100
36931839642766,10:15:31.839,53.2100,100
36931839642766,10:15:31.839,53.2100,100
36943929250659,10:15:43.929,53.2300,100
36943929250659,10:15:43.929,53.2300,48
36943929277357,10:15:43.929,53.2300,70
36943929298322,10:15:43.929,53.2300,200
36943929318237,10:15:43.929,53.2300,82
36943929318237,10:15:43.929,53.2300,18
36943929321199,10:15:43.929,53.2300,2
36943929321199,10:15:43.929,53.2300,28
36943929327215,10:15:43.929,53.2300,72
36943930350933,10:15:43.930,53.2400,100
36943930350933,10:15:43.930,53.2400,100
36943930350933,10:15:43.930,53.2400,200
36943930350933,10:15:43.930,53.2400,100
36943930350933,10:15:43.930,53.2400,97
36943930379788,10:15:43.930,53.2400,3
36943930379788,10:15:43.930,53.2400,97
36943930395904,10:15:43.930,53.2400,3
36943930403738,10:15:43.930,53.2400,100
36943930403738,10:15:43.930,53.2400,3
36943930405239,10:15:43.930,53.2400,97
36943931230180,10:15:43.931,53.2500,100
36944062144099,10:15:44.062,53.2400,100
36944171142303,10:15:44.171,53.2600,100
36944177523755,10:15:44.177,53.2600,200
36963312809434,10:16:03.312,53.2700,200
36963313539105,10:16:03.313,53.2800,100
36965700006804,10:16:05.700,53.2800,100
36967033010981,10:16:07.033,53.2850,100
36967183009752,10:16:07.183,53.2850,100
36967183153495,10:16:07.183,53.2850,100
36967183153495,10:16:07.183,53.2800,100
36967319467139,10:16:07.319,53.2850,100
36967461332621,10:16:07.461,53.2900,100
36967462003011,10:16:07.462,53.2950,200
36967462004634,10:16:07.462,53.2950,200
36967462655284,10:16:07.462,53.3000,100
36970479482373,10:16:10.479,53.3200,100
36970479482373,10:16:10.479,53.3200,100
36972076898143,10:16:12.076,53.3400,30
36972077573096,10:16:12.077,53.3450,100
36972077628938,10:16:12.077,53.3500,100
36972270304176,10:16:12.270,53.3800,100
36978454003670,10:16:18.454,53.3900,72
36978454038226,10:16:18.454,53.3900,28
36978454773855,10:16:18.454,53.4100,100
36998413277984,10:16:38.413,53.4300,100
36998413277984,10:16:38.413,53.4400,30
36998413277984,10:16:38.413,53.4400,94
36998413315657,10:16:38.413,53.4400,100
36998414612013,10:16:38.414,53.4500,100
37000769498436,10:16:40.769,53.4500,31
37000769498436,10:16:40.769,53.4500,69
37000769947089,10:16:40.769,53.4500,31
37000770115817,10:16:40.770,53.4400,100
37000771487518,10:16:40.771,53.4200,100
37000913640538,10:16:40.913,53.4450,100
37006902016037,10:16:46.902,53.4450,100
37011124934417,10:16:51.124,53.4300,100
37011124934417,10:16:51.124,53.4300,199
37011124934417,10:16:51.124,53.4300,200
37011124934417,10:16:51.124,53.4300,100
37011125233988,10:16:51.125,53.4400,100
37011125537294,10:16:51.125,53.4300,600
37011694012408,10:16:51.694,53.4200,100
37013105013720,10:16:53.105,53.4450,100
37013605011134,10:16:53.605,53.4450,100
37014105011503,10:16:54.105,53.4450,100
37037079478942,10:17:17.079,53.4400,100
37037080186440,10:17:17.080,53.4500,100
37037080186440,10:17:17.080,53.4500,100
37037080186440,10:17:17.080,53.4500,100
37037080235463,10:17:17.080,53.4500,100
37037080236817,10:17:17.080,53.4500,100
37037080525733,10:17:17.080,53.4500,100
37037082036833,10:17:17.082,53.4550,100
37037082083861,10:17:17.082,53.4600,100
37037082085282,10:17:17.082,53.4600,100
37037082086760,10:17:17.082,53.4600,100
37037082090321,10:17:17.082,53.4600,100
37037376335561,10:17:17.376,53.4500,100
37037376335561,10:17:17.376,53.4500,100
37037376871547,10:17:17.376,53.4300,100
37037376871547,10:17:17.376,53.4300,100
37038879008167,10:17:18.879,53.4350,100
37039234217842,10:17:19.234,53.4350,300
37039234551758,10:17:19.234,53.4350,100
37039234551758,10:17:19.234,53.4200,100
37039234551758,10:17:19.234,53.4200,100
37039234552982,10:17:19.234,53.4200,100
37039234779636,10:17:19.234,53.4100,100
37039235001958,10:17:19.235,53.4100,100
37039603594237,10:17:19.603,53.4100,200
37039605982181,10:17:19.605,53.4200,100
37066556468005,10:17:46.556,53.4200,31
37066556468005,10:17:46.556,53.4200,69
37066556516174,10:17:46.556,53.4200,31
37066556519268,10:17:46.556,53.4300,200
37066562441107,10:17:46.562,53.4100,200
37066562441107,10:17:46.562,53.4100,101
37066562469141,10:17:46.562,53.4100,99
37072424000059,10:17:52.424,53.4000,100
37072809993558,10:17:52.809,53.4000,100
37080476672487,10:18:00.476,53.3800,100
37080496832207,10:18:00.496,53.3800,200
37080496832207,10:18:00.496,53.3800,300
37080496832207,10:18:00.496,53.3700,26
37080496832207,10:18:00.496,53.3700,100
37080497316154,10:18:00.497,53.3700,10
37080497316154,10:18:00.497,53.3700,41
37080497432738,10:18:00.497,53.3700,40
37080565757659,10:18:00.565,53.3700,200
37080566293221,10:18:00.566,53.3800,100
37082036990645,10:18:02.036,53.3800,100
37084828716357,10:18:04.828,53.3800,100
37084828716357,10:18:04.828,53.3800,100
37084828758347,10:18:04.828,53.3800,52
37086196964279,10:18:06.196,53.3700,24
37086196990055,10:18:06.196,53.3700,61
37086197011875,10:18:06.197,53.3750,200
37086197011875,10:18:06.197,53.3700,205
37086197011875,10:18:06.197,53.3700,26
37086197011875,10:18:06.197,53.3700,100
37086197135866,10:18:06.197,53.3700,200
37086794991677,10:18:06.794,53.3600,100
37087383759061,10:18:07.383,53.3500,100
37088492536256,10:18:08.492,53.3400,100
37088492550560,10:18:08.492,53.3300,130
37088492552034,10:18:08.492,53.3300,66
37088492686664,10:18:08.492,53.3550,200
37088492686664,10:18:08.492,53.3300,4
37093001984873,10:18:13.001,53.3250,100
37114002547255,10:18:34.002,53.3100,100
37116476519110,10:18:36.476,53.3100,100
37124058072873,10:18:44.058,53.3000,100
37124058144044,10:18:44.058,53.3000,100
37125926757892,10:18:45.926,53.2900,100
37127087974324,10:18:47.087,53.3000,100
37127587980394,10:18:47.587,53.3000,100
37128895974159,10:18:48.895,53.2950,100
37130003058406,10:18:50.003,53.3200,100
37130003058406,10:18:50.003,53.3200,100
37130003058406,10:18:50.003,53.3200,100
37130003058406,10:18:50.003,53.3200,100
37130003353824,10:18:50.003,53.3200,100
37130003357206,10:18:50.003,53.3200,100
37130003357206,10:18:50.003,53.3200,100
37130003691601,10:18:50.003,53.3200,100
37130003691601,10:18:50.003,53.3200,100
37134918780648,10:18:54.918,53.3100,51
37150742584069,10:19:10.742,53.2900,100
37150742584069,10:19:10.742,53.2900,100
37150742584069,10:19:10.742,53.2900,600
37150742584069,10:19:10.742,53.2900,100
37150743989954,10:19:10.743,53.3000,100
37150743989954,10:19:10.743,53.3000,100
37150743989954,10:19:10.743,53.3000,100
37150744192541,10:19:10.744,53.3000,100
37150744209112,10:19:10.744,53.3000,100
37150778430270,10:19:10.778,53.3100,100
37151474221342,10:19:11.474,53.3200,100
37151475184244,10:19:11.475,53.3250,100
37155963961346,10:19:15.963,53.3200,100
37155963990002,10:19:15.963,53.3200,21
37155964616006,10:19:15.964,53.3100,100
37160260222251,10:19:20.260,53.3300,100
37176399067252,10:19:36.399,53.3400,47
37176399123841,10:19:36.399,53.3400,100
37176399163070,10:19:36.399,53.3400,100
37176399528418,10:19:36.399,53.3400,53
37176399528418,10:19:36.399,53.3400,100
37176399752464,10:19:36.399,53.3400,200
37176400228287,10:19:36.400,53.3500,100
37176674258370,10:19:36.674,53.3500,100
37176674258370,10:19:36.674,53.3500,100
37177931135292,10:19:37.931,53.3500,2
37180188549904,10:19:40.188,53.3600,100
37193215283600,10:19:53.215,53.3900,100
37193764847492,10:19:53.764,53.4100,100
37193764847492,10:19:53.764,53.4100,100
37200648516956,10:20:00.648,53.4000,100
37200649127282,10:20:00.649,53.3900,100
37200649127282,10:20:00.649,53.3900,200
37200649127282,10:20:00.649,53.3900,100
37200649127282,10:20:00.649,53.3900,60
37202629849746,10:20:02.629,53.3800,100
37203549537694,10:20:03.549,53.3800,26
37204043531721,10:20:04.043,53.3800,100
37207687977072,10:20:07.687,53.3900,100
37207687978373,10:20:07.687,53.3900,200
37207688678346,10:20:07.688,53.3900,100
37207688678346,10:20:07.688,53.3900,127
37210186464105,10:20:10.186,53.4000,100
37210500113212,10:20:10.500,53.4100,100
37215643168621,10:20:15.643,53.4300,100
37224877942222,10:20:24.877,53.4600,100
37227179542748,10:20:27.179,53.4650,100
37231690443561,10:20:31.690,53.4650,300
37231690514610,10:20:31.690,53.4650,300
37233052675280,10:20:33.052,53.4650,200
37234244959598,10:20:34.244,53.4600,100
37234244959598,10:20:34.244,53.4600,100
37234244959598,10:20:34.244,53.4600,100
37234247532440,10:20:34.247,53.4400,100
37234247750729,10:20:34.247,53.4400,81
37234247974306,10:20:34.247,53.4400,19
37234247974306,10:20:34.247,53.4400,81
37234248673258,10:20:34.248,53.4400,19
37238871057810,10:20:38.871,53.4600,24
37243317344708,10:20:43.317,53.4600,100
37244205228753,10:20:44.205,53.4600,100
37245395393913,10:20:45.395,53.4600,200
37245395549358,10:20:45.395,53.4600,200
37246490370348,10:20:46.490,53.4500,100
37246490370348,10:20:46.490,53.4500,100
37246490370348,10:20:46.490,53.4500,100
37246490370348,10:20:46.490,53.4500,100
37246491075855,10:20:46.491,53.4400,142
37246491125490,10:20:46.491,53.4400,58
37248287784265,10:20:48.287,53.4400,100
37249744067385,10:20:49.744,53.4400,100
37251677566173,10:20:51.677,53.4400,100
37252957296215,10:20:52.957,53.4400,100
37252957322036,10:20:52.957,53.4400,200
37252957349918,10:20:52.957,53.4400,200
37252970718957,10:20:52.970,53.4400,200
37254701945028,10:20:54.701,53.4300,100
37254702445447,10:20:54.702,53.4300,100
37254702491650,10:20:54.702,53.4200,100
37254702491650,10:20:54.702,53.4200,200
37254707610244,10:20:54.707,53.4100,200
37254709014154,10:20:54.709,53.4000,100
37254709014154,10:20:54.709,53.4000,1
37254709024154,10:20:54.709,53.4000,99
37259878979882,10:20:59.878,53.3900,149
37259879023729,10:20:59.879,53.3900,51
37259879023729,10:20:59.879,53.3900,30
37271272871913,10:21:11.272,53.3600,100
37271272986199,10:21:11.272,53.3600,200
37271273429054,10:21:11.273,53.3600,100
37271273962665,10:21:11.273,53.3600,100
37271285877779,10:21:11.285,53.3600,100
37271303289728,10:21:11.303,53.3700,100
37271303772783,10:21:11.303,53.3700,20
37271304032590,10:21:11.304,53.3800,100
37273127693825,10:21:13.127,53.3700,100
37273298846007,10:21:13.298,53.3750,200
37273299100433,10:21:13.299,53.3700,100
37273299225753,10:21:13.299,53.3700,100
37273508130082,10:21:13.508,53.3600,100
37273508380905,10:21:13.508,53.3600,100
37277451571661,10:21:17.451,53.3400,100
37279406705018,10:21:19.406,53.3500,100
37279406705018,10:21:19.406,53.3500,100
37279406747173,10:21:19.406,53.3500,100
37279407642066,10:21:19.407,53.3600,100
37279407755526,10:21:19.407,53.3600,200
37279408058240,10:21:19.408,53.3600,100
37279408058240,10:21:19.408,53.3600,100
37279408087167,10:21:19.408,53.3700,100
37279408095882,10:21:19.408,53.3700,100
37279408609606,10:21:19.408,53.3700,100
37279408609606,10:21:19.408,53.3800,100
37294102192443,10:21:34.102,53.3900,100
37294106323229,10:21:34.106,53.3800,100
37294242858480,10:21:34.242,53.3700,100
37294242858480,10:21:34.242,53.3700,19
37294242862689,10:21:34.242,53.3700,66
37294242885256,10:21:34.242,53.3700,15
37295625742816,10:21:35.625,53.3600,100
37295625767692,10:21:35.625,53.3600,100
37295625767692,10:21:35.625,53.3600,100
37295625895706,10:21:35.625,53.3500,100
37295625895706,10:21:35.625,53.3500,100
37299758994784,10:21:39.758,53.3600,200
37299758994784,10:21:39.758,53.3600,110
