timestamp,time,price,volume
25998965111791,07:13:18.965,76.0000,1
26091641755939,07:14:51.641,76.0000,99
26091644369030,07:14:51.644,76.0000,184
28360346558076,07:52:40.346,76.8900,100
28360346558076,07:52:40.346,77.0000,100
28817197168148,08:00:17.197,77.3700,99
30224739437437,08:23:44.739,76.0000,3
30273612992579,08:24:33.612,76.8000,100
30309168742287,08:25:09.168,76.8000,30
33202613815698,09:13:22.613,77.3000,4
33426931912710,09:17:06.931,76.2600,100
33596918305559,09:19:56.918,76.0000,1
33623413235151,09:20:23.413,75.7500,100
33641638643985,09:20:41.638,75.8300,50
33641638643985,09:20:41.638,75.7500,100
33751634776222,09:22:31.634,75.5200,300
33806928098558,09:23:26.928,75.2600,100
33806928098558,09:23:26.928,75.2600,15
33806933736747,09:23:26.933,75.2500,11
33816567260964,09:23:36.567,75.2500,100
33833224076725,09:23:53.224,75.2100,50
33833224109343,09:23:53.224,75.2500,24
34200420494344,09:30:00.420,75.6700,100
34200945206061,09:30:00.945,0.0000,0
34307793242139,09:31:47.793,76.7300,100
34307793242139,09:31:47.793,76.8300,100
34307793242139,09:31:47.793,76.8800,50
34307793242139,09:31:47.793,76.9800,8
34307794006471,09:31:47.794,76.9800,100
34307794015929,09:31:47.794,76.9700,200
34307794179742,09:31:47.794,76.9700,100
34307795587818,09:31:47.795,76.6100,80
34307795587818,09:31:47.795,76.5800,20
34307796250017,09:31:47.796,76.3500,100
34307812940749,09:31:47.812,76.5800,100
34307812964993,09:31:47.812,76.5800,343
34307812964993,09:31:47.812,76.5800,30
34307814407257,09:31:47.814,76.2800,100
34307814443840,09:31:47.814,76.2800,100
34307814464047,09:31:47.814,76.2800,100
34307814486434,09:31:47.814,76.2800,100
34307815162744,09:31:47.815,76.2800,43
34337020280565,09:32:17.020,75.6600,13
34337417922058,09:32:17.417,76.0000,1
34338573760825,09:32:18.573,76.0000,100
34340060121484,09:32:20.060,75.8100,3
34340060189623,09:32:20.060,75.8100,100
34342760597672,09:32:22.760,76.0000,100
34342760597672,09:32:22.760,76.0000,300
34342760702072,09:32:22.760,76.0000,100
34342779616345,09:32:22.779,76.0500,100
34351950876382,09:32:31.950,76.1400,4
34351952179525,09:32:31.952,75.8400,100
34351952230351,09:32:31.952,75.6600,100
34351959840534,09:32:31.959,76.1700,2
34357454124379,09:32:37.454,76.1200,1
34358685476271,09:32:38.685,76.0100,2
34358685476271,09:32:38.685,76.0000,98
34358685501697,09:32:38.685,76.0000,102
34358793505780,09:32:38.793,75.6600,767
34358793505780,09:32:38.793,75.6600,3
34358793892959,09:32:38.793,75.6100,100
34358793918003,09:32:38.793,75.6100,100
34358793918003,09:32:38.793,75.6100,100
34358793921734,09:32:38.793,75.6100,200
34358794001021,09:32:38.794,75.6100,100
34358794274741,09:32:38.794,75.6100,100
34358794414676,09:32:38.794,75.6500,31
34358794417137,09:32:38.794,75.6500,69
34358794423626,09:32:38.794,75.6600,69
34358794795039,09:32:38.794,75.6600,5
34358795102166,09:32:38.795,75.6600,26
34358795805083,09:32:38.795,75.6600,26
34358795992188,09:32:38.795,75.6600,10
34361770191022,09:32:41.770,75.6400,100
34361770191022,09:32:41.770,75.6400,100
34361770299104,09:32:41.770,75.6400,100
34361770322109,09:32:41.770,75.6400,100
34361770382030,09:32:41.770,75.6400,100
34361770410780,09:32:41.770,75.6400,100
34361770498236,09:32:41.770,75.6400,100
34361770498236,09:32:41.770,75.6400,100
34361770807730,09:32:41.770,75.6400,50
34361770809255,09:32:41.770,75.6400,50
34361770809255,09:32:41.770,75.6400,50
34361770862709,09:32:41.770,75.6400,50
34361771242762,09:32:41.771,75.6400,69
34361771940762,09:32:41.771,75.6400,31
34361771940762,09:32:41.771,75.6400,69
34361771970100,09:32:41.771,75.6400,31
34361771970100,09:32:41.771,75.6400,100
34361772055618,09:32:41.772,75.6400,100
34361772055618,09:32:41.772,75.6400,100
34361772055618,09:32:41.772,75.6400,100
34361772297506,09:32:41.772,75.6400,100
34361786864144,09:32:41.786,75.6400,100
34361786864144,09:32:41.786,75.6400,100
34362277313408,09:32:42.277,75.6400,100
34370949624332,09:32:50.949,76.0400,3
34370957349167,09:32:50.957,76.0400,2
34376951099596,09:32:56.951,76.0400,3
34387950665788,09:33:07.950,75.9200,3
34387958495887,09:33:07.958,75.9200,2
34395258991532,09:33:15.258,75.3600,100
34395259045574,09:33:15.259,75.2500,100
34395259045574,09:33:15.259,75.2500,3
34395846133837,09:33:15.846,75.2100,100
34395846133837,09:33:15.846,75.2100,3
34395846243403,09:33:15.846,75.2100,100
34404417083395,09:33:24.417,75.1200,8
34412954987666,09:33:32.954,75.4800,3
34417957517560,09:33:37.957,75.4800,4
34417966046676,09:33:37.966,75.4800,2
34423954123579,09:33:43.954,75.4200,3
34423962915200,09:33:43.962,75.4200,2
34425975091474,09:33:45.975,75.2500,50
34437954619358,09:33:57.954,75.2800,4
34439450391519,09:33:59.450,75.0500,500
34439451993677,09:33:59.451,75.0100,30
34439452568503,09:33:59.452,75.0100,100
34439452569904,09:33:59.452,75.0000,50
34439454295952,09:33:59.454,74.9300,100
34439454798378,09:33:59.454,74.7000,26
34439454831570,09:33:59.454,74.6000,574
34441212249218,09:34:01.212,74.8050,100
34442956379966,09:34:02.956,74.9600,4
34442956768143,09:34:02.956,74.9600,25
34448341978783,09:34:08.341,74.9600,3
34451281704050,09:34:11.281,75.0200,38
34451644650036,09:34:11.644,75.0800,7
34451647991286,09:34:11.647,75.0800,93
34451647991286,09:34:11.647,75.0800,7
34451648465593,09:34:11.648,75.0800,100
34454188415338,09:34:14.188,75.1200,40
34454188415338,09:34:14.188,75.1200,100
34454188415338,09:34:14.188,75.0800,10
34454188415338,09:34:14.188,75.0800,10
34454188415338,09:34:14.188,75.0800,10
34454188415338,09:34:14.188,75.0800,10
34454189902758,09:34:14.189,75.0800,100
34454354016760,09:34:14.354,75.0800,100
34454354113196,09:34:14.354,75.0800,20
34454354337167,09:34:14.354,75.0800,80
34459826882862,09:34:19.826,75.3000,3
34459837107423,09:34:19.837,75.3000,2
34470967764465,09:34:30.967,75.1700,3
34470979056645,09:34:30.979,75.1900,2
34482177684696,09:34:42.177,75.0400,10
34487081146940,09:34:47.081,75.1000,71
34487081146940,09:34:47.081,75.1200,29
34487988129824,09:34:47.988,75.1400,4
34488030795165,09:34:48.030,75.1400,3
34490247506132,09:34:50.247,75.1400,93
34490247506132,09:34:50.247,75.1400,100
34490247506132,09:34:50.247,75.1600,100
34490247506132,09:34:50.247,75.1600,7
34490248406057,09:34:50.248,75.1700,100
34490248406057,09:34:50.248,75.1700,100
34490248431344,09:34:50.248,75.1700,100
34490248730736,09:34:50.248,75.1700,10
34490248748685,09:34:50.248,75.1700,90
34490248748685,09:34:50.248,75.1700,10
34490347466469,09:34:50.347,75.1700,90
34494980192787,09:34:54.980,75.1400,3
34494990199284,09:34:54.990,75.1400,3
34500050967819,09:35:00.050,74.8300,10
34500050967819,09:35:00.050,74.8000,3
34500050969339,09:35:00.050,74.8000,10
34500051387062,09:35:00.051,74.8000,100
34519412498063,09:35:19.412,74.4700,98
34519412684512,09:35:19.412,74.4700,2
34519412684512,09:35:19.412,74.4600,100
34519412684512,09:35:19.412,74.4600,1
34519412695221,09:35:19.412,74.4600,2
34519412712844,09:35:19.412,74.4600,2
34519412736166,09:35:19.412,74.4600,2
34519412736784,09:35:19.412,74.4600,5
34519412759153,09:35:19.412,74.4600,3
34519412948427,09:35:19.412,74.4600,88
34519413280241,09:35:19.413,74.3900,100
34519413711906,09:35:19.413,74.4600,100
34519413760590,09:35:19.413,74.4600,100
34526563079923,09:35:26.563,74.6900,3
34526572891781,09:35:26.572,74.5200,2
34536347170079,09:35:36.347,74.2100,100
34556954715849,09:35:56.954,74.3000,3
34556968766125,09:35:56.968,74.3000,2
34562034486956,09:36:02.034,74.2700,3
34562045288963,09:36:02.045,74.2700,2
34563244103898,09:36:03.244,74.0500,100
34573262369703,09:36:13.262,74.1200,100
34573262475519,09:36:13.262,74.1100,100
34573262475519,09:36:13.262,74.1000,3
34573262502623,09:36:13.262,74.1000,97
34573262502623,09:36:13.262,74.1000,3
34573262532450,09:36:13.262,74.1000,100
34580146842421,09:36:20.146,74.1700,2
34580824569423,09:36:20.824,74.1700,88
34580824569423,09:36:20.824,74.1700,12
34585003109480,09:36:25.003,74.1300,3
34585018847470,09:36:25.018,74.1300,2
34585864198367,09:36:25.864,74.1300,10
34593868009278,09:36:33.868,74.1000,85
34593868009278,09:36:33.868,74.1000,15
34593868010128,09:36:33.868,74.1000,73
34593868128433,09:36:33.868,74.1100,100
34595189752755,09:36:35.189,74.1200,100
34595203676841,09:36:35.203,74.1600,3
34595215716534,09:36:35.215,74.1600,4
34595215768747,09:36:35.215,74.1600,93
34597525775242,09:36:37.525,74.2300,83
34599922047667,09:36:39.922,74.2400,43
34599922129109,09:36:39.922,74.2400,100
34599924272905,09:36:39.924,74.2900,100
34600825869955,09:36:40.825,74.2100,100
34616563959937,09:36:56.563,74.2800,100
34621001053174,09:37:01.001,74.4500,3
34622539141179,09:37:02.539,74.4300,52
34623538786461,09:37:03.538,74.4500,52
34623539046346,09:37:03.539,74.4500,45
34623540671745,09:37:03.540,74.3200,100
34623540955191,09:37:03.540,74.3200,100
34626201394505,09:37:06.201,74.5000,176
34626201400131,09:37:06.201,74.5000,24
34627755449886,09:37:07.755,74.7000,100
34629432267824,09:37:09.432,74.3900,50
34629432267824,09:37:09.432,74.3600,100
34629432267824,09:37:09.432,74.3400,3
34629432267824,09:37:09.432,74.3400,77
34629432267824,09:37:09.432,74.3400,420
34629432328657,09:37:09.432,74.3400,100
34636084045532,09:37:16.084,74.6300,100
34636084146335,09:37:16.084,74.6300,100
34636701450743,09:37:16.701,74.7000,100
34636701450743,09:37:16.701,74.6900,100
34636701450743,09:37:16.701,74.6800,50
34636701450743,09:37:16.701,74.6700,100
34636701450743,09:37:16.701,74.6700,100
34636701450743,09:37:16.701,74.6700,50
34636701450743,09:37:16.701,74.6500,90
34636701450743,09:37:16.701,74.6400,100
34647129074026,09:37:27.129,74.9200,100
34647131196701,09:37:27.131,74.9200,500
34647428345042,09:37:27.428,74.9100,50
34647428345042,09:37:27.428,74.9300,50
34647529858574,09:37:27.529,74.9300,100
34655658714172,09:37:35.658,74.9100,3
34655672203519,09:37:35.672,74.9100,2
34660279627616,09:37:40.279,74.9200,100
34664580872790,09:37:44.580,74.6500,100
34669579861206,09:37:49.579,74.6400,50
34669579861206,09:37:49.579,74.6200,50
34669602771577,09:37:49.602,74.6200,20
34669602771577,09:37:49.602,74.6100,80
34695091967269,09:38:15.091,74.6000,100
34695091967269,09:38:15.091,74.5900,100
34695091967269,09:38:15.091,74.5900,100
34695092718762,09:38:15.092,74.5500,100
34695092718762,09:38:15.092,74.5400,93
34695092775573,09:38:15.092,74.5400,7
34695092775573,09:38:15.092,74.5400,93
34695092804796,09:38:15.092,74.5400,7
34695092804796,09:38:15.092,74.5400,100
34695092806386,09:38:15.092,74.5400,100
34695092806386,09:38:15.092,74.5400,7
34695092900612,09:38:15.092,74.5400,100
34695093745533,09:38:15.093,74.5600,100
34695094246973,09:38:15.094,74.5400,100
34695094297767,09:38:15.094,74.5400,100
34695332733372,09:38:15.332,74.5400,100
34695332782068,09:38:15.332,74.5400,100
34696665704860,09:38:16.665,74.6400,100
34704014528921,09:38:24.014,74.7200,3
34704029980383,09:38:24.029,74.7200,2
34715289447549,09:38:35.289,74.6900,3
34717668927358,09:38:37.668,74.5800,100
34730727338551,09:38:50.727,74.7200,50
34733225312387,09:38:53.225,74.7200,100
34737768886881,09:38:57.768,74.8600,100
34737784639927,09:38:57.784,74.9800,3
34737798795671,09:38:57.798,74.9700,2
34739774587449,09:38:59.774,74.9700,100
34743072646545,09:39:03.072,74.9700,3
34744767792712,09:39:04.767,74.9800,2
34748006267917,09:39:08.006,74.9400,4
34748021285643,09:39:08.021,74.9800,2
34752179397742,09:39:12.179,74.9400,100
34752179397742,09:39:12.179,74.9800,96
34752179793507,09:39:12.179,74.9800,1
34753826356621,09:39:13.826,74.9500,3
34753840999724,09:39:13.840,74.9500,2
34754210826606,09:39:14.210,74.9500,95
34754210826606,09:39:14.210,74.9800,5
34754210914110,09:39:14.210,74.9800,94
34754210914110,09:39:14.210,74.9800,100
34754210918696,09:39:14.210,74.9500,100
34754211335298,09:39:14.211,74.9900,100
34754211408971,09:39:14.211,75.0000,100
34754211417069,09:39:14.211,74.9900,100
34754211585223,09:39:14.211,75.0000,81
34754212260274,09:39:14.212,75.0100,100
34759023099917,09:39:19.023,75.2100,3
34764012887335,09:39:24.012,75.2100,1
34780902904504,09:39:40.902,75.0700,100
34804010573477,09:40:04.010,75.0900,100
34812562124703,09:40:12.562,75.0200,100
34822273491557,09:40:22.273,75.4600,100
34849459956876,09:40:49.459,75.2300,45
34849460420802,09:40:49.460,75.2000,100
34867332990647,09:41:07.332,75.1400,50
34867333020803,09:41:07.333,75.1200,50
34870315297690,09:41:10.315,75.2900,20
34870315325831,09:41:10.315,75.2700,100
34870316082010,09:41:10.316,75.2900,69
34871411819219,09:41:11.411,75.4700,100
34880495441280,09:41:20.495,75.2800,100
34880495441280,09:41:20.495,75.2800,200
34880495538771,09:41:20.495,75.3100,100
34880497854529,09:41:20.497,75.2300,50
34880497870922,09:41:20.497,75.2300,100
34880497882214,09:41:20.497,75.2300,150
34880728243174,09:41:20.728,75.2600,100
34880728243174,09:41:20.728,75.2600,100
34880728243174,09:41:20.728,75.2600,100
34880728321937,09:41:20.728,75.2600,100
34880728324906,09:41:20.728,75.2600,100
34884969362418,09:41:24.969,75.2400,100
34896530420134,09:41:36.530,75.3500,50
34900430531238,09:41:40.430,75.1800,100
34900430631484,09:41:40.430,75.1800,100
34900430635306,09:41:40.430,75.1800,100
34900430960190,09:41:40.430,75.1800,100
34900432835850,09:41:40.432,75.1800,100
34900434291173,09:41:40.434,75.1800,100
34912629837463,09:41:52.629,75.0500,50
34912629837463,09:41:52.629,75.0200,50
34912629837463,09:41:52.629,75.0000,200
34912629839506,09:41:52.629,75.0000,100
34912629906513,09:41:52.629,75.0000,100
34912630689738,09:41:52.630,74.9500,100
34912631146518,09:41:52.631,74.9500,90
34912631689018,09:41:52.631,74.9300,9
34951685805973,09:42:31.685,74.6400,60
34951685805973,09:42:31.685,74.6200,40
34975643167432,09:42:55.643,74.6400,5
34983482389915,09:43:03.482,74.7700,40
34983483060883,09:43:03.483,74.7700,11
34983483062146,09:43:03.483,74.7700,100
34983483137578,09:43:03.483,74.7700,100
35028972348576,09:43:48.972,74.5900,160
35028995890019,09:43:48.995,74.5000,2
35029003222806,09:43:49.003,74.4700,100
35029003443847,09:43:49.003,74.4500,100
35029057716386,09:43:49.057,74.4500,100
35029088545751,09:43:49.088,74.4500,1
35029088667153,09:43:49.088,74.4500,99
35029088667153,09:43:49.088,74.4500,1
35029089065991,09:43:49.089,74.4500,31
35029089096768,09:43:49.089,74.4500,69
35029176500911,09:43:49.176,74.4500,99
35063510738052,09:44:23.510,74.5400,100
35063510738052,09:44:23.510,74.6700,50
35063510738052,09:44:23.510,74.7100,50
35124506692742,09:45:24.506,74.1500,300
35124506740487,09:45:24.506,74.1100,100
35124895978217,09:45:24.895,74.0500,100
35124895978217,09:45:24.895,74.0500,100
35124896013985,09:45:24.896,74.0500,57
35124896508214,09:45:24.896,74.0500,100
35124896580191,09:45:24.896,74.0500,100
35124896580191,09:45:24.896,74.0500,100
35124896586376,09:45:24.896,74.0500,43
35124896586376,09:45:24.896,74.0500,57
35124896760461,09:45:24.896,74.0500,43
35124896760461,09:45:24.896,74.0000,15
35124896760461,09:45:24.896,74.0000,10
35126827753822,09:45:26.827,73.8000,70
35129216622879,09:45:29.216,73.8000,100
35134092114820,09:45:34.092,73.7700,100
35134092346979,09:45:34.092,73.7600,100
35134092449649,09:45:34.092,73.7600,100
35134093113363,09:45:34.093,73.7600,100
35134096723047,09:45:34.096,73.8000,100
35134096723047,09:45:34.096,73.8300,100
35134096723047,09:45:34.096,73.8300,50
35134096723047,09:45:34.096,73.8300,50
35153545995888,09:45:53.545,73.8700,100
35153545995888,09:45:53.545,73.8700,100
35153546106926,09:45:53.546,73.8700,100
35153546106926,09:45:53.546,73.8600,110
35153546141502,09:45:53.546,73.8600,100
35154008022150,09:45:54.008,73.8700,100
35177331178433,09:46:17.331,73.6600,3
35177331234301,09:46:17.331,73.6600,97
35177331234301,09:46:17.331,73.6500,3
35177343656211,09:46:17.343,73.6500,100
35188826114973,09:46:28.826,73.6500,100
35188826192840,09:46:28.826,73.6400,100
35188999188060,09:46:28.999,73.5800,100
35188999188060,09:46:28.999,73.5800,100
35188999494228,09:46:28.999,73.6400,100
35188999500298,09:46:28.999,73.5800,100
35188999552183,09:46:28.999,73.5800,100
35188999576967,09:46:28.999,73.5800,15
35188999738682,09:46:28.999,73.5800,2
35189010242014,09:46:29.010,73.6400,100
35204673753281,09:46:44.673,73.5700,10
35204673813401,09:46:44.673,73.5700,90
35219364503897,09:46:59.364,73.4300,100
35219364503897,09:46:59.364,73.4400,100
35219365100372,09:46:59.365,73.4500,100
35219365100372,09:46:59.365,73.4500,100
35282112763640,09:48:02.112,73.3450,100
35282112763640,09:48:02.112,73.4500,100
35287518575730,09:48:07.518,73.2600,100
35287518672081,09:48:07.518,73.2500,15
35287518787753,09:48:07.518,73.2400,10
35287518787753,09:48:07.518,73.2300,90
35287518818094,09:48:07.518,73.2300,10
35287520936453,09:48:07.520,73.2300,2
35287548142335,09:48:07.548,73.0900,100
35287548143024,09:48:07.548,73.0800,100
35287550120727,09:48:07.550,73.0700,100
35287550155143,09:48:07.550,73.0700,100
35287550826807,09:48:07.550,73.0000,10
35287551141274,09:48:07.551,73.0000,15
35287551141274,09:48:07.551,72.9600,11
35287551156704,09:48:07.551,72.9600,89
35287551156704,09:48:07.551,72.9400,11
35287552719054,09:48:07.552,73.0400,100
35287555081724,09:48:07.555,73.0000,100
35287556056856,09:48:07.556,73.0400,10
35287557937829,09:48:07.557,73.0400,2
35287644274814,09:48:07.644,72.9400,15
35287644836921,09:48:07.644,73.0300,100
35287644953307,09:48:07.644,72.9400,100
35287645398633,09:48:07.645,72.9400,8
35287645411612,09:48:07.645,72.9400,8
35287645843758,09:48:07.645,72.9400,92
35287645843758,09:48:07.645,72.9000,49
35287646427098,09:48:07.646,72.9000,51
35287646983691,09:48:07.646,72.9400,10
35287646983691,09:48:07.646,72.9600,100
35287646983691,09:48:07.646,72.9800,41
35287646983691,09:48:07.646,72.9900,100
35287647795494,09:48:07.647,73.0400,100
35287648451508,09:48:07.648,73.0800,100
35287648451508,09:48:07.648,73.0800,100
35287649011293,09:48:07.649,73.1200,100
35287651295150,09:48:07.651,73.0800,44
35287651504697,09:48:07.651,73.0800,56
35287651609686,09:48:07.651,73.0300,100
35287652641918,09:48:07.652,73.1000,100
35318538536325,09:48:38.538,73.2000,100
35318538591294,09:48:38.538,73.2100,100
35318538620607,09:48:38.538,73.2100,100
35318538725201,09:48:38.538,73.2200,100
35318538759517,09:48:38.538,73.2100,100
35318538759517,09:48:38.538,73.2000,8
35318538785747,09:48:38.538,73.2000,8
35318538814012,09:48:38.538,73.2000,92
35347700391411,09:49:07.700,73.1300,100
35347700391411,09:49:07.700,73.1200,100
35347700391411,09:49:07.700,73.1100,100
35347700623893,09:49:07.700,73.1100,88
35347700632303,09:49:07.700,73.1100,112
35355634567396,09:49:15.634,72.9900,100
35357324009854,09:49:17.324,72.9800,100
35387929878272,09:49:47.929,72.7200,30
35388416531728,09:49:48.416,72.7100,100
35405370755704,09:50:05.370,72.5700,100
35416058361253,09:50:16.058,72.5700,100
35421925093230,09:50:21.925,72.5600,100
35421925176991,09:50:21.925,72.5600,100
35421925176991,09:50:21.925,72.5600,100
35421925247878,09:50:21.925,72.5500,100
35421925274218,09:50:21.925,72.5500,100
35421927711215,09:50:21.927,72.5600,100
35421935265706,09:50:21.935,72.5500,63
35421935268778,09:50:21.935,72.5500,37
35421949824168,09:50:21.949,72.4200,100
35421949824168,09:50:21.949,72.4100,100
35421949824168,09:50:21.949,72.4100,100
35421949824168,09:50:21.949,72.4100,100
35421951385980,09:50:21.951,72.2600,100
35421951385980,09:50:21.951,72.2500,26
35421952014851,09:50:21.952,72.2400,100
35421952014851,09:50:21.952,72.2400,100
35421952014851,09:50:21.952,72.2300,100
35421952014851,09:50:21.952,72.2300,94
35422864548724,09:50:22.864,72.5000,100
35422864548724,09:50:22.864,72.5000,100
35422864615533,09:50:22.864,72.5000,100
35422865125231,09:50:22.865,72.5600,100
35422866437528,09:50:22.866,72.5500,98
35422866746553,09:50:22.866,72.5500,2
35439354565075,09:50:39.354,72.5300,100
35439355169775,09:50:39.355,72.6000,100
35449338967560,09:50:49.338,72.4000,100
35449338967560,09:50:49.338,72.4000,150
35449339266190,09:50:49.339,72.4000,100
35449339383493,09:50:49.339,72.4100,100
35450247813121,09:50:50.247,72.3700,50
35450247813121,09:50:50.247,72.4100,50
35450248070752,09:50:50.248,72.4100,50
35450248070752,09:50:50.248,72.4200,50
35450248120181,09:50:50.248,72.4200,50
35450249927414,09:50:50.249,72.4300,100
35450249952243,09:50:50.249,72.4200,100
35451886718781,09:50:51.886,72.4200,100
35451887217363,09:50:51.887,72.4200,100
35451888484218,09:50:51.888,72.4200,100
35466366108767,09:51:06.366,72.4800,100
35466366108767,09:51:06.366,72.4900,100
35466366754025,09:51:06.366,72.5000,48
35466366760323,09:51:06.366,72.5000,52
35490088470725,09:51:30.088,72.4100,100
35492299597293,09:51:32.299,72.4100,300
35493216706986,09:51:33.216,72.4100,100
35496279699062,09:51:36.279,72.4100,100
35496333040692,09:51:36.333,72.4100,100
35496333855094,09:51:36.333,72.4100,100
35496354514087,09:51:36.354,72.4100,100
35501912353823,09:51:41.912,72.4100,100
35501912640079,09:51:41.912,72.3500,100
35501912714279,09:51:41.912,72.3500,100
35501912951532,09:51:41.912,72.3500,100
35501913009058,09:51:41.913,72.3500,23
35501959441626,09:51:41.959,72.3500,37
35506364974897,09:51:46.364,72.3500,100
35506367440011,09:51:46.367,72.3500,100
35506367440011,09:51:46.367,72.3500,100
35506367440011,09:51:46.367,72.3500,100
35527030219354,09:52:07.030,72.3600,100
35527030561438,09:52:07.030,72.3600,100
35527030562631,09:52:07.030,72.3600,100
35527030568301,09:52:07.030,72.3500,100
35527030666808,09:52:07.030,72.3500,100
35527030688680,09:52:07.030,72.3500,52
35527030690314,09:52:07.030,72.3500,48
35527030925082,09:52:07.030,72.2900,26
35527030928823,09:52:07.030,72.2900,74
35527031010623,09:52:07.031,72.3000,40
35527031010623,09:52:07.031,72.2900,60
35527031267632,09:52:07.031,72.2900,88
35527031339201,09:52:07.031,72.2800,100
35527033002226,09:52:07.033,72.2700,100
35527036520549,09:52:07.036,72.2100,1
35527036520549,09:52:07.036,72.1400,22
35527040405408,09:52:07.040,72.1400,78
35527040405408,09:52:07.040,72.1400,22
35527040715454,09:52:07.040,72.1400,78
35527049742888,09:52:07.049,72.1400,100
35570391498420,09:52:50.391,72.1800,300
35570391568121,09:52:50.391,72.1800,100
35570391971582,09:52:50.391,72.1900,100
35570393401170,09:52:50.393,72.1800,100
35570393401170,09:52:50.393,72.1800,100
35576671230174,09:52:56.671,72.1900,11
35576671477191,09:52:56.671,72.1200,100
35576671483340,09:52:56.671,72.1200,50
35576671483340,09:52:56.671,72.1100,34
35576673313518,09:52:56.673,72.1200,5
35583175943244,09:53:03.175,72.3000,44
35588829682302,09:53:08.829,72.1900,95
35588829765340,09:53:08.829,72.1900,100
35588830102515,09:53:08.830,72.1900,100
35588830103949,09:53:08.830,72.1800,400
35588830443487,09:53:08.830,72.1900,1
35596059197954,09:53:16.059,72.1700,100
35596059288661,09:53:16.059,72.1700,100
35600170338020,09:53:20.170,72.3000,100
35620653760295,09:53:40.653,72.2500,100
35620653761000,09:53:40.653,72.2500,100
35620653796314,09:53:40.653,72.2500,100
35630066597230,09:53:50.066,72.2800,100
35653746054731,09:54:13.746,72.2400,100
35662378236170,09:54:22.378,72.1900,100
35666894317006,09:54:26.894,72.1900,6
35669274936861,09:54:29.274,72.1800,100
35669274995406,09:54:29.274,72.1800,100
35669275440522,09:54:29.275,72.1800,50
35669295010627,09:54:29.295,72.1700,98
35669304832459,09:54:29.304,72.1400,100
35669476403023,09:54:29.476,72.1400,100
35669476703179,09:54:29.476,72.1800,100
35675342358895,09:54:35.342,72.2900,100
35675342423349,09:54:35.342,72.2900,48
35675342441924,09:54:35.342,72.2900,52
35699368492914,09:54:59.368,72.2900,97
35702290400323,09:55:02.290,72.3700,100
35702290503695,09:55:02.290,72.3600,100
35709419924254,09:55:09.419,72.3900,7
35709735427190,09:55:09.735,72.4600,100
35709846485022,09:55:09.846,72.4800,100
35709846585390,09:55:09.846,72.3800,50
35709846585390,09:55:09.846,72.3800,50
35710142731683,09:55:10.142,72.3600,50
35710142731683,09:55:10.142,72.3600,50
35713679191649,09:55:13.679,72.4700,10
35752613633366,09:55:52.613,72.3200,10
35752839328343,09:55:52.839,72.2600,169
35752839360681,09:55:52.839,72.2600,100
35752839363194,09:55:52.839,72.2600,100
35752839546741,09:55:52.839,72.2600,31
35752839546741,09:55:52.839,72.2500,69
35752839575405,09:55:52.839,72.2500,31
35775922523540,09:56:15.922,72.1800,100
35775924296513,09:56:15.924,72.1700,100
35775932575491,09:56:15.932,72.1000,100
35775932575491,09:56:15.932,72.1000,100
35775932872128,09:56:15.932,72.1000,96
35775932874631,09:56:15.932,72.1000,4
35775932992492,09:56:15.932,72.1000,100
35775933025382,09:56:15.933,72.1000,100
35775933028815,09:56:15.933,72.1000,21
35775933166229,09:56:15.933,72.1000,4
35775933170314,09:56:15.933,72.1000,75
35784131293290,09:56:24.131,71.9900,20
35784131293290,09:56:24.131,71.9900,100
35799558507478,09:56:39.558,71.8200,2
35802372684547,09:56:42.372,71.7800,100
35812801114393,09:56:52.801,71.6600,100
35819467932757,09:56:59.467,71.6900,170
35819467932757,09:56:59.467,71.7000,24
35819467958833,09:56:59.467,71.7000,73
35819467958833,09:56:59.467,71.7000,97
35819467958833,09:56:59.467,71.7000,10
35819467989763,09:56:59.467,71.7000,100
35819469701551,09:56:59.469,71.6500,8
35842448614222,09:57:22.448,71.6500,92
35842448614222,09:57:22.448,71.6500,100
35842448614222,09:57:22.448,71.6500,100
35850618740922,09:57:30.618,71.7200,50
35850618740922,09:57:30.618,71.7200,50
35850618794409,09:57:30.618,71.7200,75
35850618794409,09:57:30.618,71.7400,25
35850618811478,09:57:30.618,71.7400,75
35850618811478,09:57:30.618,71.7400,25
35850618812278,09:57:30.618,71.7400,75
35850618939421,09:57:30.618,71.7400,100
35850620022185,09:57:30.620,71.7500,100
35850653535974,09:57:30.653,71.7500,100
35852983679919,09:57:32.983,71.8300,55
35852983703823,09:57:32.983,71.8300,45
35852984324309,09:57:32.984,71.8900,24
35852984736771,09:57:32.984,71.8400,100
35852984736771,09:57:32.984,71.8400,12
35852984736771,09:57:32.984,71.8400,12
35863490639172,09:57:43.490,71.8900,100
35886886708082,09:58:06.886,71.8000,100
35886886708082,09:58:06.886,71.8000,100
35886886708082,09:58:06.886,71.8000,50
35886886812594,09:58:06.886,71.8100,100
35902112128160,09:58:22.112,71.6900,100
35902112128160,09:58:22.112,71.6900,100
35902112128160,09:58:22.112,71.6700,100
35902112128160,09:58:22.112,71.6700,100
35902112562715,09:58:22.112,71.6800,100
35939917360603,09:58:59.917,71.5900,100
35943970889007,09:59:03.970,71.5800,17
35943970918784,09:59:03.970,71.5800,83
35943970918784,09:59:03.970,71.5800,17
35943971584472,09:59:03.971,71.5800,100
35943971916553,09:59:03.971,71.5800,50
35943972602705,09:59:03.972,71.5300,91
35943972661882,09:59:03.972,71.5300,9
35943972661882,09:59:03.972,71.5300,25
35943973508183,09:59:03.973,71.5300,100
35945595057455,09:59:05.595,71.6600,100
35949029269615,09:59:09.029,71.6700,50
35949029269615,09:59:09.029,71.6800,100
35949029269615,09:59:09.029,71.6800,100
35949029269615,09:59:09.029,71.6800,50
35949029272104,09:59:09.029,71.6800,50
35949029428377,09:59:09.029,71.6800,100
35949029452614,09:59:09.029,71.6700,50
35949029688066,09:59:09.029,71.7000,100
35949031017274,09:59:09.031,71.7000,100
35949035588708,09:59:09.035,71.7000,100
35949122042507,09:59:09.122,71.6800,165
35949323410866,09:59:09.323,71.6800,135
35949323485482,09:59:09.323,71.6800,100
35965281234177,09:59:25.281,71.6600,100
35965281911140,09:59:25.281,71.6600,100
35997155903859,09:59:57.155,71.6200,100
35997155903859,09:59:57.155,71.5900,100
35997155903859,09:59:57.155,71.5900,63
36015021326526,10:00:15.021,71.7000,56
36015021326526,10:00:15.021,71.7000,44
36015021352372,10:00:15.021,71.7000,12
36015021419935,10:00:15.021,71.6400,100
36015021419935,10:00:15.021,71.6200,100
36017428028971,10:00:17.428,71.7000,100
36017428511412,10:00:17.428,71.7000,100
36017428513496,10:00:17.428,71.7000,100
36017428606464,10:00:17.428,71.5900,100
36017428606464,10:00:17.428,71.5900,100
36017429856978,10:00:17.429,71.6000,100
36017483808234,10:00:17.483,71.5400,100
36035990553241,10:00:35.990,71.6900,100
36035991069484,10:00:35.991,71.6900,100
36042697416342,10:00:42.697,71.7000,10
36042697416342,10:00:42.697,71.7000,100
36042697416342,10:00:42.697,71.7000,100
36042697593733,10:00:42.697,71.7000,100
36042698006265,10:00:42.698,71.7500,100
36042698125350,10:00:42.698,71.7000,100
36042733753832,10:00:42.733,71.7000,10
36042733753832,10:00:42.733,71.7000,10
36042733753832,10:00:42.733,71.7000,8
36052924681968,10:00:52.924,71.7900,100
36052924806360,10:00:52.924,71.7900,100
36052925180164,10:00:52.925,71.8000,90
36052925187000,10:00:52.925,71.8000,10
36054108189828,10:00:54.108,71.7900,100
36054108316449,10:00:54.108,71.7900,100
36060023603341,10:01:00.023,71.8500,59
36060023968179,10:01:00.023,71.8700,100
36060028880394,10:01:00.028,71.9200,100
36060028984320,10:01:00.028,71.9200,100
36060063046044,10:01:00.063,71.9100,50
36060063074373,10:01:00.063,71.9100,50
36103471851231,10:01:43.471,72.0800,100
36103471852789,10:01:43.471,72.0800,5
36103480982319,10:01:43.480,72.0400,37
36104361797785,10:01:44.361,72.0800,37
36144127768421,10:02:24.127,72.0500,100
36144127858100,10:02:24.127,72.0400,100
36144127936378,10:02:24.127,72.0300,100
36144128227139,10:02:24.128,72.0500,100
36144128234411,10:02:24.128,72.0500,100
36144128283475,10:02:24.128,72.0600,100
36150777805341,10:02:30.777,72.0000,100
36150777805341,10:02:30.777,72.0000,100
36150777805341,10:02:30.777,72.0000,100
36150777805341,10:02:30.777,72.0000,100
36150777805341,10:02:30.777,72.0000,100
36150777930716,10:02:30.777,72.0000,100
36150777930716,10:02:30.777,72.0000,100
36150778313685,10:02:30.778,72.0000,100
36150778313685,10:02:30.778,72.0000,100
36150778313685,10:02:30.778,72.0000,100
36150778314786,10:02:30.778,72.0000,100
36150778346362,10:02:30.778,72.0000,100
36150778366756,10:02:30.778,72.0000,23
36150778375924,10:02:30.778,72.0000,77
36150793677135,10:02:30.793,71.9600,100
36150807107114,10:02:30.807,71.9300,100
36153558073362,10:02:33.558,71.9700,178
36153558593709,10:02:33.558,71.9700,100
36155047768618,10:02:35.047,71.9700,100
36161106117021,10:02:41.106,71.9500,100
36161106182783,10:02:41.106,71.9500,100
36161106208140,10:02:41.106,71.9500,100
36161106225642,10:02:41.106,71.9500,100
36161106251070,10:02:41.106,71.9500,100
36161106399353,10:02:41.106,71.9500,100
36161106655204,10:02:41.106,71.9500,65
36161106655204,10:02:41.106,71.9200,35
36161106776577,10:02:41.106,71.9200,65
36161106832138,10:02:41.106,71.9000,100
36161107477360,10:02:41.107,71.8800,100
36161108165217,10:02:41.108,71.8800,100
36161108852668,10:02:41.108,71.8700,80
36161108917856,10:02:41.108,71.8700,20
36163373928904,10:02:43.373,71.8300,2
36166690571563,10:02:46.690,71.8300,100
36166691022288,10:02:46.691,71.8300,100
36166692374658,10:02:46.692,71.8200,98
36166710824339,10:02:46.710,71.8100,50
36166710858463,10:02:46.710,71.8100,48
36166748536753,10:02:46.748,71.7800,100
36166748593892,10:02:46.748,71.7700,100
36179784742124,10:02:59.784,71.8100,100
36179784742124,10:02:59.784,71.8100,47
36179784742124,10:02:59.784,71.8100,47
36179784742124,10:02:59.784,71.8100,53
36179784742124,10:02:59.784,71.8100,53
36179784831407,10:02:59.784,71.8100,100
36180970910029,10:03:00.970,71.8400,100
36180970936108,10:03:00.970,71.8400,100
36181409980346,10:03:01.409,71.9000,22
36213892745145,10:03:33.892,71.8800,100
36213893244105,10:03:33.893,71.8800,100
36231926308395,10:03:51.926,71.8100,100
36231926308395,10:03:51.926,71.8100,100
36231926773062,10:03:51.926,71.8000,1
36231926802770,10:03:51.926,71.8000,99
36231927414665,10:03:51.927,71.7900,92
36231927808742,10:03:51.927,71.7900,8
36233034443388,10:03:53.034,71.7600,50
36247993757295,10:04:07.993,71.7600,100
36247993757295,10:04:07.993,71.7600,50
36247993757295,10:04:07.993,71.7500,100
36247993757295,10:04:07.993,71.7500,32
36247995029662,10:04:07.995,71.7400,18
36248000503963,10:04:08.000,71.7400,82
36253711933289,10:04:13.711,71.6800,2
36253751067552,10:04:13.751,71.6800,98
36253751067552,10:04:13.751,71.6800,10
36253751112236,10:04:13.751,71.6800,90
36253752114249,10:04:13.752,71.6600,100
36253752393156,10:04:13.752,71.6500,1
36253798223548,10:04:13.798,71.6300,1
36269020515794,10:04:29.020,71.7100,100
36269020515794,10:04:29.020,71.7300,13
36269021033153,10:04:29.021,71.7300,9
36269021033153,10:04:29.021,71.7300,100
36269021033153,10:04:29.021,71.7300,100
36269021033153,10:04:29.021,71.7300,100
36269021189422,10:04:29.021,71.7300,100
36305257303837,10:05:05.257,71.7500,100
36305257303837,10:05:05.257,71.7700,10
36305257329345,10:05:05.257,71.7700,100
36305257359112,10:05:05.257,71.7700,50
36305257359112,10:05:05.257,71.7700,10
36305257359112,10:05:05.257,71.7700,40
36305257664786,10:05:05.257,71.7700,100
36335740494967,10:05:35.740,71.7900,100
36335741481482,10:05:35.741,71.7900,100
36336210107170,10:05:36.210,71.8000,100
36346804122057,10:05:46.804,71.7800,100
36346804122057,10:05:46.804,71.7800,100
36346804122057,10:05:46.804,71.7800,10
36346804152116,10:05:46.804,71.7800,90
36346804188985,10:05:46.804,71.7800,36
36346804223543,10:05:46.804,71.7800,64
36346804223543,10:05:46.804,71.7800,36
36346804403944,10:05:46.804,71.7800,100
36346804403944,10:05:46.804,71.7800,22
36346804455716,10:05:46.804,71.7800,100
36346804456205,10:05:46.804,71.7800,100
36346804502283,10:05:46.804,71.7800,27
36346804565822,10:05:46.804,71.7800,15
36346804573723,10:05:46.804,71.7700,100
36346804905261,10:05:46.804,71.7700,2
36346805719958,10:05:46.805,71.7700,198
36346812840019,10:05:46.812,71.7700,2
36346812840019,10:05:46.812,71.7700,10
36346812840019,10:05:46.812,71.7700,10
36352673684497,10:05:52.673,71.7700,100
36352673684497,10:05:52.673,71.7600,100
36352674249835,10:05:52.674,71.7500,100
36352674249835,10:05:52.674,71.7500,100
36437032165002,10:07:17.032,71.7900,100
36437032165002,10:07:17.032,71.8000,100
36437032165002,10:07:17.032,71.8000,100
36437032165002,10:07:17.032,71.8000,100
36437032192390,10:07:17.032,71.8000,100
36437032950325,10:07:17.032,71.8200,100
36437033625085,10:07:17.033,71.8400,100
36442201614007,10:07:22.201,71.7900,100
36442201614007,10:07:22.201,71.7900,200
36442201614007,10:07:22.201,71.7900,100
36442201614007,10:07:22.201,71.7900,800
36442204265191,10:07:22.204,71.7600,100
36448322430124,10:07:28.322,71.8200,50
36448322430124,10:07:28.322,71.8200,50
36486209824315,10:08:06.209,71.8100,200
36486210134418,10:08:06.210,71.8200,100
36486210665601,10:08:06.210,71.8200,100
36486211427063,10:08:06.211,71.8300,100
36486211475117,10:08:06.211,71.8300,10
36486211475117,10:08:06.211,71.8300,90
36486211914819,10:08:06.211,71.8300,10
36486211914819,10:08:06.211,71.8300,10
36486213705640,10:08:06.213,71.8300,12
36486214397514,10:08:06.214,71.8600,100
36487500545789,10:08:07.500,71.8900,100
36487500545789,10:08:07.500,71.8900,100
36487500977507,10:08:07.500,71.9000,100
36487501019597,10:08:07.501,71.8900,100
36487501945647,10:08:07.501,71.9100,10
36487506165607,10:08:07.506,71.9100,99
36489013706168,10:08:09.013,71.9500,100
36489014973396,10:08:09.014,71.9500,100
36489014990300,10:08:09.014,71.9500,100
36495804562847,10:08:15.804,72.0600,100
36495804615826,10:08:15.804,72.0600,100
36495804776528,10:08:15.804,72.0700,100
36499826106279,10:08:19.826,72.1500,100
36499826158415,10:08:19.826,72.1600,100
36499826328577,10:08:19.826,72.1600,100
36499827130388,10:08:19.827,72.1600,100
36501860989503,10:08:21.860,72.2500,100
36501861042058,10:08:21.861,72.2600,100
36505886505551,10:08:25.886,72.3900,67
36516396619226,10:08:36.396,72.6000,50
36516396619226,10:08:36.396,72.6000,100
36516396619226,10:08:36.396,72.6200,79
36516396646162,10:08:36.396,72.6100,100
36516396646162,10:08:36.396,72.6200,189
36516396679165,10:08:36.396,72.6000,100
36516396679165,10:08:36.396,72.6200,32
36516396679165,10:08:36.396,72.6200,68
36516396679165,10:08:36.396,72.6200,89
36516396994713,10:08:36.396,72.5400,100
36516397316141,10:08:36.397,72.5300,20
36516397325195,10:08:36.397,72.5300,70
36516399203265,10:08:36.399,72.6200,20
36516399203265,10:08:36.399,72.6200,70
36516399203265,10:08:36.399,72.6200,10
36517820431712,10:08:37.820,72.4400,100
36529001147096,10:08:49.001,72.3700,100
36529001147096,10:08:49.001,72.3600,200
36535604317008,10:08:55.604,72.3600,100
36535604371841,10:08:55.604,72.3600,100
36535604650764,10:08:55.604,72.3500,100
36535606565298,10:08:55.606,72.3000,100
36535606985493,10:08:55.606,72.3000,100
36535614403390,10:08:55.614,72.2900,100
36535614939401,10:08:55.614,72.2800,100
36535615536838,10:08:55.615,72.2800,100
36554611991836,10:09:14.611,72.2100,50
36554617607534,10:09:14.617,72.2000,45
36554617607534,10:09:14.617,72.2000,100
36555228962847,10:09:15.228,72.1100,100
36555229997401,10:09:15.229,72.1000,100
36570037725460,10:09:30.037,72.0900,100
36571199303348,10:09:31.199,72.0300,100
36624460341717,10:10:24.460,72.1400,100
36624460341717,10:10:24.460,72.1600,10
36624460341717,10:10:24.460,72.1600,100
36624460341717,10:10:24.460,72.1600,100
36624460341717,10:10:24.460,72.1600,22
36624460341717,10:10:24.460,72.1600,68
36624460417563,10:10:24.460,72.1600,32
36624460578084,10:10:24.460,72.1600,100
36624460763265,10:10:24.460,72.1700,100
36624460814575,10:10:24.460,72.1700,80
36624460817309,10:10:24.460,72.1700,20
36651304221810,10:10:51.304,72.2100,100
36672221939344,10:11:12.221,72.2100,100
36672221939344,10:11:12.221,72.2100,100
36672226296499,10:11:12.226,72.2700,100
36674007690324,10:11:14.007,72.3100,100
36674007717540,10:11:14.007,72.3100,20
36678710472297,10:11:18.710,72.2700,100
36688866352565,10:11:28.866,72.3500,100
36689403644568,10:11:29.403,72.3500,100
36689404395330,10:11:29.404,72.3500,64
36689404395330,10:11:29.404,72.3500,36
36689404637026,10:11:29.404,72.3500,28
36689602678327,10:11:29.602,72.4200,100
36689733199635,10:11:29.733,72.4600,100
36689763768080,10:11:29.763,72.4200,100
36710300524814,10:11:50.300,72.6000,168
36719151463562,10:11:59.151,72.6000,100
36719151574597,10:11:59.151,72.6000,100
36719152112047,10:11:59.152,72.5300,100
36720978522835,10:12:00.978,72.5200,49
36720978547022,10:12:00.978,72.5200,51
36720979725021,10:12:00.979,72.4800,100
36720989543230,10:12:00.989,72.4800,100
36721007534669,10:12:01.007,72.4800,100
36721034740809,10:12:01.034,72.4500,100
36721054093335,10:12:01.054,72.4900,100
36721361809265,10:12:01.361,72.5000,91
36721361809265,10:12:01.361,72.5000,9
36738294191286,10:12:18.294,72.4500,100
36738294191286,10:12:18.294,72.4500,40
36741524918223,10:12:21.524,72.4500,100
36741729031530,10:12:21.729,72.5100,300
36793549654027,10:13:13.549,72.5000,290
36793549763345,10:13:13.549,72.5000,10
36793549763345,10:13:13.549,72.5500,100
36793549763345,10:13:13.549,72.5500,105
36793549763345,10:13:13.549,72.5500,12
36793549765689,10:13:13.549,72.5500,10
36793549765689,10:13:13.549,72.5500,100
36793550297311,10:13:13.550,72.5600,100
36793550864033,10:13:13.550,72.5500,100
36793553195631,10:13:13.553,72.5100,100
36793602743294,10:13:13.602,72.5300,27
36795285430103,10:13:15.285,72.4300,65
36799742913237,10:13:19.742,72.5400,70
36799742913237,10:13:19.742,72.5400,200
36799742913237,10:13:19.742,72.5400,100
36799742913237,10:13:19.742,72.5400,30
36799742945476,10:13:19.742,72.5400,70
36799743043300,10:13:19.743,72.4900,100
36816888034621,10:13:36.888,72.5400,100
36817147739067,10:13:37.147,72.5800,100
36817148642880,10:13:37.148,72.5900,100
36817150709511,10:13:37.150,72.5900,100
36818545482623,10:13:38.545,72.5600,100
36818545778261,10:13:38.545,72.5600,100
36841480190777,10:14:01.480,72.4600,100
36843316376125,10:14:03.316,72.4600,300
36843316652482,10:14:03.316,72.4600,100
36843316834695,10:14:03.316,72.4500,200
36843318821629,10:14:03.318,72.4000,100
36843318821629,10:14:03.318,72.4000,100
36843318821629,10:14:03.318,72.4000,100
36844929196874,10:14:04.929,72.3700,74
36844929471129,10:14:04.929,72.3900,70
36844929756297,10:14:04.929,72.3900,30
36863503739258,10:14:23.503,72.3000,100
36863503988223,10:14:23.503,72.3000,100
36863504704091,10:14:23.504,72.2500,100
36863505013281,10:14:23.505,72.2400,100
36863505670046,10:14:23.505,72.2400,100
36863974769847,10:14:23.974,72.2600,100
36863974769847,10:14:23.974,72.2900,100
36871407791020,10:14:31.407,72.1700,200
36875645946431,10:14:35.645,72.1800,42
36875645953485,10:14:35.645,72.1800,58
36876372182097,10:14:36.372,72.1600,100
36876372182097,10:14:36.372,72.1300,100
36876372182097,10:14:36.372,72.1200,100
36876372182097,10:14:36.372,72.1200,100
36876372182097,10:14:36.372,72.1200,100
36876372182097,10:14:36.372,72.1200,100
36876372182097,10:14:36.372,72.1200,100
36876372182097,10:14:36.372,72.1000,100
36876372823576,10:14:36.372,72.1000,600
36876372864070,10:14:36.372,72.1000,100
36876372911961,10:14:36.372,72.1000,100
36876373103980,10:14:36.373,72.1000,72
36876373451967,10:14:36.373,72.1000,100
36876379458713,10:14:36.379,72.1000,428
36876379458713,10:14:36.379,72.1000,100
36876379458713,10:14:36.379,72.1000,272
36876587481092,10:14:36.587,72.1000,177
36878725817291,10:14:38.725,72.1300,100
36878726138950,10:14:38.726,72.1100,100
36878726138950,10:14:38.726,72.1000,300
36878726231404,10:14:38.726,72.1300,100
36878727273641,10:14:38.727,72.1800,100
36878727354039,10:14:38.727,72.1800,100
36881318855568,10:14:41.318,72.1200,100
36889452015413,10:14:49.452,72.1400,100
36898627109801,10:14:58.627,72.1600,100
36898627109801,10:14:58.627,72.1600,22
36898627109801,10:14:58.627,72.1600,100
36898627346243,10:14:58.627,72.1800,52
36898627516732,10:14:58.627,72.1800,48
36898627516732,10:14:58.627,72.1800,100
36898627516732,10:14:58.627,72.1800,100
36898631986210,10:14:58.631,72.1200,100
36898631986210,10:14:58.631,72.1000,85
36904213020429,10:15:04.213,72.1800,15
36904213020429,10:15:04.213,72.2000,85
36943621526270,10:15:43.621,72.2500,100
36943621616292,10:15:43.621,72.1800,100
36943621947199,10:15:43.621,72.2400,100
36943622625473,10:15:43.622,72.2500,100
36943623183098,10:15:43.623,72.2500,100
36973863039306,10:16:13.863,72.2900,100
36973863039306,10:16:13.863,72.2900,100
36973863039306,10:16:13.863,72.2900,22
36975079166780,10:16:15.079,72.2400,600
37012160546169,10:16:52.160,72.3400,100
37012160546169,10:16:52.160,72.3400,100
37012160546169,10:16:52.160,72.3400,100
37012160546169,10:16:52.160,72.3400,100
37012161529103,10:16:52.161,72.3400,8
37012163656803,10:16:52.163,72.3400,100
37012164342970,10:16:52.164,72.4300,100
37037618918528,10:17:17.618,72.4500,90
37040703682797,10:17:20.703,72.4500,10
37040703682797,10:17:20.703,72.4500,40
37045150791799,10:17:25.150,72.4500,80
37090857134148,10:18:10.857,72.3400,300
37090857360717,10:18:10.857,72.3400,100
37090857360717,10:18:10.857,72.3400,100
37090857360717,10:18:10.857,72.3400,222
37090857427076,10:18:10.857,72.3400,200
37090857438384,10:18:10.857,72.3400,78
37090857438384,10:18:10.857,72.3400,100
37090857438384,10:18:10.857,72.3400,100
37090858911345,10:18:10.858,72.2900,32
37090858968953,10:18:10.858,72.2900,68
37090858968953,10:18:10.858,72.2900,100
37090859388341,10:18:10.859,72.2800,14
37090859418584,10:18:10.859,72.2800,86
37090859418584,10:18:10.859,72.2800,100
37090867375219,10:18:10.867,72.2800,100
37090869675492,10:18:10.869,72.3100,100
37090869905045,10:18:10.869,72.2800,10
37090869905045,10:18:10.869,72.2800,8
37090869973658,10:18:10.869,72.2800,92
37090869973658,10:18:10.869,72.2800,10
37090869973658,10:18:10.869,72.2800,10
37090870196907,10:18:10.870,72.3100,10
37090870196907,10:18:10.870,72.3100,1
37095080720760,10:18:15.080,72.2850,100
37095080720760,10:18:15.080,72.3100,100
37100580297121,10:18:20.580,72.2900,100
37106917569202,10:18:26.917,72.2200,1
37106917594221,10:18:26.917,72.2200,99
37106917619372,10:18:26.917,72.2200,99
37106917631250,10:18:26.917,72.2200,1
37106918100210,10:18:26.918,72.2000,1
37106918127814,10:18:26.918,72.2000,99
37167988231704,10:19:27.988,72.2900,22
37167988231704,10:19:27.988,72.2900,78
37167988255762,10:19:27.988,72.2900,22
37167988255762,10:19:27.988,72.2900,100
37167988255762,10:19:27.988,72.2900,100
37167988568599,10:19:27.988,72.3000,90
37167988581023,10:19:27.988,72.3100,10
37167988751925,10:19:27.988,72.3100,20
37167989061860,10:19:27.989,72.3100,50
37167989113278,10:19:27.989,72.3100,20
37167989780977,10:19:27.989,72.3300,100
37167989780977,10:19:27.989,72.3300,100
37168488947617,10:19:28.488,72.3500,100
37168488947617,10:19:28.488,72.3500,100
37184907108868,10:19:44.907,72.4300,100
37213260735765,10:20:13.260,72.4500,100
37215970760463,10:20:15.970,72.4800,100
37215970951717,10:20:15.970,72.4800,100
37215971492207,10:20:15.971,72.4900,22
37215971492207,10:20:15.971,72.4900,100
37217600601065,10:20:17.600,72.5800,100
37245971638243,10:20:45.971,72.7900,13
37255689012468,10:20:55.689,72.7000,100
37255689621944,10:20:55.689,72.7000,100
37257104893659,10:20:57.104,72.7700,1
37302119871020,10:21:42.119,72.7900,100
37302119871020,10:21:42.119,72.7900,9
37302119901468,10:21:42.119,72.7900,91
37304516969795,10:21:44.516,72.8300,1
37304516969795,10:21:44.516,72.8400,89
37307523364187,10:21:47.523,72.8500,100
37307523364187,10:21:47.523,72.8500,89
37307523364187,10:21:47.523,72.8500,11
37347279524439,10:22:27.279,72.8000,1
37347279603666,10:22:27.279,72.8000,100
37355322210249,10:22:35.322,72.8700,100
37361117024467,10:22:41.117,72.8700,100
37389830529528,10:23:09.830,72.7500,122
37389830554620,10:23:09.830,72.7500,378
37389830554620,10:23:09.830,72.7500,100
37389832936222,10:23:09.832,72.6900,100
37389833648108,10:23:09.833,72.6800,87
37389833723748,10:23:09.833,72.6800,1
37389833731048,10:23:09.833,72.6800,12
37389833731048,10:23:09.833,72.6800,100
37389833731048,10:23:09.833,72.6800,1
37389833770500,10:23:09.833,72.6800,99
37389834052379,10:23:09.834,72.6700,100
37395296648583,10:23:15.296,72.5600,1
37395296674721,10:23:15.296,72.5600,99
37395380854188,10:23:15.380,72.5500,100
37396502636934,10:23:16.502,72.5200,1
37396502662128,10:23:16.502,72.5200,99
37396526528479,10:23:16.526,72.5700,98
37396742986253,10:23:16.742,72.5200,100
37396803291490,10:23:16.803,72.5200,100
37404048777457,10:23:24.048,72.6000,100
37404048777457,10:23:24.048,72.6200,100
37404048777457,10:23:24.048,72.6200,23
37404048777457,10:23:24.048,72.6200,100
37404048777457,10:23:24.048,72.6200,100
37404048777457,10:23:24.048,72.6200,100
37404048860372,10:23:24.048,72.6200,100
37440633186074,10:24:00.633,72.6900,51
37440633414110,10:24:00.633,72.6900,49
37440633882018,10:24:00.633,72.7000,100
37440634223280,10:24:00.634,72.7600,100
37459947746952,10:24:19.947,72.6500,30
37459947820048,10:24:19.947,72.6500,100
37459948373513,10:24:19.948,72.6300,100
37459948543617,10:24:19.948,72.6300,100
37459972852357,10:24:19.972,72.6000,100
37461215862539,10:24:21.215,72.6300,15
37500899745669,10:25:00.899,72.6400,100
37506219826397,10:25:06.219,72.6800,22
37506220287832,10:25:06.220,72.7400,100
37506220329510,10:25:06.220,72.7400,100
37506222206203,10:25:06.222,72.7600,20
37516393912975,10:25:16.393,72.8200,100
37525364085702,10:25:25.364,72.8100,100
37525364570676,10:25:25.364,72.8100,100
37530358774523,10:25:30.358,72.8700,50
37530358845845,10:25:30.358,72.8800,100
37544252775623,10:25:44.252,72.8800,5
37544253526068,10:25:44.253,72.9300,100
37544253526068,10:25:44.253,72.9400,50
37544253526068,10:25:44.253,72.9400,50
37544272741567,10:25:44.272,72.9400,50
37544272741567,10:25:44.272,72.9400,100
37544273341648,10:25:44.273,72.9400,68
37577316759700,10:26:17.316,72.8700,100
37577316759700,10:26:17.316,72.8700,17
37577316786359,10:26:17.316,72.8700,83
37577316786359,10:26:17.316,72.8700,200
37577317752015,10:26:17.317,72.8300,100
37577317760214,10:26:17.317,72.8300,100
37577321364492,10:26:17.321,72.8200,100
37577321364492,10:26:17.321,72.8200,100
37628569171206,10:27:08.569,72.7500,100
37628570883781,10:27:08.570,72.7100,100
37628570884460,10:27:08.570,72.7100,207
37628570934231,10:27:08.570,72.7100,100
37628571131239,10:27:08.571,72.6700,100
37628571236097,10:27:08.571,72.6700,59
37628571253760,10:27:08.571,72.6700,62
37628571260038,10:27:08.571,72.6950,134
37628571303925,10:27:08.571,72.7000,59
37628571303925,10:27:08.571,72.6700,13
37648420720826,10:27:28.420,72.8100,100
37678686124696,10:27:58.686,72.7100,169
37678686187405,10:27:58.686,72.7100,500
37678686225301,10:27:58.686,72.7100,169
37678686293307,10:27:58.686,72.7100,100
37686417701417,10:28:06.417,72.8200,100
37686417701417,10:28:06.417,72.8200,22
37686418344300,10:28:06.418,72.8300,100
37686418397088,10:28:06.418,72.8300,300
37686418397088,10:28:06.418,72.8200,100
37686418397088,10:28:06.418,72.8200,69
37686418547119,10:28:06.418,72.8200,50
37686418638437,10:28:06.418,72.8200,32
37686418638437,10:28:06.418,72.8200,68
37686418666939,10:28:06.418,72.8200,32
37748354721429,10:29:08.354,72.8800,100
37748354721429,10:29:08.354,72.8800,100
37748354721429,10:29:08.354,72.8800,12
37748354796034,10:29:08.354,72.8800,88
37748354796034,10:29:08.354,72.8800,100
37752336483994,10:29:12.336,72.8300,100
37752336571000,10:29:12.336,72.8300,100
37752336907038,10:29:12.336,72.8300,100
37752336952747,10:29:12.336,72.8300,100
37752337069050,10:29:12.337,72.8300,98
37752337147070,10:29:12.337,72.8300,2
37759240669889,10:29:19.240,72.8000,25
37759241584659,10:29:19.241,72.7800,100
37759241613764,10:29:19.241,72.7800,100
37776318318325,10:29:36.318,72.7600,100
37776318318325,10:29:36.318,72.7600,100
37793341273342,10:29:53.341,72.7500,100
37793341273342,10:29:53.341,72.7500,100
37793342126065,10:29:53.342,72.7000,8
37793342152144,10:29:53.342,72.7000,92
37812241443452,10:30:12.241,72.8300,100
37812279579142,10:30:12.279,72.8300,21
37812279579142,10:30:12.279,72.8300,69
37814345869939,10:30:14.345,72.8300,31
37814345869939,10:30:14.345,72.8300,69
37826090693575,10:30:26.090,72.8200,100
37826090693575,10:30:26.090,72.7800,111
37856118894334,10:30:56.118,72.8600,100
37856118894334,10:30:56.118,72.8600,200
37856118894334,10:30:56.118,72.8600,90
37856118924947,10:30:56.118,72.8600,10
37856119285696,10:30:56.119,72.8600,100
37856119285696,10:30:56.119,72.8500,100
37865008078176,10:31:05.008,72.8500,5
37915574258121,10:31:55.574,72.8600,200
37915575420732,10:31:55.575,72.8700,67
37915575435247,10:31:55.575,72.8700,100
37915575445513,10:31:55.575,72.8700,100
37916813483976,10:31:56.813,72.8800,100
37917005704213,10:31:57.005,72.9000,90
37930691181028,10:32:10.691,72.8300,100
37930691181028,10:32:10.691,72.8300,100
37930691181028,10:32:10.691,72.8300,178
37930691207715,10:32:10.691,72.8300,22
37930691321955,10:32:10.691,72.8300,100
37930691411765,10:32:10.691,72.8300,100
37930691545966,10:32:10.691,72.8300,100
37930691547230,10:32:10.691,72.8300,100
37951516300232,10:32:31.516,72.8600,100
37951516301822,10:32:31.516,72.9000,100
37951516301822,10:32:31.516,72.9100,21
37951516303602,10:32:31.516,72.9100,100
37951517051606,10:32:31.517,72.9100,100
37951517073698,10:32:31.517,72.9200,700
37952760745662,10:32:32.760,72.9400,100
37952772362618,10:32:32.772,72.9500,100
37952773312218,10:32:32.773,72.9600,100
37952774070554,10:32:32.774,72.9600,100
37952780608933,10:32:32.780,72.9800,100
37952787882361,10:32:32.787,73.0000,25
37952787882361,10:32:32.787,73.0000,100
37952787882361,10:32:32.787,73.0000,100
37953548136130,10:32:33.548,72.9800,100
37953548136130,10:32:33.548,73.0000,100
37953548136130,10:32:33.548,73.0000,300
37964462919513,10:32:44.462,73.0000,100
37964463237432,10:32:44.463,73.0000,100
37990808960026,10:33:10.808,73.0100,100
38052316697147,10:34:12.316,72.9300,100
38052316697147,10:34:12.316,72.9300,200
38052316697147,10:34:12.316,72.9300,100
38052316697147,10:34:12.316,72.9300,100
38052316698779,10:34:12.316,72.9300,100
38052316698779,10:34:12.316,72.9300,300
38052317270191,10:34:12.317,72.9000,100
38052317989798,10:34:12.317,72.9200,90
38052317989798,10:34:12.317,72.9300,10
38052318082234,10:34:12.318,72.8600,200
38052318522846,10:34:12.318,72.8500,100
38052318782600,10:34:12.318,72.8500,100
38052319196890,10:34:12.319,72.8400,100
38052321952965,10:34:12.321,72.8300,100
38077310560209,10:34:37.310,72.8000,100
38077310560209,10:34:37.310,72.8500,200
38077312942552,10:34:37.312,72.7500,100
38078310160824,10:34:38.310,72.7100,100
38078310401102,10:34:38.310,72.7100,100
38078313121031,10:34:38.313,72.7100,100
38078313493126,10:34:38.313,72.7100,100
38081308182736,10:34:41.308,72.7100,83
38089946011617,10:34:49.946,72.7800,100
38089946520416,10:34:49.946,72.8000,2
38089946548530,10:34:49.946,72.8000,98
38089946652199,10:34:49.946,72.8100,10
38089946701988,10:34:49.946,72.8100,90
38089947656848,10:34:49.947,72.8300,100
38089948072999,10:34:49.948,72.8600,100
38089948146829,10:34:49.948,72.8100,100
38089948322714,10:34:49.948,72.8300,91
38089949008505,10:34:49.949,72.8300,15
38089949008505,10:34:49.949,72.8300,15
38089949008505,10:34:49.949,72.8300,15
38089949008505,10:34:49.949,72.8300,10
38089950520436,10:34:49.950,72.8400,53
38089950522075,10:34:49.950,72.8400,47
38089950522075,10:34:49.950,72.8800,53
38093133052605,10:34:53.133,72.8800,100
38116099926293,10:35:16.099,72.9300,170
38116099926293,10:35:16.099,72.9300,21
38116099926293,10:35:16.099,72.9300,9
38116099954240,10:35:16.099,72.9300,91
38116100050272,10:35:16.100,72.9300,100
38168943252345,10:36:08.943,73.0500,100
38168954606468,10:36:08.954,73.0600,21
38168954606468,10:36:08.954,73.0600,79
38168954631593,10:36:08.954,73.0600,21
38168967867943,10:36:08.967,73.1900,1
38169454952436,10:36:09.454,73.1900,199
38169454952436,10:36:09.454,73.1900,100
38171367949851,10:36:11.367,73.2100,100
38171570430264,10:36:11.570,73.2400,10
38171570806709,10:36:11.570,73.2400,100
38171570822489,10:36:11.570,73.2400,100
38171570830789,10:36:11.570,73.2400,100
38171570830789,10:36:11.570,73.2400,100
38182801317921,10:36:22.801,73.4200,100
38182801368156,10:36:22.801,73.4400,100
38223595223624,10:37:03.595,73.3300,100
38234385815785,10:37:14.385,73.3250,200
38250513035927,10:37:30.513,73.2400,184
38250513039113,10:37:30.513,73.2400,216
38250513039113,10:37:30.513,73.2400,100
38250513039113,10:37:30.513,73.2400,100
38250513039113,10:37:30.513,73.2400,184
38250513040807,10:37:30.513,73.2400,16
38250513040807,10:37:30.513,73.2400,84
38250513041775,10:37:30.513,73.2400,100
38250513055113,10:37:30.513,73.2400,68
38250513148684,10:37:30.513,73.2400,100
38250513148684,10:37:30.513,73.2400,248
38250513610476,10:37:30.513,73.2200,100
38250513610476,10:37:30.513,73.2200,16
38250513695969,10:37:30.513,73.2200,84
38250513695969,10:37:30.513,73.2000,100
38250514729958,10:37:30.514,73.1600,16
38264502065667,10:37:44.502,73.1500,200
38264502065667,10:37:44.502,73.1500,100
38264502167590,10:37:44.502,73.1900,100
38264503408069,10:37:44.503,73.1500,100
38275096502663,10:37:55.096,73.1800,100
38275414466996,10:37:55.414,73.2200,100
38275414466996,10:37:55.414,73.2200,100
38275414468537,10:37:55.414,73.2200,100
38275414672013,10:37:55.414,73.2200,100
38275431474666,10:37:55.431,73.2500,100
38275431474666,10:37:55.431,73.2500,50
38275431474666,10:37:55.431,73.2500,35
38275431732886,10:37:55.431,73.2500,20
38275432146782,10:37:55.432,73.2600,100
38275441691464,10:37:55.441,73.2700,100
38288880236953,10:38:08.880,73.3200,100
38288880236953,10:38:08.880,73.3300,100
38288880236953,10:38:08.880,73.3300,80
38288880236953,10:38:08.880,73.3300,21
38288880401289,10:38:08.880,73.3300,79
38288880401289,10:38:08.880,73.3300,21
38291416825878,10:38:11.416,73.4200,100
38293602120209,10:38:13.602,73.4800,1
38293602120209,10:38:13.602,73.4800,100
38293602120209,10:38:13.602,73.4900,299
38293618186640,10:38:13.618,73.4900,101
38310883446164,10:38:30.883,73.4300,100
38310883446164,10:38:30.883,73.4300,100
38310883446164,10:38:30.883,73.4200,100
38310883446164,10:38:30.883,73.4200,100
38310883690508,10:38:30.883,73.4200,200
38310883759218,10:38:30.883,73.4200,100
38310884500597,10:38:30.884,73.4100,100
38310903065946,10:38:30.903,73.3300,58
38312893647164,10:38:32.893,73.3300,100
38327335111828,10:38:47.335,73.3200,100
38327335394250,10:38:47.335,73.3700,100
38339718480278,10:38:59.718,73.4200,100
38339718480278,10:38:59.718,73.4200,100
38339718931808,10:38:59.718,73.4300,10
38339719751352,10:38:59.719,73.4200,83
38339720183619,10:38:59.720,73.4200,17
38339720183619,10:38:59.720,73.4200,10
38375095081445,10:39:35.095,73.3200,100
38375095577324,10:39:35.095,73.3100,100
38375096134920,10:39:35.096,73.2900,79
38375096419839,10:39:35.096,73.2900,21
38428301112773,10:40:28.301,73.2400,100
38428326142410,10:40:28.326,73.2300,100
38428326555125,10:40:28.326,73.2000,100
38428326555125,10:40:28.326,73.2000,100
38428330792413,10:40:28.330,73.1700,100
38428342590972,10:40:28.342,73.1500,100
38428342614880,10:40:28.342,73.1950,1000
38428342621275,10:40:28.342,73.1950,1100
38428342633246,10:40:28.342,73.1950,100
38428342633246,10:40:28.342,73.1500,900
38428342633246,10:40:28.342,73.1500,100
38428342675332,10:40:28.342,73.1500,100
38428379450659,10:40:28.379,73.1400,100
38428379450659,10:40:28.379,73.1400,50
38428380038519,10:40:28.380,73.1400,16
38428380062393,10:40:28.380,73.1400,34
38428380062393,10:40:28.380,73.1400,100
38428383136976,10:40:28.383,73.1900,100
38428383890355,10:40:28.383,73.1900,100
38428388098715,10:40:28.388,73.1900,100
38428388534021,10:40:28.388,73.1900,42
38442699098972,10:40:42.699,73.1500,30
38444592830445,10:40:44.592,73.1500,70
38444592830445,10:40:44.592,73.1500,100
38444592830445,10:40:44.592,73.1500,100
38444592864872,10:40:44.592,73.1400,100
38444593188597,10:40:44.593,73.1300,34
38444593437622,10:40:44.593,73.1300,66
38450286066406,10:40:50.286,73.2000,30
38450286066406,10:40:50.286,73.2100,70
38451367650651,10:40:51.367,73.0600,100
38451369034262,10:40:51.369,73.0300,100
38451371922504,10:40:51.371,73.0100,100
38451396384324,10:40:51.396,72.9900,100
38536989330926,10:42:16.989,73.1100,100
38547254996722,10:42:27.254,73.0900,90
38547254996722,10:42:27.254,73.1000,10
38559354894004,10:42:39.354,73.0000,100
38559354894004,10:42:39.354,73.0000,100
38559354894004,10:42:39.354,73.0000,100
38559354995922,10:42:39.354,73.0200,100
38567524914970,10:42:47.524,73.0600,1
38567524914970,10:42:47.524,73.0600,100
38567524914970,10:42:47.524,73.0600,21
38567530200978,10:42:47.530,73.1200,100
38567541429914,10:42:47.541,73.2100,100
38582879299937,10:43:02.879,73.2500,100
38702490425221,10:45:02.490,73.3600,100
38702490426460,10:45:02.490,73.3600,100
38702490426460,10:45:02.490,73.3600,65
38702490426460,10:45:02.490,73.3600,100
38702490427461,10:45:02.490,73.3600,100
38702491133848,10:45:02.491,73.3700,100
38702491133848,10:45:02.491,73.3700,100
38702491281473,10:45:02.491,73.3700,21
38745757769412,10:45:45.757,73.4600,100
38745757769412,10:45:45.757,73.4600,100
38745757769412,10:45:45.757,73.4600,40
38745757769412,10:45:45.757,73.4600,60
38745757769412,10:45:45.757,73.4600,100
38745757948529,10:45:45.757,73.4700,100
38745759207219,10:45:45.759,73.4700,100
38745759207219,10:45:45.759,73.4700,100
38745776280355,10:45:45.776,73.4400,70
38756399321357,10:45:56.399,73.4700,5
38823924397694,10:47:03.924,73.4300,100
38823924397694,10:47:03.924,73.4300,100
38823924397694,10:47:03.924,73.4300,100
38823924446193,10:47:03.924,73.4300,100
38823924446668,10:47:03.924,73.4300,100
38823924447153,10:47:03.924,73.4300,100
38823924486044,10:47:03.924,73.4300,9
38823924493257,10:47:03.924,73.4300,91
38823924493257,10:47:03.924,73.4300,9
38823924495571,10:47:03.924,73.4300,91
38823925895579,10:47:03.925,73.3700,4
38823926689973,10:47:03.926,73.3700,96
38823926740327,10:47:03.926,73.3600,100
38823926740327,10:47:03.926,73.3600,100
38823926769602,10:47:03.926,73.3600,200
38823928645406,10:47:03.928,73.3100,100
38843938233345,10:47:23.938,73.2900,100
38843938233345,10:47:23.938,73.2000,100
38843938233345,10:47:23.938,73.2000,27
38843938742473,10:47:23.938,73.2000,100
38843939009439,10:47:23.939,73.1000,100
38843939324264,10:47:23.939,73.1900,100
38843939517716,10:47:23.939,73.2000,2
38843940145364,10:47:23.940,73.1900,2
38843945442747,10:47:23.945,73.2400,34
38843946027041,10:47:23.946,73.2300,100
38843946083584,10:47:23.946,73.2300,100
38844651751802,10:47:24.651,73.1800,100
38845107571704,10:47:25.107,73.1700,100
38846794700204,10:47:26.794,73.1700,100
38875607881951,10:47:55.607,73.0000,100
38875629509636,10:47:55.629,73.0200,100
38875697519826,10:47:55.697,73.0400,100
38875697902994,10:47:55.697,73.0500,1
38875697902994,10:47:55.697,73.0500,100
38875697902994,10:47:55.697,73.0500,100
38875697914162,10:47:55.697,73.0500,1
38875698423662,10:47:55.698,73.0400,99
38875698427328,10:47:55.698,73.0400,1
38875698427328,10:47:55.698,73.0400,100
38875698427328,10:47:55.698,73.0500,99
38875785257813,10:47:55.785,73.0500,34
38875785324050,10:47:55.785,73.0500,32
38875785357905,10:47:55.785,73.0500,2
38875785390639,10:47:55.785,73.0500,30
38875785640182,10:47:55.785,73.1200,100
38875785703651,10:47:55.785,73.1200,98
38875785751906,10:47:55.785,73.1200,2
38875786506665,10:47:55.786,73.0600,2
38875786718984,10:47:55.786,73.1200,100
38875787211194,10:47:55.787,73.1200,100
38875790161288,10:47:55.790,73.1100,100
38875790614326,10:47:55.790,73.1200,100
38875795929459,10:47:55.795,73.1400,100
38875796348842,10:47:55.796,73.1600,100
38875798980950,10:47:55.798,73.1700,100
38875799291434,10:47:55.799,73.1800,100
38875871117143,10:47:55.871,73.1100,10
38922925496546,10:48:42.925,73.0500,100
38922926024734,10:48:42.926,73.0000,100
38922926026044,10:48:42.926,73.0000,100
38922926448343,10:48:42.926,73.0000,100
38922926715855,10:48:42.926,73.0500,100
38922926744985,10:48:42.926,73.0500,12
38977856269612,10:49:37.856,73.1300,20
38977856269612,10:49:37.856,73.1300,200
38977856269612,10:49:37.856,73.1400,100
38977856269612,10:49:37.856,73.1400,180
38977856828266,10:49:37.856,73.1400,820
38977856899132,10:49:37.856,73.1500,19
38977856899132,10:49:37.856,73.1500,100
38996234555589,10:49:56.234,73.2100,100
38996234555589,10:49:56.234,73.2100,100
38996234555589,10:49:56.234,73.2100,40
38996234556722,10:49:56.234,73.2100,60
38996235206303,10:49:56.235,73.2200,10
39006086955016,10:50:06.086,73.1600,100
39027361100516,10:50:27.361,73.1700,100
39036013285664,10:50:36.013,73.0100,100
39073929793135,10:51:13.929,73.0800,100
39093930161386,10:51:33.930,73.0800,100
39103930136729,10:51:43.930,73.0800,400
39103930136729,10:51:43.930,73.0800,100
39103930136729,10:51:43.930,73.0800,21
39103930136729,10:51:43.930,73.0800,79
39103930199779,10:51:43.930,73.0800,21
39103930781333,10:51:43.930,73.0900,100
39103931595409,10:51:43.931,73.1000,100
39103931595409,10:51:43.931,73.1000,100
39142095205107,10:52:22.095,73.0100,200
39142095327500,10:52:22.095,73.0100,200
39142095416767,10:52:22.095,73.0100,100
39142095441092,10:52:22.095,73.0100,100
39142095463014,10:52:22.095,73.0100,100
39142095693897,10:52:22.095,73.0100,200
39142095843866,10:52:22.095,73.0100,100
39142095889046,10:52:22.095,73.0100,100
39142126512018,10:52:22.126,73.0000,100
39142126806643,10:52:22.126,72.9900,100
39142126992985,10:52:22.126,72.9900,100
39147610796710,10:52:27.610,73.0350,100
39150087328865,10:52:30.087,73.0350,100
39150087328865,10:52:30.087,73.0700,20
39150087463790,10:52:30.087,73.0700,80
39150087463790,10:52:30.087,73.0700,20
39150094788787,10:52:30.094,73.1000,100
39150094838493,10:52:30.094,73.1100,100
39150099056308,10:52:30.099,73.1100,100
39161250805994,10:52:41.250,73.1500,100
39161250841658,10:52:41.250,73.1500,400
39161251684902,10:52:41.251,73.1100,100
39180255320320,10:53:00.255,73.1600,100
39189728867968,10:53:09.728,73.1700,100
39189728867968,10:53:09.728,73.1700,100
39189839567599,10:53:09.839,73.1100,10
39214710887285,10:53:34.710,73.1400,5
39229828492350,10:53:49.828,73.1800,100
39292475554908,10:54:52.475,73.0800,100
39292475554908,10:54:52.475,73.0800,100
39292475626530,10:54:52.475,73.0800,100
39292475634874,10:54:52.475,73.0800,100
39292475670723,10:54:52.475,73.0800,100
39292475779611,10:54:52.475,73.0600,120
39292475787310,10:54:52.475,73.0600,10
39292475807325,10:54:52.475,73.0600,31
39292482318317,10:54:52.482,73.0500,1
39311951827982,10:55:11.951,73.1100,90
39311952012320,10:55:11.952,73.1300,100
39363652187424,10:56:03.652,73.1100,100
39373652183425,10:56:13.652,73.1100,100
39383652276782,10:56:23.652,73.0800,100
39383856275322,10:56:23.856,73.0800,90
39383857341136,10:56:23.857,73.0200,100
39383858254741,10:56:23.858,72.9700,100
39383858322051,10:56:23.858,72.9700,100
39383858454123,10:56:23.858,72.9700,100
39383858731134,10:56:23.858,72.9700,100
39383863711234,10:56:23.863,72.9600,44
39383864576508,10:56:23.864,72.9600,16
39403651943133,10:56:43.651,73.0200,100
39403651943133,10:56:43.651,73.0600,100
39412334550970,10:56:52.334,73.0000,100
39412366689143,10:56:52.366,72.9600,100
39421919891885,10:57:01.919,73.0000,80
39422951270439,10:57:02.951,72.9600,100
39423460832539,10:57:03.460,72.9600,100
39423461683432,10:57:03.461,72.9600,100
39426245390066,10:57:06.245,72.9800,100
39426245390066,10:57:06.245,73.0000,265
39426245398178,10:57:06.245,73.0000,35
39426245398178,10:57:06.245,73.0000,20
39426245630574,10:57:06.245,73.0000,55
39426245663107,10:57:06.245,73.0000,25
39426245663107,10:57:06.245,73.0000,20
39426245747365,10:57:06.245,73.0000,100
39430197232137,10:57:10.197,72.9600,100
39462641945263,10:57:42.641,73.0100,100
39462642603204,10:57:42.642,73.0100,400
39462642663702,10:57:42.642,73.0100,100
39462642922873,10:57:42.642,73.0200,100
39462643416588,10:57:42.643,73.0200,10
39466236726289,10:57:46.236,73.0400,100
39466236751338,10:57:46.236,73.0400,100
39466241169831,10:57:46.241,73.0700,100
39466241169831,10:57:46.241,73.0700,100
39466257155982,10:57:46.257,73.0800,100
39466257155982,10:57:46.257,73.0800,100
39466257577778,10:57:46.257,73.1000,100
39472642254635,10:57:52.642,73.0900,100
39472642254635,10:57:52.642,73.1000,100
39482642282501,10:58:02.642,73.1000,100
39482642282501,10:58:02.642,73.1000,100
39482642282501,10:58:02.642,73.1000,100
39482645098849,10:58:02.645,73.1100,100
39482645123108,10:58:02.645,73.1100,100
39482645154621,10:58:02.645,73.1100,100
39535873565076,10:58:55.873,73.1100,100
39535873565076,10:58:55.873,73.1300,20
39560302985530,10:59:20.302,73.1400,100
39560302985530,10:59:20.302,73.1400,20
39593125781576,10:59:53.125,73.1800,100
39593126240656,10:59:53.126,73.1900,54
39593126246629,10:59:53.126,73.1900,46
39593127416312,10:59:53.127,73.1800,28
39593127416312,10:59:53.127,73.1800,26
39604346582277,11:00:04.346,73.3000,100
39604346582277,11:00:04.346,73.3100,20
39604346608613,11:00:04.346,73.3100,80
39604346608613,11:00:04.346,73.3100,20
39604347466982,11:00:04.347,73.3200,400
39641339642019,11:00:41.339,73.3800,10
39641340202084,11:00:41.340,73.3900,100
39662026086527,11:01:02.026,73.4200,100
39664571198255,11:01:04.571,73.4100,5
39664922874683,11:01:04.922,73.4800,100
39664923925022,11:01:04.923,73.4800,17
39664923925022,11:01:04.923,73.4800,7
39664923928322,11:01:04.923,73.4800,11
39664923928322,11:01:04.923,73.4800,89
39664923950985,11:01:04.923,73.4800,11
39664923999768,11:01:04.923,73.4400,10
39681648301353,11:01:21.648,73.4700,70
39681824388629,11:01:21.824,73.4400,100
39681824388629,11:01:21.824,73.4400,100
39681824631048,11:01:21.824,73.4400,100
39681824631048,11:01:21.824,73.4400,80
39681824634834,11:01:21.824,73.4400,20
39681824777100,11:01:21.824,73.4400,100
39681824873844,11:01:21.824,73.4300,20
39681824962275,11:01:21.824,73.4300,80
39681824962275,11:01:21.824,73.4300,20
39681825331898,11:01:21.825,73.4300,35
39681825396818,11:01:21.825,73.4300,20
39681825555342,11:01:21.825,73.4300,25
39681826000502,11:01:21.826,73.4200,100
39686428040012,11:01:26.428,73.4550,100
39691304039926,11:01:31.304,73.4550,100
39702394047184,11:01:42.394,73.4600,100
39723006912208,11:02:03.006,73.5200,94
39723006914676,11:02:03.006,73.5200,6
39723006914676,11:02:03.006,73.5200,10
39723006914676,11:02:03.006,73.5200,100
39723006914676,11:02:03.006,73.5200,9
39723008382500,11:02:03.008,73.5200,1
39723008382500,11:02:03.008,73.5200,99
39723008408358,11:02:03.008,73.5200,1
39723011582959,11:02:03.011,73.5500,500
39780247691899,11:03:00.247,73.5900,20
39780247691899,11:03:00.247,73.5900,100
39780247691899,11:03:00.247,73.5900,100
39780248139162,11:03:00.248,73.6000,90
39780248527554,11:03:00.248,73.6000,10
39780248777790,11:03:00.248,73.5900,31
39780248777790,11:03:00.248,73.5900,30
39780248777790,11:03:00.248,73.5900,39
39780248779631,11:03:00.248,73.5900,61
39805733051986,11:03:25.733,73.5600,100
39807917334209,11:03:27.917,73.5600,228
39807917345518,11:03:27.917,73.5600,72
39807917345518,11:03:27.917,73.5600,53
39807917365628,11:03:27.917,73.5600,147
39807917365628,11:03:27.917,73.5600,100
39807917365628,11:03:27.917,73.5600,66
39807917366560,11:03:27.917,73.5600,24
39807921940225,11:03:27.921,73.5500,41
39816159214053,11:03:36.159,73.6800,100
39816159214053,11:03:36.159,73.6800,100
39816159214053,11:03:36.159,73.6800,100
39816159775118,11:03:36.159,73.6800,5
39816160308132,11:03:36.160,73.7200,10
39816160332799,11:03:36.160,73.7200,90
39816160464230,11:03:36.160,73.7200,100
39816161354110,11:03:36.161,73.7300,100
39817857445539,11:03:37.857,73.7700,100
39817857445539,11:03:37.857,73.7800,100
39817857445539,11:03:37.857,73.7800,100
39839244669278,11:03:59.244,73.7750,100
39839274230196,11:03:59.274,73.8000,100
39839970955503,11:03:59.970,73.8000,100
39839971116620,11:03:59.971,73.8000,100
39839971855203,11:03:59.971,73.8000,100
39840367897308,11:04:00.367,73.8000,100
39841439504221,11:04:01.439,73.8000,100
39841439504221,11:04:01.439,73.7700,100
39841444007221,11:04:01.444,73.7700,100
39847428147052,11:04:07.428,73.8000,10
39847428147052,11:04:07.428,73.8000,90
39847428174190,11:04:07.428,73.8000,10
39847428174190,11:04:07.428,73.8000,22
39847428396321,11:04:07.428,73.8300,42
39847428397518,11:04:07.428,73.8300,58
39847428397518,11:04:07.428,73.8300,5
39847428406629,11:04:07.428,73.8300,32
39847428783805,11:04:07.428,73.8000,100
39853055360415,11:04:13.055,73.7950,100
39853512283674,11:04:13.512,73.7950,100
39866914937379,11:04:26.914,73.8200,37
39866914943797,11:04:26.914,73.8200,63
39867521064205,11:04:27.521,73.8300,100
39871269516836,11:04:31.269,73.8200,100
39871269516836,11:04:31.269,73.8200,100
39871269639300,11:04:31.269,73.8200,200
39871269639300,11:04:31.269,73.8200,100
39871269670044,11:04:31.269,73.8100,59
39871269726921,11:04:31.269,73.8200,100
39879271791669,11:04:39.271,73.8000,100
39893288106946,11:04:53.288,73.8000,100
39893786677306,11:04:53.786,73.7800,100
39893786677306,11:04:53.786,73.7800,100
39897343605585,11:04:57.343,73.6900,100
39953580858064,11:05:53.580,73.7400,100
39957735846192,11:05:57.735,73.8000,63
39957735901085,11:05:57.735,73.8000,37
39957735945175,11:05:57.735,73.8000,70
39957736008466,11:05:57.736,73.8100,37
39957736085245,11:05:57.736,73.8100,63
39957736122823,11:05:57.736,73.8100,100
39957737572850,11:05:57.737,73.8100,30
39957737572850,11:05:57.737,73.8100,29
39957737727165,11:05:57.737,73.8100,100
39957738148434,11:05:57.738,73.8000,100
39957738148434,11:05:57.738,73.8000,100
39957738148434,11:05:57.738,73.8000,100
39957743401542,11:05:57.743,73.7900,100
39995538613980,11:06:35.538,73.7200,100
39995538613980,11:06:35.538,73.7100,100
39995538613980,11:06:35.538,73.7000,100
39995538613980,11:06:35.538,73.7000,100
39995538613980,11:06:35.538,73.6500,100
39995538613980,11:06:35.538,73.6300,100
39995538613980,11:06:35.538,73.6300,100
39995538613980,11:06:35.538,73.6300,100
39995538613980,11:06:35.538,73.6300,100
39995538613980,11:06:35.538,73.6000,100
39995538613980,11:06:35.538,73.6000,100
39995538613980,11:06:35.538,73.5900,100
39995538613980,11:06:35.538,73.5800,100
39995538613980,11:06:35.538,73.5800,100
39995538613980,11:06:35.538,73.5600,100
39995539667958,11:06:35.539,73.5800,100
39995540614123,11:06:35.540,73.6600,100
39995540655972,11:06:35.540,73.6500,78
39995540708330,11:06:35.540,73.6500,222
39995540921120,11:06:35.540,73.5800,100
39995541051612,11:06:35.541,73.5700,2
39995651838542,11:06:35.651,73.6400,66
39995925739649,11:06:35.925,73.6400,34
39995925739649,11:06:35.925,73.6700,2
39995925739649,11:06:35.925,73.6700,30
39998011771191,11:06:38.011,73.6600,70
39998011924606,11:06:38.011,73.6700,70
39998012306942,11:06:38.012,73.6700,40
39998012345324,11:06:38.012,73.6700,22
39999689387125,11:06:39.689,73.7400,100
39999689387125,11:06:39.689,73.7500,22
39999716041397,11:06:39.716,73.7600,100
39999716041397,11:06:39.716,73.7600,11
39999716041397,11:06:39.716,73.7600,11
39999716041397,11:06:39.716,73.7600,100
40001464515345,11:06:41.464,73.8100,100
40003819802461,11:06:43.819,73.8000,100
40003843984426,11:06:43.843,73.7900,100
40003994344451,11:06:43.994,73.8000,100
40024350182410,11:07:04.350,73.7900,100
40028507818436,11:07:08.507,73.8100,66
40036131868352,11:07:16.131,73.7500,12
40036131882348,11:07:16.131,73.7500,62
40036132062650,11:07:16.132,73.7500,26
40036132062650,11:07:16.132,73.7500,74
40036132149435,11:07:16.132,73.7500,26
40056450056457,11:07:36.450,73.8000,10
40056450056457,11:07:36.450,73.8000,12
40056450056457,11:07:36.450,73.8000,4
40056450481906,11:07:36.450,73.8000,100
40111034403808,11:08:31.034,73.7600,5
40111034416517,11:08:31.034,73.8200,100
40111034416517,11:08:31.034,73.8200,22
40111035456978,11:08:31.035,73.8200,14
40111035456978,11:08:31.035,73.8200,16
40120151713438,11:08:40.151,73.9000,100
40120151713438,11:08:40.151,73.9000,35
40120151740299,11:08:40.151,73.9000,54
40120176851718,11:08:40.176,73.9700,100
40120177646013,11:08:40.177,73.9700,100
40134252740444,11:08:54.252,73.9900,100
40179923959394,11:09:39.923,73.9400,100
40179923959394,11:09:39.923,73.9300,100
40179923959394,11:09:39.923,73.9300,100
40179924014664,11:09:39.924,73.9300,39
40179924014664,11:09:39.924,73.9300,61
40179924057402,11:09:39.924,73.9300,39
40179924194022,11:09:39.924,73.9200,100
40179925082096,11:09:39.925,73.8600,100
40179926089623,11:09:39.926,73.9100,100
40179926577884,11:09:39.926,73.8500,100
40179927356885,11:09:39.927,73.8500,100
40179927511737,11:09:39.927,73.8400,100
40185501783034,11:09:45.501,73.9000,89
40185501783034,11:09:45.501,73.9000,46
40185502280096,11:09:45.502,73.9000,54
40185502698455,11:09:45.502,73.9000,71
40185502783997,11:09:45.502,73.9000,13
40185502799432,11:09:45.502,73.9000,16
40185502981791,11:09:45.502,73.9100,100
40185502981791,11:09:45.502,73.9100,19
40185502981791,11:09:45.502,73.9100,19
40185518177327,11:09:45.518,73.8900,47
40185518414307,11:09:45.518,73.8900,53
40198953214852,11:09:58.953,73.9000,100
40198953214852,11:09:58.953,73.9100,35
40211270015580,11:10:11.270,73.8000,100
40211329702714,11:10:11.329,73.8000,59
40251663865899,11:10:51.663,73.7900,100
40251664327428,11:10:51.664,73.7800,62
40251664892242,11:10:51.664,73.7800,38
40251664892242,11:10:51.664,73.7800,100
40251664921206,11:10:51.664,73.7700,100
40251665897203,11:10:51.665,73.7400,1
40251941200641,11:10:51.941,73.7400,77
40254433315455,11:10:54.433,73.7000,100
40254956068809,11:10:54.956,73.6600,100
40254956219834,11:10:54.956,73.6500,45
40271308462878,11:11:11.308,73.6200,21
40271308488257,11:11:11.308,73.6200,22
40293602260551,11:11:33.602,73.6200,100
40293604705837,11:11:33.604,73.6600,100
40293616126461,11:11:33.616,73.6700,90
40293616151262,11:11:33.616,73.6700,210
40293617309394,11:11:33.617,73.7100,100
40293621397538,11:11:33.621,73.6800,100
40293621406306,11:11:33.621,73.7400,100
40293621463526,11:11:33.621,73.7400,100
40293622623168,11:11:33.622,73.7400,100
40296094823030,11:11:36.094,73.7500,22
40296097926586,11:11:36.097,73.8200,100
40297500738044,11:11:37.500,73.6900,50
40355143837335,11:12:35.143,73.7650,100
40403666642875,11:13:23.666,73.6900,100
40403666770935,11:13:23.666,73.6900,200
40403666840504,11:13:23.666,73.6900,100
40403667091518,11:13:23.667,73.6600,44
40412229681639,11:13:32.229,73.8000,100
40412229706148,11:13:32.229,73.8000,20
40412230416523,11:13:32.230,73.8000,100
40426246687861,11:13:46.246,73.8800,100
40426247844302,11:13:46.247,73.9200,100
40434179312293,11:13:54.179,73.9400,100
40450497636197,11:14:10.497,74.0000,21
40450497636197,11:14:10.497,74.0000,85
40450505777395,11:14:10.505,74.0500,100
40450505849293,11:14:10.505,74.0500,100
40450505850673,11:14:10.505,74.0500,100
40482717501526,11:14:42.717,74.0900,100
40503118478244,11:15:03.118,74.0800,100
40503118664613,11:15:03.118,74.0800,100
40503118665881,11:15:03.118,74.0800,100
40503119572622,11:15:03.119,74.0700,100
40503119603983,11:15:03.119,74.0800,100
40503119774685,11:15:03.119,74.0800,100
40503145141025,11:15:03.145,74.0800,15
40521377278513,11:15:21.377,74.0200,100
40521377278513,11:15:21.377,74.0200,100
40521377278513,11:15:21.377,74.0200,100
40531532979379,11:15:31.532,74.0100,100
40540200397930,11:15:40.200,73.9300,100
40540200397930,11:15:40.200,73.9200,100
40540225625257,11:15:40.225,73.9800,50
40540310237720,11:15:40.310,73.9800,50
40540310237720,11:15:40.310,73.9800,50
40547309495889,11:15:47.309,73.9300,100
40547309495889,11:15:47.309,73.9200,100
40547309605232,11:15:47.309,73.9200,300
40547309899280,11:15:47.309,73.8800,33
40547310416302,11:15:47.310,73.8800,67
40547310416302,11:15:47.310,73.8800,33
40554304887059,11:15:54.304,73.9200,5
40563115238597,11:16:03.115,73.9900,100
40563115238597,11:16:03.115,73.9900,100
40563115238597,11:16:03.115,73.9900,57
40563115359871,11:16:03.115,73.9900,5
40563115359871,11:16:03.115,73.9900,75
40563115770228,11:16:03.115,74.0300,100
40563115823074,11:16:03.115,74.0400,100
40573867389629,11:16:13.867,74.0100,100
40573867389629,11:16:13.867,74.0100,100
40619244824578,11:16:59.244,74.0400,100
40650307034447,11:17:30.307,74.0500,100
40650307034447,11:17:30.307,74.0600,22
40650307063352,11:17:30.307,74.0600,78
40650307063352,11:17:30.307,74.0600,22
40650308070197,11:17:30.308,74.0900,100
40650308224690,11:17:30.308,74.0900,100
40650308632953,11:17:30.308,74.1000,100
40650308857886,11:17:30.308,74.1000,100
40650309060265,11:17:30.309,74.1000,100
40650309060265,11:17:30.309,74.1100,100
40650309106937,11:17:30.309,74.1100,100
40653816594072,11:17:33.816,74.1700,100
40696302347177,11:18:16.302,74.1200,100
40696302347177,11:18:16.302,74.1100,100
40696302347177,11:18:16.302,74.1100,49
40696302348231,11:18:16.302,74.1100,51
40696302348231,11:18:16.302,74.1100,49
40696302405668,11:18:16.302,74.1100,151
40696304257624,11:18:16.304,74.0500,100
40698456308742,11:18:18.456,74.0500,100
40698456308742,11:18:18.456,74.0500,50
40698456366800,11:18:18.456,74.0500,50
40698458077269,11:18:18.458,74.0500,100
40698458077269,11:18:18.458,74.0500,50
40698458077269,11:18:18.458,74.0500,50
40701509956747,11:18:21.509,74.0400,100
40701510016549,11:18:21.510,74.0400,100
40701510078705,11:18:21.510,74.0400,100
40701510735932,11:18:21.510,74.0300,143
40707997820764,11:18:27.997,74.0100,100
40707997820764,11:18:27.997,74.0100,41
40707997820764,11:18:27.997,74.0100,59
40794686320622,11:19:54.686,74.0300,10
40794686320622,11:19:54.686,74.0300,100
40794686320622,11:19:54.686,74.0500,19
40794686320622,11:19:54.686,74.0500,71
40794686321889,11:19:54.686,74.0500,29
40794686321889,11:19:54.686,74.0500,71
40794686355601,11:19:54.686,74.0500,10
40794687150263,11:19:54.687,74.0600,100
40794687150263,11:19:54.687,74.0600,100
40794687261775,11:19:54.687,74.0600,100
40794687821969,11:19:54.687,74.0700,100
40794688795050,11:19:54.688,74.0600,35
40794689180062,11:19:54.689,74.0700,15
40794689982668,11:19:54.689,74.0500,100
40911542508170,11:21:51.542,73.8900,14
40911542508170,11:21:51.542,73.8900,100
40911542508170,11:21:51.542,73.8900,86
40911542746210,11:21:51.542,73.8900,14
40911542746210,11:21:51.542,73.8900,41
40911542752625,11:21:51.542,73.8800,58
40911543238801,11:21:51.543,73.8800,42
40911543238801,11:21:51.543,73.8800,54
40911543279439,11:21:51.543,73.8800,46
40911544656760,11:21:51.544,73.8800,4
40916633509174,11:21:56.633,73.8800,96
40921675389121,11:22:01.675,73.7400,100
40921677429350,11:22:01.677,73.7600,100
40934491580263,11:22:14.491,73.6600,100
40944655390464,11:22:24.655,73.6500,100
40952318700493,11:22:32.318,73.6500,100
40952320229468,11:22:32.320,73.6400,100
40952320754203,11:22:32.320,73.6000,100
40952322423044,11:22:32.322,73.6000,100
40952360521055,11:22:32.360,73.6000,1
40954154243835,11:22:34.154,73.6800,100
40954154590491,11:22:34.154,73.6800,21
40954154590491,11:22:34.154,73.6800,100
40954155731328,11:22:34.155,73.6900,100
40954157235014,11:22:34.157,73.6800,100
40954157252824,11:22:34.157,73.6900,10
40956422294583,11:22:36.422,73.7100,100
40956424403838,11:22:36.424,73.7600,20
40968594991131,11:22:48.594,73.6700,70
40968609267201,11:22:48.609,73.6500,100
40968609267201,11:22:48.609,73.6500,100
40968610089386,11:22:48.610,73.6500,100
40985312292283,11:23:05.312,73.7400,100
40985312294006,11:23:05.312,73.7400,20
40985312357811,11:23:05.312,73.7400,92
40994488397807,11:23:14.488,73.7500,100
40994488397807,11:23:14.488,73.7500,20
40994488671928,11:23:14.488,73.7700,34
40994488746635,11:23:14.488,73.7700,38
40994489443843,11:23:14.489,73.7700,28
40994508627770,11:23:14.508,73.8100,100
41002490282077,11:23:22.490,73.7700,5
41009324767519,11:23:29.324,73.7000,100
41078390230938,11:24:38.390,73.7700,81
41078390689472,11:24:38.390,73.7700,19
41078390689472,11:24:38.390,73.7700,7
41080681275262,11:24:40.681,73.7700,81
41083805957615,11:24:43.805,73.7700,12
41083805957615,11:24:43.805,73.7700,69
41086981082227,11:24:46.981,73.7700,31
41086981082227,11:24:46.981,73.7700,20
41086981082227,11:24:46.981,73.7700,49
41086981154145,11:24:46.981,73.7700,51
41100717675095,11:25:00.717,73.8300,100
41103311863625,11:25:03.311,73.8700,100
41107165762726,11:25:07.165,73.8900,100
41107166121250,11:25:07.166,73.8700,55
41107166121250,11:25:07.166,73.8600,45
41107176892986,11:25:07.176,73.8900,45
41113161340455,11:25:13.161,73.9300,100
41129508898097,11:25:29.508,73.8400,100
41129508990539,11:25:29.508,73.8400,50
41129508990539,11:25:29.508,73.8300,50
41129509015505,11:25:29.509,73.8300,50
41129511423342,11:25:29.511,73.7800,100
41129511423342,11:25:29.511,73.7800,100
41129512089387,11:25:29.512,73.7700,100
41198521801360,11:26:38.521,73.7100,86
41275743089522,11:27:55.743,73.7800,7
41275743089522,11:27:55.743,73.7800,20
41275743089522,11:27:55.743,73.7800,100
41275743320222,11:27:55.743,73.8000,76
41275743543518,11:27:55.743,73.8000,24
41275745931204,11:27:55.745,73.8600,100
41289328360078,11:28:09.328,73.9000,19
41289333067532,11:28:09.333,73.9300,100
41387310107099,11:29:47.310,73.9800,66
41387310112124,11:29:47.310,73.9800,34
41387310434351,11:29:47.310,74.0000,2
41387310661129,11:29:47.310,74.0000,75
41387310663647,11:29:47.310,74.0000,62
41387310664333,11:29:47.310,74.0000,83
41403013053674,11:30:03.013,74.1700,100
41409123731999,11:30:09.123,74.0600,100
41409124656841,11:30:09.124,74.0100,30
41409124798736,11:30:09.124,74.0200,24
41409124891402,11:30:09.124,74.0000,55
41409124895192,11:30:09.124,74.0000,45
41409125471979,11:30:09.125,74.0300,100
41411887054135,11:30:11.887,73.9800,100
41424826619364,11:30:24.826,73.9500,100
41452787354815,11:30:52.787,73.9700,5
41473672922870,11:31:13.672,73.9800,7
41551395775173,11:32:31.395,73.8900,100
41551395775173,11:32:31.395,73.8700,100
41551395775173,11:32:31.395,73.8700,100
41551395801768,11:32:31.395,73.8700,100
41551396490446,11:32:31.396,73.8700,52
41551396529400,11:32:31.396,73.8700,48
41551396794197,11:32:31.396,73.8700,19
41551396899277,11:32:31.396,73.8700,10
41551397046269,11:32:31.397,73.8700,71
41551397046269,11:32:31.397,73.8700,19
41551397046269,11:32:31.397,73.8300,10
41551403184174,11:32:31.403,73.8400,10
41551403184174,11:32:31.403,73.8300,123
41551403209543,11:32:31.403,73.8300,10
41555695166639,11:32:35.695,73.8800,100
41555696131754,11:32:35.696,73.8800,100
41555696158949,11:32:35.696,73.8900,76
41555696158949,11:32:35.696,73.8900,24
41555696163189,11:32:35.696,73.8900,76
41555698431930,11:32:35.698,73.8700,100
41555700879692,11:32:35.700,73.8900,10
41555700879692,11:32:35.700,73.9000,90
41555700881218,11:32:35.700,73.9000,10
41555712209724,11:32:35.712,73.9500,100
41559119781240,11:32:39.119,73.9600,19
41559119781240,11:32:39.119,73.9600,1
41559119781240,11:32:39.119,73.9600,80
41563282297357,11:32:43.282,73.9600,20
41563282297357,11:32:43.282,73.9600,80
41568317999535,11:32:48.317,73.9600,20
41568317999535,11:32:48.317,73.9600,80
41611099775071,11:33:31.099,74.0300,100
41647309070318,11:34:07.309,74.0100,88
41647309078943,11:34:07.309,74.0100,12
41647309101206,11:34:07.309,74.0100,1
41647309153902,11:34:07.309,74.0300,19
41647311502499,11:34:07.311,74.0400,100
41655283062311,11:34:15.283,74.0700,100
41655284413083,11:34:15.284,74.1000,100
41663240215570,11:34:23.240,74.1300,100
41668008459977,11:34:28.008,74.1600,100
41668008459977,11:34:28.008,74.1600,36
41668008462250,11:34:28.008,74.1600,59
41668008518207,11:34:28.008,74.1600,5
41723933300264,11:35:23.933,74.1700,100
41723933912208,11:35:23.933,74.1700,100
41723933915362,11:35:23.933,74.1700,100
41723933972299,11:35:23.933,74.1700,100
41723934012539,11:35:23.934,74.1700,23
41723934250546,11:35:23.934,74.1600,100
41728362673537,11:35:28.362,74.0900,100
41730003646794,11:35:30.003,74.0700,100
41730003646794,11:35:30.003,74.0700,100
41730003917985,11:35:30.003,74.0500,100
41730005098293,11:35:30.005,74.0100,100
41730005098293,11:35:30.005,74.0100,100
41787979919251,11:36:27.979,73.8900,91
41787979919251,11:36:27.979,73.8900,100
41789423016412,11:36:29.423,73.9100,100
41903095536730,11:38:23.095,73.8000,100
41903098001835,11:38:23.098,73.7600,100
41903098001835,11:38:23.098,73.7600,106
41909586300378,11:38:29.586,73.7000,100
41909586327346,11:38:29.586,73.7000,100
41909586350454,11:38:29.586,73.7000,100
41909586483175,11:38:29.586,73.7000,100
41909588666425,11:38:29.588,73.7000,100
41949351965228,11:39:09.351,73.5800,106
41949351965228,11:39:09.351,73.5800,94
41949352052145,11:39:09.352,73.5800,6
41949352318578,11:39:09.352,73.5700,100
42093820729859,11:41:33.820,73.5000,95
42093820731634,11:41:33.820,73.5000,5
42093820731634,11:41:33.820,73.5000,100
42093820731634,11:41:33.820,73.5000,100
42093821426868,11:41:33.821,73.4800,100
42093822157155,11:41:33.822,73.5000,100
42094820856049,11:41:34.820,73.4400,100
42094820856049,11:41:34.820,73.4400,100
42094822487335,11:41:34.822,73.4400,100
42095821158916,11:41:35.821,73.4200,100
42095821158916,11:41:35.821,73.4200,100
42095822196727,11:41:35.822,73.4100,100
42095927354183,11:41:35.927,73.4900,19
42095927354183,11:41:35.927,73.4900,100
42095927750820,11:41:35.927,73.4900,24
42095928581023,11:41:35.928,73.4900,76
42113388831839,11:41:53.388,73.5300,40
42113408886938,11:41:53.408,73.5500,100
42170873701055,11:42:50.873,73.6700,100
42170874351501,11:42:50.874,73.6500,40
42179841837796,11:42:59.841,73.5700,100
42179841837796,11:42:59.841,73.5500,28
42179842401904,11:42:59.842,73.5500,72
42179842401904,11:42:59.842,73.5500,40
42180389102464,11:43:00.389,73.5500,1
42278970437419,11:44:38.970,73.5500,100
42317782238565,11:45:17.782,73.6500,100
42317782261043,11:45:17.782,73.6500,18
42317782261043,11:45:17.782,73.6500,82
42317782371155,11:45:17.782,73.6500,18
42317782866183,11:45:17.782,73.6800,100
42317783563860,11:45:17.783,73.6600,2
42317783721170,11:45:17.783,73.6600,84
42317787761426,11:45:17.787,73.6600,10
42332033820761,11:45:32.033,73.7200,72
42334134771416,11:45:34.134,73.7200,28
42334134771416,11:45:34.134,73.7200,44
42338369426716,11:45:38.369,73.7200,56
42358781418565,11:45:58.781,73.7200,5
42402101566210,11:46:42.101,73.7000,100
42402102312018,11:46:42.102,73.7000,100
42402102843000,11:46:42.102,73.6600,100
42402104427405,11:46:42.104,73.6500,100
42402104791934,11:46:42.104,73.6500,100
42402105398398,11:46:42.105,73.6500,100
42402105498369,11:46:42.105,73.6600,72
42402105727274,11:46:42.105,73.6600,11
42402105736916,11:46:42.105,73.6600,17
42402107129408,11:46:42.107,73.6500,100
42402107129408,11:46:42.107,73.6500,100
42402108801983,11:46:42.108,73.6600,100
42402108801983,11:46:42.108,73.6600,10
42402108801983,11:46:42.108,73.6600,10
42402108801983,11:46:42.108,73.6600,10
42441802032440,11:47:21.802,73.6600,28
42441802083636,11:47:21.802,73.6600,72
42441802083636,11:47:21.802,73.6500,100
42441802083636,11:47:21.802,73.6500,28
42441802109686,11:47:21.802,73.6600,72
42462059091804,11:47:42.059,73.6500,100
42462059091804,11:47:42.059,73.6400,100
42462059091804,11:47:42.059,73.6400,100
42462059403201,11:47:42.059,73.6400,100
42464260912204,11:47:44.260,73.6800,19
42464260983807,11:47:44.260,73.6800,100
42464267214266,11:47:44.267,73.7000,72
42475082998528,11:47:55.082,73.6200,100
42475082998528,11:47:55.082,73.6100,172
42475082998528,11:47:55.082,73.6100,72
42481655126668,11:48:01.655,73.6000,72
42486903530728,11:48:06.903,73.6200,72
42487233074046,11:48:07.233,73.6200,28
42487233074046,11:48:07.233,73.6700,44
42487318146887,11:48:07.318,73.6700,56
42487318146887,11:48:07.318,73.6700,16
42487451850645,11:48:07.451,73.6700,51
42495046232900,11:48:15.046,73.5600,100
42549323705137,11:49:09.323,73.5700,100
42605640341544,11:50:05.640,73.5700,98
42656353480164,11:50:56.353,73.5700,100
42656353510691,11:50:56.353,73.5700,2
42656355226595,11:50:56.355,73.5600,100
42656355226595,11:50:56.355,73.5600,2
42656355859030,11:50:56.355,73.5600,98
42660895395299,11:51:00.895,73.5100,100
42660896896986,11:51:00.896,73.5100,99
42660896958343,11:51:00.896,73.5100,100
42660901087357,11:51:00.901,73.4700,100
42660901167507,11:51:00.901,73.4700,100
42661856293278,11:51:01.856,73.4400,100
42692054591871,11:51:32.054,73.3200,100
42714177490390,11:51:54.177,73.2300,100
42715253851213,11:51:55.253,73.3300,100
42715253917911,11:51:55.253,73.3300,46
42715253952071,11:51:55.253,73.3300,10
42715254789473,11:51:55.254,73.3300,44
42715254877323,11:51:55.254,73.3300,100
42715254940724,11:51:55.254,73.3300,56
42715254940724,11:51:55.254,73.3400,100
42715254940724,11:51:55.254,73.3400,44
42715255018713,11:51:55.255,73.3400,37
42715337434861,11:51:55.337,73.2600,10
42715483093846,11:51:55.483,73.2600,10
42715484034211,11:51:55.484,73.2600,80
42715484034211,11:51:55.484,73.2600,20
42721161507989,11:52:01.161,73.3400,18
42721164080490,11:52:01.164,73.3700,100
42721166219665,11:52:01.166,73.4000,100
42724878017115,11:52:04.878,73.4100,100
42724878017115,11:52:04.878,73.4100,17
42724878501167,11:52:04.878,73.4200,100
42724878501167,11:52:04.878,73.4200,100
42724878501167,11:52:04.878,73.4200,100
42724878501167,11:52:04.878,73.4200,5
42724878556448,11:52:04.878,73.4200,5
42724878562395,11:52:04.878,73.4200,95
42724878562395,11:52:04.878,73.4200,200
42727885417691,11:52:07.885,73.4400,16
42733248878914,11:52:13.248,73.4900,100
42733249372809,11:52:13.249,73.4900,100
42763300469023,11:52:43.300,73.5600,100
42765346511611,11:52:45.346,73.5400,100
42765346511611,11:52:45.346,73.5300,100
42765346511611,11:52:45.346,73.5300,100
42765346511611,11:52:45.346,73.5300,100
42765346513038,11:52:45.346,73.5300,100
42778748072952,11:52:58.748,73.3800,100
42799612794992,11:53:19.612,73.4600,100
42802902945709,11:53:22.902,73.4900,100
42802902970207,11:53:22.902,73.4900,100
42810236346871,11:53:30.236,73.5300,100
42848671969795,11:54:08.671,73.5400,100
42917469814905,11:55:17.469,73.5300,100
42917469814905,11:55:17.469,73.5400,100
42979429614557,11:56:19.429,73.4200,100
42979430227053,11:56:19.430,73.4100,100
42979431294029,11:56:19.431,73.4200,100
42979433123987,11:56:19.433,73.4200,100
43013415311015,11:56:53.415,73.4100,100
43013416944065,11:56:53.416,73.3700,100
43027757610393,11:57:07.757,73.3300,100
43027758389791,11:57:07.758,73.2900,100
43027759888779,11:57:07.759,73.2900,100
43087484940462,11:58:07.484,73.3100,70
43117864970260,11:58:37.864,73.3100,10
43120761151832,11:58:40.761,73.3600,100
43120761537419,11:58:40.761,73.3600,60
43120761537419,11:58:40.761,73.3700,100
43120761537419,11:58:40.761,73.3700,50
43120761537419,11:58:40.761,73.3700,100
43120761537419,11:58:40.761,73.3800,6
43120761547186,11:58:40.761,73.3800,94
43120761547186,11:58:40.761,73.3800,16
43120761547186,11:58:40.761,73.3800,100
43120761797128,11:58:40.761,73.3900,100
43120761810493,11:58:40.761,73.4000,29
43120762326267,11:58:40.762,73.4000,20
43120762351019,11:58:40.762,73.4000,51
43120762851414,11:58:40.762,73.4100,20
43120763118352,11:58:40.763,73.3900,60
43120763118352,11:58:40.763,73.3800,100
43120763118352,11:58:40.763,73.3800,18
43120763119336,11:58:40.763,73.4100,80
43120763119336,11:58:40.763,73.4100,20
43120763171754,11:58:40.763,73.4100,80
43120763176726,11:58:40.763,73.3800,82
43120764848527,11:58:40.764,73.3900,100
43121192838218,11:58:41.192,73.4600,100
43121192838218,11:58:41.192,73.4600,11
43121192894411,11:58:41.192,73.4600,89
43121192894411,11:58:41.192,73.4600,11
43121192906301,11:58:41.192,73.4600,89
43121192968119,11:58:41.192,73.4600,100
43122931757848,11:58:42.931,73.5900,100
43123320613041,11:58:43.320,73.6300,100
43180639287285,11:59:40.639,73.5600,100
43180639304394,11:59:40.639,73.5600,100
43180639335318,11:59:40.639,73.5400,54
43180639562003,11:59:40.639,73.5400,46
43182931975985,11:59:42.931,73.6300,100
43182952426097,11:59:42.952,73.6300,100
43214225370332,12:00:14.225,73.5600,100
43214225450775,12:00:14.225,73.5600,100
43216666782362,12:00:16.666,73.5600,100
43229931378752,12:00:29.931,73.6300,100
43325653999063,12:02:05.653,73.4300,100
43436347078627,12:03:56.347,73.4100,100
43436347078627,12:03:56.347,73.4100,100
43436347138210,12:03:56.347,73.4100,100
43436347162933,12:03:56.347,73.4100,59
43436347162933,12:03:56.347,73.4100,100
43436348035072,12:03:56.348,73.4000,100
43436350161006,12:03:56.350,73.3500,100
43436350161006,12:03:56.350,73.3500,100
43436350161006,12:03:56.350,73.3500,100
43436350596865,12:03:56.350,73.3500,100
43436351531792,12:03:56.351,73.3600,25
43436351578799,12:03:56.351,73.3600,75
43436535465975,12:03:56.535,73.4000,30
43436535934008,12:03:56.535,73.4000,17
43436535942306,12:03:56.535,73.4000,55
43436535968482,12:03:56.535,73.4000,28
43437203183481,12:03:57.203,73.3900,100
43437203318790,12:03:57.203,73.3900,100
43437276231414,12:03:57.276,73.3300,100
43439117566646,12:03:59.117,73.4400,100
43479791728698,12:04:39.791,73.3300,100
43479791728698,12:04:39.791,73.3300,100
43479791728698,12:04:39.791,73.3300,100
43516087966487,12:05:16.087,73.2700,97
43560827429081,12:06:00.827,73.3200,100
43560827429081,12:06:00.827,73.3700,100
43560827456065,12:06:00.827,73.3700,100
43560827483154,12:06:00.827,73.3700,80
43560827522990,12:06:00.827,73.3700,100
43560827691283,12:06:00.827,73.3800,100
43560828801599,12:06:00.828,73.3900,56
43560830422615,12:06:00.830,73.4100,99
43560830447379,12:06:00.830,73.4100,101
43560830447379,12:06:00.830,73.4100,100
43560830910014,12:06:00.830,73.4200,100
43560834854318,12:06:00.834,73.4300,200
43560835363350,12:06:00.835,73.4400,200
43560839257346,12:06:00.839,73.4500,100
43560839257346,12:06:00.839,73.4500,200
43560839257346,12:06:00.839,73.4500,100
43560839789743,12:06:00.839,73.4500,100
43560840368485,12:06:00.840,73.4700,100
43561932801859,12:06:01.932,73.4200,100
43561933043043,12:06:01.933,73.4200,100
43561933424593,12:06:01.933,73.4200,100
43561933494472,12:06:01.933,73.4300,100
43561937657272,12:06:01.937,73.4300,100
43561937657272,12:06:01.937,73.4300,100
43562009667139,12:06:02.009,73.4200,100
43562107135641,12:06:02.107,73.4200,57
43562112223835,12:06:02.112,73.4400,100
43563639971299,12:06:03.639,73.4400,15
43563640982340,12:06:03.640,73.4600,100
43563641400953,12:06:03.641,73.4600,100
43572608955585,12:06:12.608,73.4900,200
43572608955585,12:06:12.608,73.4900,100
43572609052417,12:06:12.609,73.5000,114
43572609076619,12:06:12.609,73.5000,86
43572609674028,12:06:12.609,73.5100,200
43572610156938,12:06:12.610,73.5200,84
43572610569055,12:06:12.610,73.5200,116
43572610858727,12:06:12.610,73.5300,100
43572610860051,12:06:12.610,73.5300,100
43583914701885,12:06:23.914,73.5300,65
43583914761934,12:06:23.914,73.5400,100
43583914761934,12:06:23.914,73.5500,200
43583914789501,12:06:23.914,73.5400,100
43595607702121,12:06:35.607,73.5000,100
43595607702121,12:06:35.607,73.5000,100
43595927070630,12:06:35.927,73.5000,7
43602287530651,12:06:42.287,73.4700,100
43602291078060,12:06:42.291,73.4700,100
43675805110827,12:07:55.805,73.5400,100
43679368570192,12:07:59.368,73.5500,100
43679368614181,12:07:59.368,73.5600,100
43679368618990,12:07:59.368,73.5600,100
43679368654109,12:07:59.368,73.5600,55
43679368655396,12:07:59.368,73.5600,45
43679369263456,12:07:59.369,73.5700,100
43679369263456,12:07:59.369,73.5700,100
43679369263456,12:07:59.369,73.5700,5
43679369263456,12:07:59.369,73.5700,10
43680933512768,12:08:00.933,73.5800,165
43680933541214,12:08:00.933,73.5800,35
43680933758356,12:08:00.933,73.5900,95
43680933765899,12:08:00.933,73.5900,5
43680933884879,12:08:00.933,73.6000,30
43680934661787,12:08:00.934,73.6000,70
43709453671294,12:08:29.453,73.5900,100
43709453671294,12:08:29.453,73.5900,100
43709536315544,12:08:29.536,73.5900,100
43709675982492,12:08:29.675,73.5900,100
43710309900203,12:08:30.309,73.5900,100
43710477969399,12:08:30.477,73.5900,100
43710479616813,12:08:30.479,73.5800,100
43710479740242,12:08:30.479,73.5800,100
43710479760847,12:08:30.479,73.5800,100
43710569293398,12:08:30.569,73.5900,100
43723496859538,12:08:43.496,73.5700,20
43723496864322,12:08:43.496,73.5700,55
43723496867493,12:08:43.496,73.5700,25
43723496867493,12:08:43.496,73.5700,30
43723496886599,12:08:43.496,73.5700,70
43723496886599,12:08:43.496,73.5700,100
43723496886599,12:08:43.496,73.5700,100
43723496886599,12:08:43.496,73.5700,100
43723497672647,12:08:43.497,73.5500,100
43723497672647,12:08:43.497,73.5500,100
43759177643717,12:09:19.177,73.5800,100
43759177746917,12:09:19.177,73.5900,100
43759178146055,12:09:19.178,73.5800,100
43787778784299,12:09:47.778,73.5600,100
43787778784299,12:09:47.778,73.5500,100
43787778810305,12:09:47.778,73.5500,100
43787778810305,12:09:47.778,73.5500,100
43787779608828,12:09:47.779,73.5200,147
43787786417701,12:09:47.786,73.5300,1
43808531730108,12:10:08.531,73.5600,88
43808531756741,12:10:08.531,73.5600,12
43808531756741,12:10:08.531,73.5600,15
43808531760558,12:10:08.531,73.5600,27
43808531779647,12:10:08.531,73.5600,27
43808531814421,12:10:08.531,73.5600,26
43808531961281,12:10:08.531,73.5600,20
43808531994229,12:10:08.531,73.6100,4
43808531995582,12:10:08.531,73.6100,96
43808531995582,12:10:08.531,73.6100,14
43808532220198,12:10:08.532,73.6100,16
43818233370078,12:10:18.233,73.6100,70
43818235070818,12:10:18.235,73.6200,100
43822294994461,12:10:22.294,73.6100,100
43822295023781,12:10:22.295,73.6100,100
43830195835836,12:10:30.195,73.6100,100
43830197577155,12:10:30.197,73.6000,100
43839779817459,12:10:39.779,73.5800,100
43868715762047,12:11:08.715,73.6300,86
43868715786226,12:11:08.715,73.6300,14
43920779240132,12:12:00.779,73.5600,100
43920779323224,12:12:00.779,73.5600,100
43920781998095,12:12:00.781,73.5500,100
43926714295557,12:12:06.714,73.5000,100
43926714295557,12:12:06.714,73.4900,100
43926714295557,12:12:06.714,73.4900,100
43926714372921,12:12:06.714,73.4900,100
43926715530675,12:12:06.715,73.4500,100
43929346525283,12:12:09.346,73.4400,100
43957579248686,12:12:37.579,73.4200,100
43957579248686,12:12:37.579,73.4200,100
43957579826889,12:12:37.579,73.4100,142
43988897465231,12:13:08.897,73.4700,100
43988897465231,12:13:08.897,73.4900,15
43988897491177,12:13:08.897,73.4900,85
43988897491177,12:13:08.897,73.4900,15
43988897717526,12:13:08.897,73.5000,30
43988897725429,12:13:08.897,73.5000,70
43988897725429,12:13:08.897,73.5100,30
43988897813799,12:13:08.897,73.5100,70
43988897813799,12:13:08.897,73.5200,30
43988897913544,12:13:08.897,73.5200,64
43988898550625,12:13:08.898,73.5200,6
43988902712918,12:13:08.902,73.5300,100
43988902712918,12:13:08.902,73.5400,100
43988902737717,12:13:08.902,73.5400,100
43988903155992,12:13:08.903,73.5500,100
43988903155992,12:13:08.903,73.5500,100
43988903408192,12:13:08.903,73.5400,100
43988903646685,12:13:08.903,73.5700,100
43988903646685,12:13:08.903,73.5700,100
43988904068222,12:13:08.904,73.5700,100
43988904068222,12:13:08.904,73.5800,100
43988907867647,12:13:08.907,73.5800,100
43988907867647,12:13:08.907,73.5800,39
43988932904697,12:13:08.932,73.5900,50
43989398268399,12:13:09.398,73.6000,100
43989398268399,12:13:09.398,73.6000,46
43989398294658,12:13:09.398,73.6000,54
43989398294658,12:13:09.398,73.6000,100
43989399997958,12:13:09.399,73.6100,100
43991199093466,12:13:11.199,73.6200,100
43991199318994,12:13:11.199,73.6200,36
43991199528132,12:13:11.199,73.6200,64
44044464832359,12:14:04.464,73.5500,100
44044464832359,12:14:04.464,73.5500,75
44044464834577,12:14:04.464,73.5500,25
44044464834577,12:14:04.464,73.5500,30
44044464892869,12:14:04.464,73.5500,70
44044465289341,12:14:04.465,73.5500,100
44044465698249,12:14:04.465,73.5500,100
44044466473448,12:14:04.466,73.5000,100
44060911166953,12:14:20.911,73.5000,100
44060912734091,12:14:20.912,73.5000,100
44060912926059,12:14:20.912,73.4900,100
