timestamp,time,price,volume
32342433344301,08:59:02.433,31.4100,32
34141226441849,09:29:01.226,31.3600,300
34141227514069,09:29:01.227,31.3600,33
34142226769472,09:29:02.226,31.3600,27
34142226769472,09:29:02.226,31.3600,100
34142226769472,09:29:02.226,31.3600,100
34142226769472,09:29:02.226,31.3600,60
34142226769472,09:29:02.226,31.3600,60
34142226769472,09:29:02.226,31.3600,288
34145222534779,09:29:05.222,31.3500,100
34145222534779,09:29:05.222,31.3500,100
34167228134702,09:29:27.228,31.3600,100
34194396329040,09:29:54.396,31.3500,100
34194396329040,09:29:54.396,31.3500,100
34200695162604,09:30:00.695,0.0000,0
34201225153057,09:30:01.225,31.3400,100
34204202735748,09:30:04.202,31.3300,100
34214031642559,09:30:14.031,31.3500,100
34214034441629,09:30:14.034,31.3500,100
34216071951225,09:30:16.071,31.3800,10
34218587959527,09:30:18.587,31.3800,100
34218588660987,09:30:18.588,31.3800,100
34218588660987,09:30:18.588,31.3800,100
34218588660987,09:30:18.588,31.3800,100
34218588660987,09:30:18.588,31.3800,100
34218588660987,09:30:18.588,31.3800,100
34218588660987,09:30:18.588,31.3800,100
34218588660987,09:30:18.588,31.3800,100
34218588660987,09:30:18.588,31.3800,100
34249243933796,09:30:49.243,31.3600,100
34249243961352,09:30:49.243,31.3500,100
34249243961352,09:30:49.243,31.3500,100
34268605333353,09:31:08.605,31.3800,100
34268605333353,09:31:08.605,31.3800,200
34269207918043,09:31:09.207,31.3700,100
34276145370949,09:31:16.145,31.3800,100
34276145370949,09:31:16.145,31.3800,37
34277397643364,09:31:17.397,31.3700,100
34277397643364,09:31:17.397,31.3700,100
34277397643364,09:31:17.397,31.3700,300
34277398885108,09:31:17.398,31.3700,100
34277398885108,09:31:17.398,31.3700,100
34278577281433,09:31:18.577,31.3600,100
34279005828338,09:31:19.005,31.3600,100
34283918447949,09:31:23.918,31.3600,100
34289298315224,09:31:29.298,31.3700,100
34290977218039,09:31:30.977,31.3600,100
34294004325892,09:31:34.004,31.3800,200
34294004325892,09:31:34.004,31.3800,100
34294004325892,09:31:34.004,31.3800,290
34303600377943,09:31:43.600,31.4000,200
34303600377943,09:31:43.600,31.4000,100
34303626523912,09:31:43.626,31.4100,100
34305941407121,09:31:45.941,31.4100,100
34336959470306,09:32:16.959,31.4000,100
34337823213109,09:32:17.823,31.3800,100
34337823213109,09:32:17.823,31.3800,100
34337823213109,09:32:17.823,31.3800,200
34354098006902,09:32:34.098,31.3700,100
34358377537636,09:32:38.377,31.3500,100
34358377537636,09:32:38.377,31.3500,100
34358377537636,09:32:38.377,31.3500,200
34358380570760,09:32:38.380,31.3500,100
34358381963863,09:32:38.381,31.3600,100
34388678324728,09:33:08.678,31.3700,100
34388678605488,09:33:08.678,31.3700,100
34388711581157,09:33:08.711,31.3700,100
34388711581157,09:33:08.711,31.3700,100
34388819397059,09:33:08.819,31.3700,100
34400217866530,09:33:20.217,31.3900,300
34400221919790,09:33:20.221,31.3800,100
34400328676516,09:33:20.328,31.3800,100
34403249942581,09:33:23.249,31.3800,100
34434743577886,09:33:54.743,31.4300,100
34447189501997,09:34:07.189,31.4100,100
34447189501997,09:34:07.189,31.4100,300
34467174333558,09:34:27.174,31.4300,11
34467174358940,09:34:27.174,31.4300,89
34477385239955,09:34:37.385,31.4000,100
34477385239955,09:34:37.385,31.4000,100
34487151815346,09:34:47.151,31.3900,100
34487205311520,09:34:47.205,31.3900,100
34487205311520,09:34:47.205,31.3900,100
34488536160063,09:34:48.536,31.3800,100
34488537666451,09:34:48.537,31.3800,200
34488537666451,09:34:48.537,31.3800,100
34488537666451,09:34:48.537,31.3800,100
34488537666451,09:34:48.537,31.3800,100
34513192089542,09:35:13.192,31.3600,100
34513192089542,09:35:13.192,31.3600,100
34513192089542,09:35:13.192,31.3600,100
34518333973318,09:35:18.333,31.3600,100
34533554750031,09:35:33.554,31.4000,100
34533554791141,09:35:33.554,31.4000,100
34536702924278,09:35:36.702,31.4000,100
34544917477370,09:35:44.917,31.3900,100
34561604305520,09:36:01.604,31.3500,100
34561604305520,09:36:01.604,31.3500,100
34574947052548,09:36:14.947,31.3500,100
34581822430753,09:36:21.822,31.3400,200
34582022759748,09:36:22.022,31.3400,100
34613373700853,09:36:53.373,31.3700,100
34617009976365,09:36:57.009,31.3700,100
34617009976365,09:36:57.009,31.3700,100
34617009976365,09:36:57.009,31.3700,100
34617023071137,09:36:57.023,31.3700,100
34617023071137,09:36:57.023,31.3700,100
34617033656573,09:36:57.033,31.3600,100
34617261403591,09:36:57.261,31.3600,50
34620896003298,09:37:00.896,31.3700,100
34621292820047,09:37:01.292,31.3700,100
34652781989017,09:37:32.781,31.3800,100
34652781989017,09:37:32.781,31.3800,100
34652781989017,09:37:32.781,31.3800,100
34652781989017,09:37:32.781,31.3800,100
34652781989017,09:37:32.781,31.3800,100
34652782738828,09:37:32.782,31.3800,100
34652782738828,09:37:32.782,31.3800,110
34652782738828,09:37:32.782,31.3800,100
34652782738828,09:37:32.782,31.3800,1
34652782971680,09:37:32.782,31.3800,14
34652783504410,09:37:32.783,31.3800,100
34652784333515,09:37:32.784,31.3800,100
34652784333515,09:37:32.784,31.3800,100
34654312202037,09:37:34.312,31.3700,100
34654312202037,09:37:34.312,31.3800,100
34654313785746,09:37:34.313,31.3800,200
34654313785746,09:37:34.313,31.3800,100
34655261614264,09:37:35.261,31.3800,200
34655366363643,09:37:35.366,31.3900,100
34655366363643,09:37:35.366,31.3900,100
34655507330111,09:37:35.507,31.3900,100
34658360861745,09:37:38.360,31.3900,100
34658367894817,09:37:38.367,31.3900,100
34661885566211,09:37:41.885,31.3900,200
34661885566211,09:37:41.885,31.3900,100
34661885566211,09:37:41.885,31.3900,100
34661894293233,09:37:41.894,31.3900,100
34661894293233,09:37:41.894,31.3900,100
34664897717393,09:37:44.897,31.4000,100
34664906447104,09:37:44.906,31.4000,100
34664906447104,09:37:44.906,31.4000,100
34668068079278,09:37:48.068,31.4100,53
34668092555858,09:37:48.092,31.4100,100
34668096209175,09:37:48.096,31.4100,200
34668096209175,09:37:48.096,31.4100,100
34669316809579,09:37:49.316,31.4100,1
34670185490578,09:37:50.185,31.4200,100
34675379168571,09:37:55.379,31.3900,100
34676738832654,09:37:56.738,31.3900,100
34677612576663,09:37:57.612,31.3800,29
34678463146465,09:37:58.463,31.3700,200
34678463146465,09:37:58.463,31.3700,100
34688463590266,09:38:08.463,31.3800,100
34688494689079,09:38:08.494,31.3800,100
34688494689079,09:38:08.494,31.3800,100
34693257595854,09:38:13.257,31.3800,100
34698278214474,09:38:18.278,31.3700,95
34700999087454,09:38:20.999,31.3600,100
34709787835679,09:38:29.787,31.3900,100
34746573442589,09:39:06.573,31.3900,200
34758487551563,09:39:18.487,31.3800,100
34774097758000,09:39:34.097,31.3700,100
34781090755649,09:39:41.090,31.3800,100
34790329112941,09:39:50.329,31.3700,100
34823078501550,09:40:23.078,31.3600,100
34856427880892,09:40:56.427,31.4300,200
34856427880892,09:40:56.427,31.4300,100
34858551565981,09:40:58.551,31.4400,200
34881683927095,09:41:21.683,31.4900,100
34882980218165,09:41:22.980,31.4900,100
34886590377417,09:41:26.590,31.5100,200
34899255135033,09:41:39.255,31.5500,200
34907495760751,09:41:47.495,31.5300,100
34911031154185,09:41:51.031,31.5400,100
34931203718218,09:42:11.203,31.5300,100
34931238119652,09:42:11.238,31.5300,100
34937702327380,09:42:17.702,31.5300,100
34937702327380,09:42:17.702,31.5300,100
34937702327380,09:42:17.702,31.5300,100
34937702327380,09:42:17.702,31.5300,100
34937703280007,09:42:17.703,31.5300,100
34937804719765,09:42:17.804,31.5300,100
34961731276786,09:42:41.731,31.5200,200
34961731276786,09:42:41.731,31.5200,100
34961731276786,09:42:41.731,31.5200,100
34961731276786,09:42:41.731,31.5200,200
34962765066219,09:42:42.765,31.5100,100
34962765066219,09:42:42.765,31.5100,100
34976344365904,09:42:56.344,31.5400,100
34976344365904,09:42:56.344,31.5400,179
35013849724365,09:43:33.849,31.5800,100
35019982716933,09:43:39.982,31.6000,200
35019982716933,09:43:39.982,31.6000,100
35025472692931,09:43:45.472,31.5800,9
35036101541045,09:43:56.101,31.5600,100
35036101541045,09:43:56.101,31.5600,300
35041053325610,09:44:01.053,31.5600,100
35047802011752,09:44:07.802,31.6300,100
35047802011752,09:44:07.802,31.6300,300
35047802011752,09:44:07.802,31.6300,300
35047803650747,09:44:07.803,31.6400,100
35067518447836,09:44:27.518,31.6100,100
35093401967231,09:44:53.401,31.6000,100
35093401967231,09:44:53.401,31.6000,62
35094605618753,09:44:54.605,31.6000,100
35096426841964,09:44:56.426,31.6100,100
35096427944910,09:44:56.427,31.6100,100
35096427944910,09:44:56.427,31.6100,100
35096427944910,09:44:56.427,31.6100,100
35096428009688,09:44:56.428,31.6100,100
35100224443521,09:45:00.224,31.5900,100
35102228480776,09:45:02.228,31.5800,100
35102423120414,09:45:02.423,31.5800,100
35104930876810,09:45:04.930,31.5800,100
35105405101929,09:45:05.405,31.5800,100
35106567759833,09:45:06.567,31.5700,200
35106567759833,09:45:06.567,31.5700,100
35106567759833,09:45:06.567,31.5700,100
35113078649381,09:45:13.078,31.5700,100
35113105372745,09:45:13.105,31.5700,100
35114366451401,09:45:14.366,31.5700,100
35131549455352,09:45:31.549,31.5800,100
35158433472678,09:45:58.433,31.5700,100
35176890372545,09:46:16.890,31.5400,100
35182693964837,09:46:22.693,31.5400,100
35187111633363,09:46:27.111,31.5500,71
35190595419374,09:46:30.595,31.5400,100
35190595419374,09:46:30.595,31.5400,100
35190595419374,09:46:30.595,31.5400,200
35190595419374,09:46:30.595,31.5400,200
35204013307235,09:46:44.013,31.5400,100
35204013307235,09:46:44.013,31.5400,100
35204013307235,09:46:44.013,31.5400,100
35204021573418,09:46:44.021,31.5300,400
35204021573418,09:46:44.021,31.5300,100
35204021573418,09:46:44.021,31.5300,100
35204021573418,09:46:44.021,31.5300,100
35204021573418,09:46:44.021,31.5300,100
35204021573418,09:46:44.021,31.5300,100
35204021626763,09:46:44.021,31.5300,100
35211342405062,09:46:51.342,31.5200,200
35211342405062,09:46:51.342,31.5200,100
35213988543451,09:46:53.988,31.5300,100
35215142284117,09:46:55.142,31.5300,100
35216369913112,09:46:56.369,31.5000,100
35216370056455,09:46:56.370,31.5000,200
35216514906199,09:46:56.514,31.5000,100
35217924996852,09:46:57.924,31.5100,100
35245682137728,09:47:25.682,31.5100,11
35291882017189,09:48:11.882,31.5600,100
35291882017189,09:48:11.882,31.5600,100
35295387727931,09:48:15.387,31.5500,100
35295387727931,09:48:15.387,31.5500,100
35295387727931,09:48:15.387,31.5500,100
35295650127029,09:48:15.650,31.5400,99
35306116912132,09:48:26.116,31.5400,100
35330634490096,09:48:50.634,31.5700,100
35330634490096,09:48:50.634,31.5700,400
35330634490096,09:48:50.634,31.5800,100
35330634490096,09:48:50.634,31.5800,100
35330648697010,09:48:50.648,31.5900,100
35331307748364,09:48:51.307,31.5800,100
35332492644404,09:48:52.492,31.5800,100
35342782955203,09:49:02.782,31.5700,100
35353984833789,09:49:13.984,31.5500,100
35353984833789,09:49:13.984,31.5500,100
35358676950098,09:49:18.676,31.5300,100
35423729959484,09:50:23.729,31.5400,200
35423729959484,09:50:23.729,31.5400,200
35423730069602,09:50:23.730,31.5500,100
35423730069602,09:50:23.730,31.5500,100
35423733146545,09:50:23.733,31.5500,100
35431022401598,09:50:31.022,31.5500,100
35431022401598,09:50:31.022,31.5400,100
35438084118891,09:50:38.084,31.5400,100
35481770473551,09:51:21.770,31.5300,100
35501414762134,09:51:41.414,31.5500,100
35502321960548,09:51:42.321,31.5500,100
35509609870144,09:51:49.609,31.5400,100
35521776622613,09:52:01.776,31.5400,100
35533275853152,09:52:13.275,31.5400,100
35533276877453,09:52:13.276,31.5400,100
35533276877453,09:52:13.276,31.5400,100
35533276877453,09:52:13.276,31.5400,100
35533276877453,09:52:13.276,31.5400,100
35533276877453,09:52:13.276,31.5400,75
35533277291382,09:52:13.277,31.5400,25
35573144654574,09:52:53.144,31.5400,300
35573144654574,09:52:53.144,31.5400,100
35573144767689,09:52:53.144,31.5500,200
35573145297748,09:52:53.145,31.5400,50
35573145953966,09:52:53.145,31.5500,100
35573151746706,09:52:53.151,31.5600,500
35573152031536,09:52:53.152,31.5600,600
35573152166744,09:52:53.152,31.5600,1400
35573159703057,09:52:53.159,31.5600,40
35573159767243,09:52:53.159,31.5600,60
35573159767243,09:52:53.159,31.5600,100
35587029935117,09:53:07.029,31.5700,100
35590849572752,09:53:10.849,31.5900,100
35590950465885,09:53:10.950,31.5900,200
35590950465885,09:53:10.950,31.5900,100
35620080136701,09:53:40.080,31.6100,200
35690721498117,09:54:50.721,31.6000,100
35710725015908,09:55:10.725,31.5800,100
35710812924919,09:55:10.812,31.5800,100
35714739697526,09:55:14.739,31.5700,100
35721962042663,09:55:21.962,31.5600,100
35722098573581,09:55:22.098,31.5600,100
35722741355737,09:55:22.741,31.5600,100
35750390645976,09:55:50.390,31.5700,100
35755924489659,09:55:55.924,31.5900,100
35756469962589,09:55:56.469,31.5900,100
35757118585848,09:55:57.118,31.5900,200
35757118585848,09:55:57.118,31.5900,100
35761920437587,09:56:01.920,31.6100,200
35764312593512,09:56:04.312,31.6200,17
35764386628343,09:56:04.386,31.6200,100
35876986702418,09:57:56.986,31.6700,100
35882605391196,09:58:02.605,31.6800,100
35887606507160,09:58:07.606,31.6800,100
35887606507160,09:58:07.606,31.6800,100
35887606507160,09:58:07.606,31.6800,100
35896006643206,09:58:16.006,31.6800,100
35896721281752,09:58:16.721,31.6800,1
35915053678971,09:58:35.053,31.6600,100
35918628143897,09:58:38.628,31.6700,100
35918647810213,09:58:38.647,31.6700,100
35925931796352,09:58:45.931,31.6800,100
35925931796352,09:58:45.931,31.6800,100
35925931796352,09:58:45.931,31.6800,100
35929406435791,09:58:49.406,31.6700,100
35930975888484,09:58:50.975,31.6800,1100
35939790644632,09:58:59.790,31.6700,100
35939855610779,09:58:59.855,31.6700,200
35946287558263,09:59:06.287,31.7000,100
35946287558263,09:59:06.287,31.7000,100
35946287558263,09:59:06.287,31.7000,100
35946287558263,09:59:06.287,31.7000,100
35952641798916,09:59:12.641,31.7100,100
35952646892732,09:59:12.646,31.7100,100
35952646892732,09:59:12.646,31.7100,100
35952646892732,09:59:12.646,31.7100,100
35952647553223,09:59:12.647,31.7100,29
35952730888037,09:59:12.730,31.7200,100
35952778017718,09:59:12.778,31.7200,100
35953545554188,09:59:13.545,31.7100,100
35958057400516,09:59:18.057,31.7100,100
35970624647413,09:59:30.624,31.7200,29
35975518129964,09:59:35.518,31.6900,100
36011008175701,10:00:11.008,31.7500,100
36011009002429,10:00:11.009,31.7500,100
36059225258165,10:00:59.225,31.7200,100
36106523109506,10:01:46.523,31.7200,100
36114739443236,10:01:54.739,31.7200,41
36114758974276,10:01:54.758,31.7200,59
36130152884572,10:02:10.152,31.7300,64
36147422504920,10:02:27.422,31.7500,100
36156145958766,10:02:36.145,31.7600,18
36160414699884,10:02:40.414,31.7800,100
36160414699884,10:02:40.414,31.7800,100
36166646998189,10:02:46.646,31.7900,400
36166646998189,10:02:46.646,31.7900,200
36166686510315,10:02:46.686,31.8000,1
36166686510315,10:02:46.686,31.8000,100
36166686510315,10:02:46.686,31.8000,300
36166686871212,10:02:46.686,31.8100,100
36166715399742,10:02:46.715,31.8200,400
36166715399742,10:02:46.715,31.8200,100
36166715399742,10:02:46.715,31.8200,100
36166717745002,10:02:46.717,31.8300,100
36166748717086,10:02:46.748,31.8400,63
36169050902361,10:02:49.050,31.8400,100
36172936766205,10:02:52.936,31.8200,100
36173266083278,10:02:53.266,31.8200,100
36174296487139,10:02:54.296,31.8100,100
36174365538295,10:02:54.365,31.8100,100
36174570261149,10:02:54.570,31.8200,100
36180039218813,10:03:00.039,31.8300,100
36181349670249,10:03:01.349,31.8300,100
36185369754765,10:03:05.369,31.8300,100
36191934690605,10:03:11.934,31.8400,100
36191934690605,10:03:11.934,31.8400,100
36198242011960,10:03:18.242,31.8300,91
36198242047743,10:03:18.242,31.8300,9
36201502377387,10:03:21.502,31.8200,100
36202946993824,10:03:22.946,31.8200,100
36244643866364,10:04:04.643,31.8100,100
36246116153240,10:04:06.116,31.8100,100
36246116153240,10:04:06.116,31.8100,143
36249658945784,10:04:09.658,31.7900,100
36249658945784,10:04:09.658,31.8000,141
36249658945784,10:04:09.658,31.8000,100
36249658945784,10:04:09.658,31.8000,100
36249658945784,10:04:09.658,31.8000,100
36250918426059,10:04:10.918,31.8000,100
36252572901442,10:04:12.572,31.7900,100
36252572901442,10:04:12.572,31.7900,100
36252572901442,10:04:12.572,31.7900,100
36252572901442,10:04:12.572,31.7900,118
36263861218873,10:04:23.861,31.7900,100
36263861218873,10:04:23.861,31.7900,400
36265351589945,10:04:25.351,31.7900,100
36277428003459,10:04:37.428,31.8000,100
36295343815689,10:04:55.343,31.8100,100
36310582337467,10:05:10.582,31.8300,100
36311926362830,10:05:11.926,31.8400,100
36312031574813,10:05:12.031,31.8400,100
36317336344970,10:05:17.336,31.8500,100
36317358526263,10:05:17.358,31.8500,100
36323240564766,10:05:23.240,31.8400,33
36330541891885,10:05:30.541,31.8300,42
36337317317877,10:05:37.317,31.8200,29
36344725838849,10:05:44.725,31.8100,100
36364277859432,10:06:04.277,31.7900,100
36367902055153,10:06:07.902,31.7900,100
36377193216712,10:06:17.193,31.7800,57
36399478311427,10:06:39.478,31.7500,100
36415434554574,10:06:55.434,31.7300,100
36415457765788,10:06:55.457,31.7300,100
36419328861573,10:06:59.328,31.7200,100
36426914445075,10:07:06.914,31.7200,100
36427117409021,10:07:07.117,31.7200,100
36430170449150,10:07:10.170,31.7200,100
36430200621992,10:07:10.200,31.7200,100
36432255999009,10:07:12.255,31.7200,100
36468804989703,10:07:48.804,31.7400,41
36468805020049,10:07:48.805,31.7400,59
36474566455881,10:07:54.566,31.7300,100
36474566455881,10:07:54.566,31.7300,100
36480255846180,10:08:00.255,31.7400,51
36494774895005,10:08:14.774,31.7100,100
36494774895005,10:08:14.774,31.7100,100
36494776131924,10:08:14.776,31.7100,200
36494776131924,10:08:14.776,31.7100,100
36494776131924,10:08:14.776,31.7100,100
36494776131924,10:08:14.776,31.7100,100
36494776131924,10:08:14.776,31.7100,100
36514986430271,10:08:34.986,31.7300,100
36536166561213,10:08:56.166,31.7100,90
36551101917208,10:09:11.101,31.7000,100
36551960981625,10:09:11.960,31.7200,100
36560036919305,10:09:20.036,31.7300,100
36563306598460,10:09:23.306,31.7300,90
36570319573816,10:09:30.319,31.7300,40
36588769882260,10:09:48.769,31.7000,100
36612112804342,10:10:12.112,31.6900,100
36612112874374,10:10:12.112,31.6900,31
36612127028120,10:10:12.127,31.6850,400
36612127028120,10:10:12.127,31.6800,2
36622223285619,10:10:22.223,31.7000,100
36623375494024,10:10:23.375,31.7000,100
36624580253119,10:10:24.580,31.7100,100
36625094320355,10:10:25.094,31.7200,100
36625875744121,10:10:25.875,31.7200,3
36629213997059,10:10:29.213,31.7200,100
36632944225682,10:10:32.944,31.7300,100
36650898572232,10:10:50.898,31.7100,100
36650898572232,10:10:50.898,31.7100,100
36650898572232,10:10:50.898,31.7200,200
36650898572232,10:10:50.898,31.7200,100
36650898572232,10:10:50.898,31.7200,100
36650901614826,10:10:50.901,31.7300,200
36650902843281,10:10:50.902,31.7300,100
36650904404826,10:10:50.904,31.7300,100
36707419644711,10:11:47.419,31.6800,98
36707441019457,10:11:47.441,31.6800,100
36708666906260,10:11:48.666,31.6700,200
36708666906260,10:11:48.666,31.6700,100
36708666906260,10:11:48.666,31.6700,100
36708688819115,10:11:48.688,31.6600,100
36708688819115,10:11:48.688,31.6600,100
36708688819115,10:11:48.688,31.6600,200
36708690855315,10:11:48.690,31.6500,100
36708690855315,10:11:48.690,31.6500,100
36708732770916,10:11:48.732,31.6500,100
36708768110949,10:11:48.768,31.6500,100
36708771347956,10:11:48.771,31.6500,100
36708869736999,10:11:48.869,31.6500,100
36709313307422,10:11:49.313,31.6500,100
36709313586356,10:11:49.313,31.6500,100
36709962663220,10:11:49.962,31.6500,100
36712777510328,10:11:52.777,31.6700,100
36715441371900,10:11:55.441,31.6400,100
36715441371900,10:11:55.441,31.6400,100
36715441830575,10:11:55.441,31.6400,100
36715442285783,10:11:55.442,31.6400,100
36715443583489,10:11:55.443,31.6400,100
36715443583489,10:11:55.443,31.6400,100
36715490800077,10:11:55.490,31.6400,100
36715628544883,10:11:55.628,31.6400,100
36725076125957,10:12:05.076,31.6300,100
36730273720327,10:12:10.273,31.6300,27
36737558253611,10:12:17.558,31.6400,100
36742190086662,10:12:22.190,31.6400,100
36742190086662,10:12:22.190,31.6400,100
36744331519241,10:12:24.331,31.6400,100
36744373831461,10:12:24.373,31.6400,100
36778688002546,10:12:58.688,31.6700,100
36778688002546,10:12:58.688,31.6700,100
36779592317419,10:12:59.592,31.6700,100
36784301958299,10:13:04.301,31.6700,100
36784302241778,10:13:04.302,31.6700,100
36787065114727,10:13:07.065,31.6800,200
36787065114727,10:13:07.065,31.6800,100
36787175972088,10:13:07.175,31.6800,100
36787306777396,10:13:07.306,31.6800,200
36787306777396,10:13:07.306,31.6800,100
36789612888172,10:13:09.612,31.6800,100
36789687452979,10:13:09.687,31.6800,100
36790537554928,10:13:10.537,31.6800,100
36795499181231,10:13:15.499,31.6700,100
36813593670435,10:13:33.593,31.6800,100
36815428417428,10:13:35.428,31.6900,79
36845353521994,10:14:05.353,31.6900,100
36868236741325,10:14:28.236,31.6900,100
36884421703592,10:14:44.421,31.6600,100
36920720387208,10:15:20.720,31.6500,100
36920720667761,10:15:20.720,31.6500,100
36921767703433,10:15:21.767,31.6500,100
36923936422355,10:15:23.936,31.6500,100
36932641493226,10:15:32.641,31.6600,100
36949508830277,10:15:49.508,31.6300,100
36949510392801,10:15:49.510,31.6300,100
36949511601995,10:15:49.511,31.6300,200
36949511601995,10:15:49.511,31.6300,100
36949511601995,10:15:49.511,31.6300,100
36949511601995,10:15:49.511,31.6300,100
36949511601995,10:15:49.511,31.6300,100
36949511601995,10:15:49.511,31.6300,200
36949511601995,10:15:49.511,31.6300,100
36949512085946,10:15:49.512,31.6300,100
36968983699714,10:16:08.983,31.6300,100
36994939077100,10:16:34.939,31.6100,100
37005562920460,10:16:45.562,31.6200,100
37012557262189,10:16:52.557,31.6300,100
37023526962122,10:17:03.526,31.6500,100
37027024768694,10:17:07.024,31.6600,100
37027176989430,10:17:07.176,31.6600,100
37032806615165,10:17:12.806,31.6600,100
37035190712690,10:17:15.190,31.6700,100
37035190712690,10:17:15.190,31.6700,100
37039174441701,10:17:19.174,31.6800,28
37039861592224,10:17:19.861,31.6900,200
37040020170209,10:17:20.020,31.6900,100
37040475356867,10:17:20.475,31.6900,200
37040475356867,10:17:20.475,31.6900,100
37068434617527,10:17:48.434,31.6800,100
37068534649996,10:17:48.534,31.6800,100
37072763811820,10:17:52.763,31.6800,100
37075234126623,10:17:55.234,31.6800,100
37088634158209,10:18:08.634,31.7100,100
37088767205258,10:18:08.767,31.7100,100
37088767205258,10:18:08.767,31.7100,100
37098011175281,10:18:18.011,31.7100,100
37113709839096,10:18:33.709,31.7300,100
37114051435054,10:18:34.051,31.7300,200
37114051435054,10:18:34.051,31.7300,100
37114051435054,10:18:34.051,31.7300,100
37126287750922,10:18:46.287,31.7300,90
37184614643417,10:19:44.614,31.6900,100
37184614643417,10:19:44.614,31.6900,100
37187228102698,10:19:47.228,31.6800,100
37187228993129,10:19:47.228,31.6800,200
37187247464601,10:19:47.247,31.6800,100
37187247847066,10:19:47.247,31.6800,100
37187247847066,10:19:47.247,31.6800,100
37199862103814,10:19:59.862,31.6700,100
37206440148247,10:20:06.440,31.6600,200
37206440148247,10:20:06.440,31.6600,100
37206440148247,10:20:06.440,31.6600,100
37223682123183,10:20:23.682,31.6400,100
37232458927425,10:20:32.458,31.6300,100
37232461952060,10:20:32.461,31.6300,100
37270830728255,10:21:10.830,31.6500,100
37292025275798,10:21:32.025,31.6300,100
37311254204744,10:21:51.254,31.6300,400
37311254229730,10:21:51.254,31.6300,409
37311254272426,10:21:51.254,31.6300,16
37312066092830,10:21:52.066,31.6300,200
37312066499150,10:21:52.066,31.6300,100
37312066748935,10:21:52.066,31.6300,75
37346771734250,10:22:26.771,31.6000,100
37346775702277,10:22:26.775,31.5900,100
37346775702277,10:22:26.775,31.5900,100
37353221822412,10:22:33.221,31.5800,100
37353221822412,10:22:33.221,31.5800,100
37353221822412,10:22:33.221,31.5800,100
37353222126378,10:22:33.222,31.5800,100
37353222126378,10:22:33.222,31.5800,100
37353222126378,10:22:33.222,31.5800,100
37353222126378,10:22:33.222,31.5800,300
37353223775501,10:22:33.223,31.5800,100
37365002728965,10:22:45.002,31.5700,1
37365288551118,10:22:45.288,31.5700,99
37434625688546,10:23:54.625,31.5800,100
37473572368914,10:24:33.572,31.6000,100
37473572368914,10:24:33.572,31.6000,100
37473572368914,10:24:33.572,31.6000,165
37473589755752,10:24:33.589,31.6000,35
37473589755752,10:24:33.589,31.6000,65
37509065423904,10:25:09.065,31.5700,100
37561547136392,10:26:01.547,31.5600,100
37613581596030,10:26:53.581,31.5700,100
37617790344600,10:26:57.790,31.5800,100
37628417571933,10:27:08.417,31.5800,100
37628417571933,10:27:08.417,31.5800,100
37636626348847,10:27:16.626,31.5900,100
37637658814919,10:27:17.658,31.6000,200
37646945369649,10:27:26.945,31.6100,200
37647324270709,10:27:27.324,31.6100,100
37679200930932,10:27:59.200,31.6100,100
37679200930932,10:27:59.200,31.6100,100
37750122106474,10:29:10.122,31.5700,100
37750122106474,10:29:10.122,31.5700,100
37805622093967,10:30:05.622,31.5700,100
37830873009751,10:30:30.873,31.5600,100
37856518106827,10:30:56.518,31.5800,100
37856518106827,10:30:56.518,31.5800,100
37868056050738,10:31:08.056,31.5900,31
37871487119040,10:31:11.487,31.6100,100
37871536210471,10:31:11.536,31.6000,100
37878087260756,10:31:18.087,31.6000,100
37878092656287,10:31:18.092,31.6000,100
37878096892301,10:31:18.096,31.6000,100
37883505863530,10:31:23.505,31.6000,19
37893023665887,10:31:33.023,31.6000,100
37894804776942,10:31:34.804,31.6000,100
37923087548558,10:32:03.087,31.6000,100
37933697697119,10:32:13.697,31.6100,100
37933697697119,10:32:13.697,31.6100,100
37933697697119,10:32:13.697,31.6100,100
37981971925340,10:33:01.971,31.6000,100
37990086997419,10:33:10.086,31.6000,100
38035326123983,10:33:55.326,31.6100,51
38048006720447,10:34:08.006,31.6100,100
38048105227367,10:34:08.105,31.6100,100
38054484560233,10:34:14.484,31.6200,100
38066016931838,10:34:26.016,31.6200,100
38140691015234,10:35:40.691,31.6200,100
38146993905892,10:35:46.993,31.6200,100
38236393945076,10:37:16.393,31.6300,100
38260883649651,10:37:40.883,31.6500,100
38260885555994,10:37:40.885,31.6600,200
38260885555994,10:37:40.885,31.6600,100
38260885555994,10:37:40.885,31.6600,100
38260886319445,10:37:40.886,31.6600,100
38260886558655,10:37:40.886,31.6600,100
38260886683828,10:37:40.886,31.6600,100
38296048092302,10:38:16.048,31.6700,100
38301025311101,10:38:21.025,31.6500,4
38301091523874,10:38:21.091,31.6500,100
38301091588227,10:38:21.091,31.6500,100
38301222418252,10:38:21.222,31.6500,200
38301222418252,10:38:21.222,31.6500,100
38306253275212,10:38:26.253,31.6400,100
38318338232850,10:38:38.338,31.6300,100
38320007253998,10:38:40.007,31.6300,100
38346300220267,10:39:06.300,31.6200,200
38407151845016,10:40:07.151,31.6000,100
38413160096943,10:40:13.160,31.5900,100
38413160096943,10:40:13.160,31.5900,100
38413160096943,10:40:13.160,31.5900,200
38413160096943,10:40:13.160,31.5900,200
38424065370421,10:40:24.065,31.5800,100
38424342742243,10:40:24.342,31.5800,400
38436195338781,10:40:36.195,31.5900,100
38437417914944,10:40:37.417,31.5800,100
38437417914944,10:40:37.417,31.5800,100
38437417914944,10:40:37.417,31.5800,100
38437417914944,10:40:37.417,31.5800,100
38437417914944,10:40:37.417,31.5800,100
38451037018144,10:40:51.037,31.5800,100
38463437960761,10:41:03.437,31.5800,64
38492665834883,10:41:32.665,31.5900,58
38531186817467,10:42:11.186,31.5900,200
38531186817467,10:42:11.186,31.5900,100
38544586056577,10:42:24.586,31.6000,100
38544625233294,10:42:24.625,31.6000,100
38544625233294,10:42:24.625,31.6000,100
38544849249840,10:42:24.849,31.6000,100
38545752421047,10:42:25.752,31.6000,100
38573116191062,10:42:53.116,31.5800,36
38573116221576,10:42:53.116,31.5800,64
38592004788935,10:43:12.004,31.5800,100
38643307910734,10:44:03.307,31.5500,200
38643307910734,10:44:03.307,31.5500,100
38644757875518,10:44:04.757,31.5500,36
38645250177044,10:44:05.250,31.5500,100
38656230560646,10:44:16.230,31.5300,200
38656230560646,10:44:16.230,31.5300,200
38656231457860,10:44:16.231,31.5200,100
38656233845281,10:44:16.233,31.5200,100
38656282899496,10:44:16.282,31.5200,100
38656282899496,10:44:16.282,31.5200,6
38665413502944,10:44:25.413,31.5000,10
38667186679278,10:44:27.186,31.4700,100
38667186679278,10:44:27.186,31.4700,100
38667187757659,10:44:27.187,31.4700,200
38667187757659,10:44:27.187,31.4700,100
38667187806871,10:44:27.187,31.4700,100
38674183205404,10:44:34.183,31.4700,60
38674183873640,10:44:34.183,31.4700,40
38729307165250,10:45:29.307,31.4500,100
38733277789747,10:45:33.277,31.4600,100
38733277789747,10:45:33.277,31.4600,400
38733277789747,10:45:33.277,31.4600,100
38736030385784,10:45:36.030,31.4600,100
38747912195831,10:45:47.912,31.4700,100
38747912195831,10:45:47.912,31.4700,100
38747912195831,10:45:47.912,31.4700,600
38750521310598,10:45:50.521,31.4700,100
38822311326710,10:47:02.311,31.4900,100
38825397630368,10:47:05.397,31.5000,100
38825397630368,10:47:05.397,31.5000,100
38825397630368,10:47:05.397,31.5000,100
38848871846069,10:47:28.871,31.4900,100
38892279878952,10:48:12.279,31.5000,100
38960770513398,10:49:20.770,31.4800,16
38970422977942,10:49:30.422,31.4900,100
38974958823534,10:49:34.958,31.4900,100
38978665553697,10:49:38.665,31.4900,100
39003360632646,10:50:03.360,31.5100,100
39003360632646,10:50:03.360,31.5100,100
39100541049767,10:51:40.541,31.4800,100
39157434832897,10:52:37.434,31.4800,100
39157521578002,10:52:37.521,31.4800,7
39179862890689,10:52:59.862,31.5100,97
39179863077089,10:52:59.863,31.5100,3
39179863077089,10:52:59.863,31.5100,94
39179863140638,10:52:59.863,31.5100,97
39179863223161,10:52:59.863,31.5100,97
39179863290757,10:52:59.863,31.5100,97
39179863356451,10:52:59.863,31.5100,15
39185224812645,10:53:05.224,31.5200,200
39185224812645,10:53:05.224,31.5200,100
39185641160313,10:53:05.641,31.5200,96
39186201647903,10:53:06.201,31.5200,100
39191198411049,10:53:11.198,31.5400,100
39191199530186,10:53:11.199,31.5400,32
39191200141639,10:53:11.200,31.5400,168
39191200141639,10:53:11.200,31.5400,100
39191200141639,10:53:11.200,31.5400,100
39191200141639,10:53:11.200,31.5400,100
39191200141639,10:53:11.200,31.5400,100
39310726537913,10:55:10.726,31.4700,2
39317484814084,10:55:17.484,31.4600,100
39318004756964,10:55:18.004,31.4600,32
39318004896294,10:55:18.004,31.4600,32
39318005720202,10:55:18.005,31.4600,32
39318006657101,10:55:18.006,31.4600,4
39318825961354,10:55:18.825,31.4500,32
39318826101257,10:55:18.826,31.4500,32
39318827145072,10:55:18.827,31.4500,32
39318828147295,10:55:18.828,31.4500,4
39320564963735,10:55:20.564,31.4500,100
39321846927150,10:55:21.846,31.4500,32
39321907053080,10:55:21.907,31.4500,32
39321908071822,10:55:21.908,31.4500,32
39321908198747,10:55:21.908,31.4500,32
39321909132636,10:55:21.909,31.4500,32
39321910159281,10:55:21.910,31.4500,4
39321910906014,10:55:21.910,31.4500,100
39323863224966,10:55:23.863,31.4500,100
39327254778676,10:55:27.254,31.4400,100
39327254778676,10:55:27.254,31.4400,100
39327254778676,10:55:27.254,31.4400,200
39337201421588,10:55:37.201,31.4300,100
39337201503600,10:55:37.201,31.4300,100
39338153854722,10:55:38.153,31.4100,200
39338153854722,10:55:38.153,31.4100,100
39338163598998,10:55:38.163,31.4100,32
39338163724021,10:55:38.163,31.4100,32
39338164762908,10:55:38.164,31.4100,32
39338164802917,10:55:38.164,31.4100,4
39339334971847,10:55:39.334,31.4100,100
39343022848261,10:55:43.022,31.4100,32
39343022986615,10:55:43.022,31.4100,32
39343023012738,10:55:43.023,31.4100,36
39343927060736,10:55:43.927,31.4100,200
39344083750558,10:55:44.083,31.4000,200
39344083750558,10:55:44.083,31.4000,100
39344083750558,10:55:44.083,31.4000,100
39354862807632,10:55:54.862,31.4200,100
39354862807632,10:55:54.862,31.4200,100
39354864296646,10:55:54.864,31.4100,100
39354864296646,10:55:54.864,31.4100,100
39354864296646,10:55:54.864,31.4100,100
39354864296646,10:55:54.864,31.4100,100
39354866294928,10:55:54.866,31.4100,100
39354866316421,10:55:54.866,31.4100,100
39354866316421,10:55:54.866,31.4100,100
39354867382139,10:55:54.867,31.4200,100
39354867382139,10:55:54.867,31.4200,100
39367992816251,10:56:07.992,31.4200,20
39386517365315,10:56:26.517,31.4300,15
39390402396319,10:56:30.402,31.4300,22
39410503846186,10:56:50.503,31.4600,100
39421230199855,10:57:01.230,31.4600,100
39421230208888,10:57:01.230,31.4600,100
39439013998601,10:57:19.013,31.4800,100
39467248148785,10:57:47.248,31.5000,200
39529779762365,10:58:49.779,31.4700,64
39554101331588,10:59:14.101,31.4600,100
39554101331588,10:59:14.101,31.4600,100
39564696314801,10:59:24.696,31.4500,100
39573642505724,10:59:33.642,31.4400,100
39584231055955,10:59:44.231,31.4300,1
39584264687212,10:59:44.264,31.4200,100
39584264687212,10:59:44.264,31.4200,100
39593251237183,10:59:53.251,31.4200,26
39604467332708,11:00:04.467,31.3900,200
39604467332708,11:00:04.467,31.3900,100
39628688592684,11:00:28.688,31.4100,62
39628688686028,11:00:28.688,31.4100,38
39633090217643,11:00:33.090,31.4300,99
39662494793649,11:01:02.494,31.4100,1
39662825285280,11:01:02.825,31.3900,100
39662912179975,11:01:02.912,31.3900,18
39662912496788,11:01:02.912,31.3900,59
39662912515042,11:01:02.912,31.3900,423
39663197486014,11:01:03.197,31.3700,100
39663197704197,11:01:03.197,31.3700,100
39663197844787,11:01:03.197,31.3700,100
39663309668174,11:01:03.309,31.3700,100
39663309668174,11:01:03.309,31.3700,100
39663309818340,11:01:03.309,31.3700,100
39663311927202,11:01:03.311,31.3600,100
39663312534983,11:01:03.312,31.3600,100
39663313719894,11:01:03.313,31.3600,100
39663395164807,11:01:03.395,31.3400,100
39663395164807,11:01:03.395,31.3400,100
39663459110377,11:01:03.459,31.3300,100
39663459183792,11:01:03.459,31.3300,100
39663459183792,11:01:03.459,31.3300,200
39663459183792,11:01:03.459,31.3200,100
39663459183792,11:01:03.459,31.3100,100
39663536024365,11:01:03.536,31.3100,100
39663536118848,11:01:03.536,31.3100,100
39663536262778,11:01:03.536,31.3100,100
39663536335267,11:01:03.536,31.3100,100
39663635669789,11:01:03.635,31.3100,100
39663636480135,11:01:03.636,31.3100,32
39663637594965,11:01:03.637,31.3100,32
39663637732073,11:01:03.637,31.3100,32
39663804995525,11:01:03.804,31.3100,32
39664810610161,11:01:04.810,31.3000,38
39664810687315,11:01:04.810,31.3000,16
39664812157048,11:01:04.812,31.3000,46
39665350829432,11:01:05.350,31.3100,200
39665350829432,11:01:05.350,31.3100,100
39665350829432,11:01:05.350,31.3100,100
39666846968777,11:01:06.846,31.3200,100
39666849235540,11:01:06.849,31.3300,100
39666852382588,11:01:06.852,31.3300,100
39666852755697,11:01:06.852,31.3300,100
39666857880585,11:01:06.857,31.3400,100
39666857880585,11:01:06.857,31.3400,100
39666878110274,11:01:06.878,31.3400,100
39667169695844,11:01:07.169,31.3400,100
39667382192448,11:01:07.382,31.3500,100
39667382192448,11:01:07.382,31.3500,100
39668259510381,11:01:08.259,31.3300,100
39668259510381,11:01:08.259,31.3300,100
39668259510381,11:01:08.259,31.3300,100
39668259510381,11:01:08.259,31.3300,100
39668259510381,11:01:08.259,31.3300,100
39668259510381,11:01:08.259,31.3300,100
39668259567768,11:01:08.259,31.3300,200
39668263657838,11:01:08.263,31.3300,100
39668263657838,11:01:08.263,31.3300,185
39668263657838,11:01:08.263,31.3300,100
39671056649093,11:01:11.056,31.3400,200
39671056649093,11:01:11.056,31.3400,100
39685412920520,11:01:25.412,31.3200,32
39685413045245,11:01:25.413,31.3200,32
39685414114305,11:01:25.414,31.3200,36
39685414315385,11:01:25.414,31.3100,32
39696545862927,11:01:36.545,31.3200,200
39696545862927,11:01:36.545,31.3200,100
39706161902261,11:01:46.161,31.3300,100
39722204337840,11:02:02.204,31.3300,200
39722204337840,11:02:02.204,31.3300,100
39732507313290,11:02:12.507,31.3300,8
39733231282094,11:02:13.231,31.3300,100
39733231282094,11:02:13.231,31.3300,100
39738024729051,11:02:18.024,31.3300,100
39750575240522,11:02:30.575,31.3400,100
39756629298099,11:02:36.629,31.3500,100
39772774982731,11:02:52.774,31.3600,100
39782144063961,11:03:02.144,31.3400,1
39790852950113,11:03:10.852,31.3700,100
39790852950113,11:03:10.852,31.3700,100
39792268429827,11:03:12.268,31.3700,100
39798736831848,11:03:18.736,31.3700,100
39800590020318,11:03:20.590,31.3800,100
39801330001715,11:03:21.330,31.3900,100
39801338883436,11:03:21.338,31.3900,100
39801338883436,11:03:21.338,31.3900,100
39807133343437,11:03:27.133,31.3900,100
39807232430085,11:03:27.232,31.3900,100
39807263222945,11:03:27.263,31.3900,100
39807263222945,11:03:27.263,31.3900,100
39810163402824,11:03:30.163,31.3900,100
39811265135299,11:03:31.265,31.3900,100
39814353675627,11:03:34.353,31.3900,100
39823653300137,11:03:43.653,31.3800,200
39823653300137,11:03:43.653,31.3800,100
39823653300137,11:03:43.653,31.3800,100
39823653300137,11:03:43.653,31.3800,400
39894019063308,11:04:54.019,31.3700,100
39902664235470,11:05:02.664,31.3700,100
39921963520883,11:05:21.963,31.3700,100
39921963520883,11:05:21.963,31.3700,100
39928143178269,11:05:28.143,31.3400,100
39928143178269,11:05:28.143,31.3400,100
39928723025438,11:05:28.723,31.3500,100
39928723025438,11:05:28.723,31.3500,100
39928723025438,11:05:28.723,31.3500,100
39928723025438,11:05:28.723,31.3500,100
39928723025438,11:05:28.723,31.3500,300
39928723025438,11:05:28.723,31.3500,100
39928723056793,11:05:28.723,31.3500,500
39928723056793,11:05:28.723,31.3500,300
39939366782272,11:05:39.366,31.3400,100
39939366782272,11:05:39.366,31.3400,100
39952390902505,11:05:52.390,31.3400,6
39958968099297,11:05:58.968,31.3500,100
39958968099297,11:05:58.968,31.3500,100
39958968099297,11:05:58.968,31.3500,11
39961583148146,11:06:01.583,31.3500,1
39984061871898,11:06:24.061,31.3600,100
40034108603557,11:07:14.108,31.3800,200
40034108603557,11:07:14.108,31.3800,100
40046048337631,11:07:26.048,31.3800,100
40058736931532,11:07:38.736,31.3900,100
40059800874685,11:07:39.800,31.3900,100
40061050052124,11:07:41.050,31.3900,100
40082085425898,11:08:02.085,31.4000,408
40093719167950,11:08:13.719,31.4000,100
40110059447822,11:08:30.059,31.3900,100
40126103208344,11:08:46.103,31.3800,100
40139090034819,11:08:59.090,31.3900,100
40141909122794,11:09:01.909,31.3900,1
40143382277440,11:09:03.382,31.3900,100
40172438657963,11:09:32.438,31.3900,45
40177636414167,11:09:37.636,31.3900,255
40186331373713,11:09:46.331,31.3900,100
40201891386980,11:10:01.891,31.3800,22
40203781841154,11:10:03.781,31.3800,6
40203781864896,11:10:03.781,31.3800,94
40225669469570,11:10:25.669,31.3600,100
40225669662493,11:10:25.669,31.3600,100
40259350553930,11:10:59.350,31.3700,100
40281652187346,11:11:21.652,31.3800,63
40281652226369,11:11:21.652,31.3800,100
40292368424829,11:11:32.368,31.3900,100
40298426235260,11:11:38.426,31.4000,58
40298426262286,11:11:38.426,31.4000,6
40308460275520,11:11:48.460,31.3900,100
40320512606787,11:12:00.512,31.3900,61
40356386262650,11:12:36.386,31.3900,3
40373742548904,11:12:53.742,31.3900,100
40384050067895,11:13:04.050,31.4000,32
40388847904775,11:13:08.847,31.3900,64
40392506818291,11:13:12.506,31.3800,100
40436825461204,11:13:56.825,31.3700,74
40436825664709,11:13:56.825,31.3700,26
40449712703571,11:14:09.712,31.3700,100
40481900857659,11:14:41.900,31.3700,90
40492082611297,11:14:52.082,31.3800,100
40493629394347,11:14:53.629,31.3800,97
40493629420083,11:14:53.629,31.3800,3
40501774891867,11:15:01.774,31.3800,100
40508667060715,11:15:08.667,31.3800,100
40531236548179,11:15:31.236,31.3900,100
40543016469638,11:15:43.016,31.3800,28
40561812570413,11:16:01.812,31.3800,1
40564726046596,11:16:04.726,31.3800,100
40564726046596,11:16:04.726,31.3800,13
40564727699068,11:16:04.727,31.3800,100
40613576434354,11:16:53.576,31.4000,500
40613576434354,11:16:53.576,31.4000,51
40613576437025,11:16:53.576,31.4000,5
40613576499753,11:16:53.576,31.4000,88
40613576662095,11:16:53.576,31.4000,56
40613577449099,11:16:53.577,31.4000,200
40636247172905,11:17:16.247,31.3900,100
40662654295529,11:17:42.654,31.4000,200
40662654446747,11:17:42.654,31.4000,300
40669333094696,11:17:49.333,31.4000,200
40669433643643,11:17:49.433,31.4000,200
40670174749100,11:17:50.174,31.4000,100
40670174749100,11:17:50.174,31.4000,200
40670174819125,11:17:50.174,31.4000,100
40670174819125,11:17:50.174,31.4000,100
40680034543195,11:18:00.034,31.4000,32
40684337600704,11:18:04.337,31.4000,468
40686376010429,11:18:06.376,31.4000,100
40686376137130,11:18:06.376,31.4000,100
40686376200798,11:18:06.376,31.4000,100
40686376253127,11:18:06.376,31.4000,100
40686376319364,11:18:06.376,31.4000,100
40691795349538,11:18:11.795,31.3800,100
40691795349538,11:18:11.795,31.3800,100
40691795906996,11:18:11.795,31.3800,200
40691795932044,11:18:11.795,31.3800,7
40691798400247,11:18:11.798,31.3700,100
40691798400247,11:18:11.798,31.3700,100
40691798400247,11:18:11.798,31.3700,100
40691798400247,11:18:11.798,31.3700,200
40692145053080,11:18:12.145,31.3800,93
40715485189343,11:18:35.485,31.3900,100
40745943338562,11:19:05.943,31.3800,400
40745943369368,11:19:05.943,31.3800,49
40745943383091,11:19:05.943,31.3800,100
40745943383618,11:19:05.943,31.3800,100
40745943422834,11:19:05.943,31.3800,75
40745943427308,11:19:05.943,31.3800,100
40745943498876,11:19:05.943,31.3800,100
40745943808416,11:19:05.943,31.3800,76
40745973865161,11:19:05.973,31.3700,200
40745973865161,11:19:05.973,31.3700,100
40746010879183,11:19:06.010,31.3700,43
40746011134605,11:19:06.011,31.3700,257
40746899985210,11:19:06.899,31.3800,100
40765699974112,11:19:25.699,31.3900,100
40787099356574,11:19:47.099,31.4100,100
40787099356574,11:19:47.099,31.4100,500
40787099356574,11:19:47.099,31.4100,100
40787099356574,11:19:47.099,31.4100,100
40787099356574,11:19:47.099,31.4100,100
40787099356574,11:19:47.099,31.4100,100
40787099504243,11:19:47.099,31.4100,100
40787099504243,11:19:47.099,31.4100,100
40787099504243,11:19:47.099,31.4100,100
40787099685623,11:19:47.099,31.4100,100
40787099685623,11:19:47.099,31.4100,100
40787490366643,11:19:47.490,31.4000,16
40799119659623,11:19:59.119,31.4000,372
40801050585768,11:20:01.050,31.4000,128
40825104407548,11:20:25.104,31.4000,97
40853082957797,11:20:53.082,31.4000,100
40888649200038,11:21:28.649,31.4000,200
40912443437869,11:21:52.443,31.4000,100
40924851498895,11:22:04.851,31.4000,100
40924851498895,11:22:04.851,31.4000,100
40924851498895,11:22:04.851,31.4000,100
40924851498895,11:22:04.851,31.4000,100
40924851498895,11:22:04.851,31.4000,100
40924852131391,11:22:04.852,31.4000,85
40924852131391,11:22:04.852,31.4000,100
40924852131391,11:22:04.852,31.4000,100
40926630811791,11:22:06.630,31.3900,800
40926630849010,11:22:06.630,31.3900,100
40926630969092,11:22:06.630,31.3900,300
40926642832077,11:22:06.642,31.3900,500
40926642947288,11:22:06.642,31.3900,1300
40926642947288,11:22:06.642,31.3900,100
40926642947288,11:22:06.642,31.3900,100
40927489212859,11:22:07.489,31.3850,19
40928039732731,11:22:08.039,31.3900,100
40928799223452,11:22:08.799,31.3900,100
40928818153807,11:22:08.818,31.3900,93
40928818325684,11:22:08.818,31.3900,100
40928818369589,11:22:08.818,31.3900,26
40928829294507,11:22:08.829,31.3900,200
40928829323487,11:22:08.829,31.3900,66
40928829331456,11:22:08.829,31.3900,15
40932827481852,11:22:12.827,31.4000,100
40932827481852,11:22:12.827,31.4000,100
40932863325798,11:22:12.863,31.4000,46
40939413640320,11:22:19.413,31.3900,100
40939413640320,11:22:19.413,31.3900,100
40978711325729,11:22:58.711,31.3700,100
40978712647262,11:22:58.712,31.3600,100
40978712647262,11:22:58.712,31.3600,100
40978713661204,11:22:58.713,31.3600,100
40978713661204,11:22:58.713,31.3600,100
40978713661204,11:22:58.713,31.3600,100
40978713661204,11:22:58.713,31.3600,100
40978713661204,11:22:58.713,31.3600,100
40978713661204,11:22:58.713,31.3600,100
40978713903359,11:22:58.713,31.3600,100
40978715709678,11:22:58.715,31.3500,100
40978715709678,11:22:58.715,31.3500,200
40978715709678,11:22:58.715,31.3500,100
40978715709678,11:22:58.715,31.3500,100
40979915143149,11:22:59.915,31.3400,100
40979915143149,11:22:59.915,31.3400,100
40979918626519,11:22:59.918,31.3400,200
40979918626519,11:22:59.918,31.3400,200
40986475235113,11:23:06.475,31.3300,100
40986475235113,11:23:06.475,31.3300,1
41003219843020,11:23:23.219,31.3300,100
41011040521809,11:23:31.040,31.3300,100
41023272598321,11:23:43.272,31.3300,100
41040081541539,11:24:00.081,31.3300,200
41040081541539,11:24:00.081,31.3300,100
41040081541539,11:24:00.081,31.3300,100
41040081541539,11:24:00.081,31.3300,300
41044398413285,11:24:04.398,31.3400,1
41105221782313,11:25:05.221,31.3400,66
41105222491539,11:25:05.222,31.3400,200
41105222491539,11:25:05.222,31.3400,100
41109609372162,11:25:09.609,31.3400,100
41109609372162,11:25:09.609,31.3400,100
41109609372162,11:25:09.609,31.3400,100
41130875227258,11:25:30.875,31.3500,100
41130875227258,11:25:30.875,31.3500,143
41160179207743,11:26:00.179,31.3500,57
41160179207743,11:26:00.179,31.3500,50
41160179296586,11:26:00.179,31.3500,100
41160179296586,11:26:00.179,31.3500,100
41160180392269,11:26:00.180,31.3500,100
41160180392269,11:26:00.180,31.3500,100
41170616932138,11:26:10.616,31.3400,10
41180408894634,11:26:20.408,31.3500,20
41182008697546,11:26:22.008,31.3500,80
41182008697546,11:26:22.008,31.3500,100
41182009633399,11:26:22.009,31.3500,27
41183259620514,11:26:23.259,31.3500,100
41221880164113,11:27:01.880,31.3500,200
41221880164113,11:27:01.880,31.3500,100
41221880256678,11:27:01.880,31.3500,100
41221880256678,11:27:01.880,31.3500,100
41221880802905,11:27:01.880,31.3500,200
41221880802905,11:27:01.880,31.3500,195
41222779423318,11:27:02.779,31.3500,100
41252660963162,11:27:32.660,31.3700,100
41297298011484,11:28:17.298,31.3800,100
41303713614451,11:28:23.713,31.3800,83
41330658712099,11:28:50.658,31.3800,100
41341342740297,11:29:01.342,31.3900,5
41341342740297,11:29:01.342,31.3900,95
41341343230531,11:29:01.343,31.3900,100
41347641260557,11:29:07.641,31.3800,100
41347641260557,11:29:07.641,31.3800,100
41347641260557,11:29:07.641,31.3800,24
41444531834697,11:30:44.531,31.4100,5
41444534206885,11:30:44.534,31.4100,200
41444534206885,11:30:44.534,31.4100,100
41444534206885,11:30:44.534,31.4100,100
41444534206885,11:30:44.534,31.4100,100
41444534206885,11:30:44.534,31.4100,100
41444534206885,11:30:44.534,31.4100,100
41447250379710,11:30:47.250,31.4000,157
41448120357986,11:30:48.120,31.4000,100
41448120357986,11:30:48.120,31.4000,100
41448120357986,11:30:48.120,31.4000,100
41448120357986,11:30:48.120,31.4000,100
41448120357986,11:30:48.120,31.4000,100
41478973392254,11:31:18.973,31.4000,100
41478973392254,11:31:18.973,31.4000,100
41478973392254,11:31:18.973,31.4000,124
41483348417775,11:31:23.348,31.4000,100
41487256633308,11:31:27.256,31.3900,100
41490683892352,11:31:30.683,31.3900,100
41539694048296,11:32:19.694,31.4100,100
41539694048296,11:32:19.694,31.4100,200
41539694048296,11:32:19.694,31.4100,100
41539694048296,11:32:19.694,31.4100,500
41541641677993,11:32:21.641,31.4000,100
41575008031584,11:32:55.008,31.3800,100
41590681802308,11:33:10.681,31.3700,100
41591278684292,11:33:11.278,31.3700,100
41615126724963,11:33:35.126,31.3700,11
41615126858418,11:33:35.126,31.3700,89
41646826643270,11:34:06.826,31.3700,100
41646826643270,11:34:06.826,31.3700,21
41680012020064,11:34:40.012,31.3400,100
41706587816674,11:35:06.587,31.3200,100
41712741281452,11:35:12.741,31.3200,100
41730012643253,11:35:30.012,31.3300,1
41741814879586,11:35:41.814,31.3400,100
41749995228857,11:35:49.995,31.3400,100
41769286774336,11:36:09.286,31.3400,100
41777871554915,11:36:17.871,31.3500,100
41783551776325,11:36:23.551,31.3500,100
41783551776325,11:36:23.551,31.3500,99
41783551854351,11:36:23.551,31.3500,101
41791629946645,11:36:31.629,31.3500,100
41791629946645,11:36:31.629,31.3500,68
41791629974961,11:36:31.629,31.3500,32
41794678384065,11:36:34.678,31.3500,100
41794678389011,11:36:34.678,31.3500,100
41806456960690,11:36:46.456,31.3400,100
41813760702352,11:36:53.760,31.3400,100
41813821854312,11:36:53.821,31.3400,100
41813821854312,11:36:53.821,31.3400,100
41820914757969,11:37:00.914,31.3400,34
41859040924853,11:37:39.040,31.3300,99
41859040924853,11:37:39.040,31.3300,100
41859040924853,11:37:39.040,31.3300,100
41859041467865,11:37:39.041,31.3300,200
41859041467865,11:37:39.041,31.3300,100
41859071490105,11:37:39.071,31.3300,100
41913564161768,11:38:33.564,31.3300,46
41933523791447,11:38:53.523,31.3300,23
41961434740094,11:39:21.434,31.3300,200
41961434740094,11:39:21.434,31.3300,100
41961434740094,11:39:21.434,31.3300,100
41962307824394,11:39:22.307,31.3300,100
41975798638593,11:39:35.798,31.3000,500
41975808854992,11:39:35.808,31.3000,42
41975809134241,11:39:35.809,31.3000,58
41975809134241,11:39:35.809,31.3000,200
41975809134241,11:39:35.809,31.3000,32
41975903776950,11:39:35.903,31.3000,68
41985941279225,11:39:45.941,31.3100,100
41985941279225,11:39:45.941,31.3100,15
41985941279225,11:39:45.941,31.3100,100
42003974226002,11:40:03.974,31.2900,100
42003974321032,11:40:03.974,31.2900,50
42021182769497,11:40:21.182,31.2800,100
42021182769497,11:40:21.182,31.2800,200
42021195149390,11:40:21.195,31.2800,100
42021790489019,11:40:21.790,31.2700,200
42021790489019,11:40:21.790,31.2700,100
42021790489019,11:40:21.790,31.2700,100
42021849598332,11:40:21.849,31.2700,100
42021980731773,11:40:21.980,31.2600,100
42029100061930,11:40:29.100,31.2600,87
42031521625778,11:40:31.521,31.2600,6
42031540029169,11:40:31.540,31.2600,94
42055244291100,11:40:55.244,31.2600,100
42055244291100,11:40:55.244,31.2600,42
42055244318497,11:40:55.244,31.2600,58
42058261923563,11:40:58.261,31.2600,100
42058653249239,11:40:58.653,31.2600,200
42058653249239,11:40:58.653,31.2600,100
42061200373965,11:41:01.200,31.2600,2
42061200539326,11:41:01.200,31.2600,98
42068195202658,11:41:08.195,31.2600,22
42078880630210,11:41:18.880,31.2600,100
42086032483337,11:41:26.032,31.2600,58
42094228881499,11:41:34.228,31.2600,100
42100404221672,11:41:40.404,31.2500,100
42101526201220,11:41:41.526,31.2500,100
42102063769885,11:41:42.063,31.2500,16
42120401943769,11:42:00.401,31.2300,6
42143364450544,11:42:23.364,31.2400,100
42173821999588,11:42:53.821,31.2400,100
42173821999588,11:42:53.821,31.2400,100
42173821999588,11:42:53.821,31.2400,100
42173821999588,11:42:53.821,31.2400,100
42173821999588,11:42:53.821,31.2400,200
42187959614681,11:43:07.959,31.2300,3
42208878865599,11:43:28.878,31.2300,100
42211334144444,11:43:31.334,31.2400,100
42241697908912,11:44:01.697,31.2400,6
42251830890229,11:44:11.830,31.2500,75
42251830908381,11:44:11.830,31.2500,25
42252086229757,11:44:12.086,31.2500,25
42252086229757,11:44:12.086,31.2500,100
42298917136221,11:44:58.917,31.2400,200
42298917136221,11:44:58.917,31.2400,54
42301242211383,11:45:01.242,31.2300,100
42305048557424,11:45:05.048,31.2400,3
42305048588158,11:45:05.048,31.2400,97
42329589266900,11:45:29.589,31.2400,41
42329590240768,11:45:29.590,31.2400,59
42349047308350,11:45:49.047,31.2500,200
42349047308350,11:45:49.047,31.2500,100
42349047308350,11:45:49.047,31.2500,100
42388651170041,11:46:28.651,31.2600,100
42422457444168,11:47:02.457,31.2500,1
42425595158478,11:47:05.595,31.2600,100
42426388397123,11:47:06.388,31.2600,100
42426388502002,11:47:06.388,31.2600,200
42426394648101,11:47:06.394,31.2600,100
42426394648101,11:47:06.394,31.2600,100
42426394648101,11:47:06.394,31.2600,200
42426394648101,11:47:06.394,31.2600,100
42426394648101,11:47:06.394,31.2600,100
42431520315902,11:47:11.520,31.2600,400
42431520315902,11:47:11.520,31.2600,100
42444388704631,11:47:24.388,31.2500,100
42444388704631,11:47:24.388,31.2500,100
42447456877033,11:47:27.456,31.2500,100
42523491713984,11:48:43.491,31.2600,100
42535555818903,11:48:55.555,31.2600,49
42535556033179,11:48:55.556,31.2600,100
42538222933920,11:48:58.222,31.2600,300
42538222933920,11:48:58.222,31.2600,100
42538222933920,11:48:58.222,31.2600,100
42572501984928,11:49:32.501,31.2600,236
42572502351694,11:49:32.502,31.2600,64
42572502351694,11:49:32.502,31.2600,100
42600012852177,11:50:00.012,31.2600,351
42600012894782,11:50:00.012,31.2600,49
42600012894782,11:50:00.012,31.2600,100
42600013007497,11:50:00.013,31.2600,285
42600013111705,11:50:00.013,31.2600,115
42600013111705,11:50:00.013,31.2600,100
42600013224133,11:50:00.013,31.2600,285
42600013393581,11:50:00.013,31.2600,115
42600013393581,11:50:00.013,31.2600,100
42600013506266,11:50:00.013,31.2600,285
42600013782855,11:50:00.013,31.2600,115
42600013782855,11:50:00.013,31.2600,100
42600013894809,11:50:00.013,31.2600,285
42600013993103,11:50:00.013,31.2600,115
42600013993103,11:50:00.013,31.2600,100
42600014101052,11:50:00.014,31.2600,162
42600014316220,11:50:00.014,31.2600,149
42600702996695,11:50:00.702,31.2600,89
42600702996695,11:50:00.702,31.2600,100
42600702996695,11:50:00.702,31.2600,27
42607691356663,11:50:07.691,31.2600,73
42629588243166,11:50:29.588,31.2600,100
42629588243166,11:50:29.588,31.2600,100
42630107498570,11:50:30.107,31.2600,400
42630107498570,11:50:30.107,31.2600,100
42631416243323,11:50:31.416,31.2600,300
42632848280588,11:50:32.848,31.2600,100
42632848280588,11:50:32.848,31.2600,100
42632848280588,11:50:32.848,31.2600,100
42632848639180,11:50:32.848,31.2600,199
42664008019895,11:51:04.008,31.2600,200
42664008284523,11:51:04.008,31.2600,200
42666581691463,11:51:06.581,31.2500,200
42666581691463,11:51:06.581,31.2500,100
42666582324711,11:51:06.582,31.2500,300
42666584655503,11:51:06.584,31.2500,200
42674849879232,11:51:14.849,31.2600,100
42678250570915,11:51:18.250,31.2600,400
42678250570915,11:51:18.250,31.2600,100
42678250570915,11:51:18.250,31.2600,100
42720102744218,11:52:00.102,31.2600,179
42720632178317,11:52:00.632,31.2600,221
42720632178317,11:52:00.632,31.2600,100
42720718016165,11:52:00.718,31.2600,315
42727086347036,11:52:07.086,31.2600,85
42727086347036,11:52:07.086,31.2600,100
42727086347036,11:52:07.086,31.2600,100
42744959682139,11:52:24.959,31.2600,100
42744959744444,11:52:24.959,31.2600,36
42751304297422,11:52:31.304,31.2600,264
42751304297422,11:52:31.304,31.2600,100
42751306216144,11:52:31.306,31.2600,5
42751532162778,11:52:31.532,31.2600,290
42773813861488,11:52:53.813,31.2500,105
42788691013339,11:53:08.691,31.2600,100
42789678516149,11:53:09.678,31.2600,100
42789678516149,11:53:09.678,31.2600,100
42811791793600,11:53:31.791,31.2600,100
42811801294566,11:53:31.801,31.2600,400
42811801294566,11:53:31.801,31.2600,145
42812552512345,11:53:32.552,31.2600,100
42812552512345,11:53:32.552,31.2600,100
42812554114411,11:53:32.554,31.2600,400
42812554349166,11:53:32.554,31.2600,100
42829277689506,11:53:49.277,31.2600,100
42829280182026,11:53:49.280,31.2600,100
42829306887531,11:53:49.306,31.2600,300
42842062975459,11:54:02.062,31.2600,25
42842127665630,11:54:02.127,31.2600,100
42842321965982,11:54:02.321,31.2600,275
42842321965982,11:54:02.321,31.2600,100
42858861629435,11:54:18.861,31.2700,17
42862879037517,11:54:22.879,31.2700,83
42862879037517,11:54:22.879,31.2700,3
42875228260998,11:54:35.228,31.2700,100
42875450396044,11:54:35.450,31.2700,100
42878852161101,11:54:38.852,31.2700,100
42878854154663,11:54:38.854,31.2700,97
42878854154663,11:54:38.854,31.2700,100
42878854154663,11:54:38.854,31.2700,100
42878854207775,11:54:38.854,31.2700,100
42878854312534,11:54:38.854,31.2700,100
42878854763633,11:54:38.854,31.2700,400
42878854763633,11:54:38.854,31.2700,200
42878855023661,11:54:38.855,31.2700,300
42878872963142,11:54:38.872,31.2700,100
42878872963142,11:54:38.872,31.2700,100
42879682569338,11:54:39.682,31.2700,100
42879682569338,11:54:39.682,31.2700,47
42883784382341,11:54:43.784,31.2700,300
42883784382341,11:54:43.784,31.2700,100
42883790211517,11:54:43.790,31.2800,100
42883790213667,11:54:43.790,31.2800,100
42883790470310,11:54:43.790,31.2800,1
42883792385253,11:54:43.792,31.2800,100
42883793530148,11:54:43.793,31.2800,100
42884004286689,11:54:44.004,31.2800,100
42884004286689,11:54:44.004,31.2800,100
42884004404589,11:54:44.004,31.2800,200
42884004589601,11:54:44.004,31.2800,200
42884024233563,11:54:44.024,31.2800,400
42884024233563,11:54:44.024,31.2800,600
42884024233563,11:54:44.024,31.2800,100
42896047879906,11:54:56.047,31.2800,100
42901840388962,11:55:01.840,31.2700,200
42901840388962,11:55:01.840,31.2700,100
42901840388962,11:55:01.840,31.2700,100
42901840416216,11:55:01.840,31.2700,1
42901840535936,11:55:01.840,31.2700,399
42901840535936,11:55:01.840,31.2700,1
42901840632424,11:55:01.840,31.2700,99
42901841009175,11:55:01.841,31.2700,100
42901841009175,11:55:01.841,31.2700,200
42901841819463,11:55:01.841,31.2700,100
42938040636832,11:55:38.040,31.2800,200
42949673792254,11:55:49.673,31.2800,32
42949674846400,11:55:49.674,31.2800,32
42949674896687,11:55:49.674,31.2800,36
42949675023815,11:55:49.675,31.2800,200
42949675631746,11:55:49.675,31.2800,32
42949675901545,11:55:49.675,31.2800,32
42949676851869,11:55:49.676,31.2800,32
42949677776216,11:55:49.677,31.2800,32
42949677905023,11:55:49.677,31.2800,32
42949679067717,11:55:49.679,31.2800,32
42949680100489,11:55:49.680,31.2800,32
42949680228207,11:55:49.680,31.2800,32
42949681254403,11:55:49.681,31.2800,32
42949682291626,11:55:49.682,31.2800,32
42949682426654,11:55:49.682,31.2800,32
42949683463305,11:55:49.683,31.2800,32
42949684482846,11:55:49.684,31.2800,16
42981849621244,11:56:21.849,31.2700,100
42984460886878,11:56:24.460,31.2800,32
42984461016896,11:56:24.461,31.2800,32
42984462210716,11:56:24.462,31.2800,100
42995845136535,11:56:35.845,31.2900,100
42995845136535,11:56:35.845,31.2900,100
43005143510020,11:56:45.143,31.2800,100
43005146338732,11:56:45.146,31.2800,32
43005147259613,11:56:45.147,31.2800,32
43005147388080,11:56:45.147,31.2800,32
43005148365495,11:56:45.148,31.2800,4
43005148365495,11:56:45.148,31.2800,28
43005149413745,11:56:45.149,31.2800,32
43005149540976,11:56:45.149,31.2800,32
43005150579434,11:56:45.150,31.2800,32
43005151610063,11:56:45.151,31.2800,32
43005151740025,11:56:45.151,31.2800,32
43005152526223,11:56:45.152,31.2800,12
43005153252930,11:56:45.153,31.2800,200
43005224950849,11:56:45.224,31.2800,32
43005225981959,11:56:45.225,31.2800,32
43005227010007,11:56:45.227,31.2800,32
43005227140386,11:56:45.227,31.2800,4
43022479587179,11:57:02.479,31.2800,100
43027153058047,11:57:07.153,31.2900,100
43028641826312,11:57:08.641,31.2900,100
43058065872396,11:57:38.065,31.2900,99
43058065884451,11:57:38.065,31.2900,1
43058065904886,11:57:38.065,31.2900,100
43058065919841,11:57:38.065,31.2900,1
43085899791671,11:58:05.899,31.3100,86
43093553540043,11:58:13.553,31.3100,100
43093553540043,11:58:13.553,31.3100,100
43102719701424,11:58:22.719,31.3100,100
43111045417324,11:58:31.045,31.3100,83
43111045535448,11:58:31.045,31.3100,17
43111048230272,11:58:31.048,31.3000,200
43117124508421,11:58:37.124,31.3100,86
43117488280220,11:58:37.488,31.3100,14
43123296185843,11:58:43.296,31.3100,86
43185632276879,11:59:45.632,31.3100,1
43218229990658,12:00:18.229,31.3000,100
43218229990658,12:00:18.229,31.3000,100
43218229990658,12:00:18.229,31.3000,100
43218229990658,12:00:18.229,31.3000,200
43227777835405,12:00:27.777,31.3100,100
43227777835405,12:00:27.777,31.3100,100
43227777835405,12:00:27.777,31.3100,100
43245793806347,12:00:45.793,31.3200,32
43245794876293,12:00:45.794,31.3200,32
43245795008385,12:00:45.795,31.3200,32
43245795134721,12:00:45.795,31.3200,36
43261166039103,12:01:01.166,31.3200,100
43261166039103,12:01:01.166,31.3200,100
43261166039103,12:01:01.166,31.3200,100
43261563184366,12:01:01.563,31.3200,32
43261564244294,12:01:01.564,31.3200,32
43261564376763,12:01:01.564,31.3200,32
43261565172547,12:01:01.565,31.3200,4
43280159385292,12:01:20.159,31.3300,100
43280159385292,12:01:20.159,31.3300,200
43280159385292,12:01:20.159,31.3300,100
43280159385292,12:01:20.159,31.3300,100
43280160679402,12:01:20.160,31.3300,200
43280160679402,12:01:20.160,31.3300,100
43280160679402,12:01:20.160,31.3300,100
43282852701038,12:01:22.852,31.3200,100
43282852701038,12:01:22.852,31.3200,100
43282852701038,12:01:22.852,31.3200,100
43285724821908,12:01:25.724,31.3300,32
43285724964250,12:01:25.724,31.3300,32
43285725890283,12:01:25.725,31.3300,32
43285726976194,12:01:25.726,31.3300,32
43285728014923,12:01:25.728,31.3300,4
43285728014923,12:01:25.728,31.3300,28
43285728150115,12:01:25.728,31.3300,32
43285729167070,12:01:25.729,31.3300,32
43285730137166,12:01:25.730,31.3300,8
43285752938772,12:01:25.752,31.3300,100
43285753763652,12:01:25.753,31.3300,32
43285754749428,12:01:25.754,31.3300,32
43285754887554,12:01:25.754,31.3300,32
43285755729615,12:01:25.755,31.3300,32
43285756712457,12:01:25.756,31.3300,32
43285756845486,12:01:25.756,31.3300,32
43285757683297,12:01:25.757,31.3300,4
43287791887651,12:01:27.791,31.3300,32
43287792926599,12:01:27.792,31.3300,32
43287793069449,12:01:27.793,31.3300,32
43287794035356,12:01:27.794,31.3300,4
43319752884664,12:01:59.752,31.3300,100
43319752884664,12:01:59.752,31.3300,100
43319752884664,12:01:59.752,31.3300,98
43319752953930,12:01:59.752,31.3300,2
43319752953930,12:01:59.752,31.3300,98
43323314486001,12:02:03.314,31.3300,13
43356662335492,12:02:36.662,31.3000,100
43361957194013,12:02:41.957,31.3000,100
43381010786152,12:03:01.010,31.3000,82
43381010811683,12:03:01.010,31.3000,18
43419130915686,12:03:39.130,31.3100,100
43419130915686,12:03:39.130,31.3100,100
43419130915686,12:03:39.130,31.3100,100
43419180578871,12:03:39.180,31.3100,100
43419180578871,12:03:39.180,31.3100,100
43419180578871,12:03:39.180,31.3100,100
43419551437244,12:03:39.551,31.3100,13
43419851354364,12:03:39.851,31.3200,100
43420887657528,12:03:40.887,31.3200,100
43421147693094,12:03:41.147,31.3100,87
43421147693094,12:03:41.147,31.3100,100
43421147693094,12:03:41.147,31.3100,13
43471782505432,12:04:31.782,31.3200,100
43477699983357,12:04:37.699,31.3200,100
43477699983357,12:04:37.699,31.3200,100
43481160197776,12:04:41.160,31.3100,100
43481160270361,12:04:41.160,31.3100,10
43481539212181,12:04:41.539,31.3100,100
43485502051733,12:04:45.502,31.3100,100
43554193528253,12:05:54.193,31.3300,38
43554193595853,12:05:54.193,31.3300,62
43569132845744,12:06:09.132,31.3300,46
43626414030235,12:07:06.414,31.3200,100
43630480077236,12:07:10.480,31.3200,40
43652495967147,12:07:32.495,31.3300,57
43653076874507,12:07:33.076,31.3300,46
43658070238665,12:07:38.070,31.3300,100
43683433507122,12:08:03.433,31.3150,100
43683433507687,12:08:03.433,31.3150,100
43683435012820,12:08:03.435,31.3300,100
43683436261652,12:08:03.436,31.3400,100
43683436469305,12:08:03.436,31.3400,100
43683436469305,12:08:03.436,31.3400,100
43683436469305,12:08:03.436,31.3400,200
43683436694621,12:08:03.436,31.3400,100
43683436748186,12:08:03.436,31.3400,100
43683437220427,12:08:03.437,31.3400,100
43683437662709,12:08:03.437,31.3500,100
43683437662709,12:08:03.437,31.3500,100
43683437662709,12:08:03.437,31.3500,100
43683443935246,12:08:03.443,31.3500,200
43683443935246,12:08:03.443,31.3500,100
43683458267727,12:08:03.458,31.3400,100
43688656577354,12:08:08.656,31.3300,12
43695454469441,12:08:15.454,31.3300,100
43695454469441,12:08:15.454,31.3400,200
43695454469441,12:08:15.454,31.3400,100
43695454469441,12:08:15.454,31.3400,100
43695455357598,12:08:15.455,31.3400,200
43695455357598,12:08:15.455,31.3400,100
43695455357598,12:08:15.455,31.3400,100
43695457836055,12:08:15.457,31.3400,100
43695459910023,12:08:15.459,31.3400,100
43695560392802,12:08:15.560,31.3400,200
43695560510005,12:08:15.560,31.3400,300
43697820593244,12:08:17.820,31.3500,300
43697820593244,12:08:17.820,31.3500,100
43697820656306,12:08:17.820,31.3500,100
43697820656306,12:08:17.820,31.3500,100
43698130223736,12:08:18.130,31.3500,100
43698130223736,12:08:18.130,31.3500,100
43698130223736,12:08:18.130,31.3500,100
43698161281392,12:08:18.161,31.3500,100
43698508235449,12:08:18.508,31.3500,100
43701731387062,12:08:21.731,31.3400,100
43708757677711,12:08:28.757,31.3400,100
43718761641948,12:08:38.761,31.3400,100
43760684634012,12:09:20.684,31.3400,100
43768784142360,12:09:28.784,31.3400,100
43768784142360,12:09:28.784,31.3400,100
43775504613250,12:09:35.504,31.3400,100
43776047087113,12:09:36.047,31.3400,200
43776047087113,12:09:36.047,31.3400,100
43780430413911,12:09:40.430,31.3200,200
43780430413911,12:09:40.430,31.3200,100
43781386803160,12:09:41.386,31.3200,100
43781388706865,12:09:41.388,31.3200,100
43781388706865,12:09:41.388,31.3200,100
43781388706865,12:09:41.388,31.3200,100
43804073015242,12:10:04.073,31.3200,63
43838793523662,12:10:38.793,31.3000,100
43840887201310,12:10:40.887,31.3000,100
43860175938294,12:11:00.175,31.2900,100
43865567523982,12:11:05.567,31.2900,100
43920012260131,12:12:00.012,31.2800,100
43920012260131,12:12:00.012,31.2800,100
43920012260131,12:12:00.012,31.2800,100
43956283966683,12:12:36.283,31.2900,100
43956283966683,12:12:36.283,31.2900,47
44060904490487,12:14:20.904,31.2900,100
44060904517924,12:14:20.904,31.2900,100
44060905738906,12:14:20.905,31.2900,200
44060905738906,12:14:20.905,31.2900,100
44060905738906,12:14:20.905,31.2900,81
44063323917818,12:14:23.323,31.2800,33
44105368733509,12:15:05.368,31.2800,1
44233798044273,12:17:13.798,31.2800,100
44256680226497,12:17:36.680,31.2700,100
44264993137243,12:17:44.993,31.2700,58
44264993437083,12:17:44.993,31.2700,42
44295593685418,12:18:15.593,31.2800,14
44295593714468,12:18:15.593,31.2800,27
44328850921458,12:18:48.850,31.3000,200
44328850921458,12:18:48.850,31.3000,100
44328850921458,12:18:48.850,31.3000,200
44328851002286,12:18:48.851,31.3000,100
44328851002286,12:18:48.851,31.3000,100
44328852449590,12:18:48.852,31.3000,100
44328852449590,12:18:48.852,31.3000,100
44328853241034,12:18:48.853,31.3000,29
44328903382923,12:18:48.903,31.3000,100
44331856052133,12:18:51.856,31.3000,100
44335128668600,12:18:55.128,31.2900,100
44335218224954,12:18:55.218,31.2900,100
44335218224954,12:18:55.218,31.2900,100
44335313326622,12:18:55.313,31.2900,100
44343068008386,12:19:03.068,31.2900,100
44343068694655,12:19:03.068,31.2900,100
44343068732240,12:19:03.068,31.2900,100
44357460920397,12:19:17.460,31.2800,32
44357461068706,12:19:17.461,31.2800,32
44360464169904,12:19:20.464,31.2800,32
44360465199606,12:19:20.465,31.2800,32
44360465327576,12:19:20.465,31.2800,32
44360466229381,12:19:20.466,31.2800,4
44360466229381,12:19:20.466,31.2800,28
44363607808915,12:19:23.607,31.2800,32
44369396370448,12:19:29.396,31.2800,32
44413103097180,12:20:13.103,31.2900,100
44467714023066,12:21:07.714,31.2900,1
44468030690720,12:21:08.030,31.2900,99
44468030690720,12:21:08.030,31.2900,1
44468060796948,12:21:08.060,31.2900,99
44470342193786,12:21:10.342,31.2900,32
44497837359260,12:21:37.837,31.3100,100
44498017297625,12:21:38.017,31.3100,200
44498017297625,12:21:38.017,31.3100,100
44498017297625,12:21:38.017,31.3100,100
44498017297625,12:21:38.017,31.3100,100
44520922674912,12:22:00.922,31.2900,66
44520922706720,12:22:00.922,31.2900,34
44546529475650,12:22:26.529,31.2800,100
44568045522936,12:22:48.045,31.2900,100
44568981127593,12:22:48.981,31.3000,100
44568981127593,12:22:48.981,31.3000,100
44568981127593,12:22:48.981,31.3000,200
44568981127593,12:22:48.981,31.3000,3
44568981210586,12:22:48.981,31.3000,100
44568981210586,12:22:48.981,31.3000,100
44568981663554,12:22:48.981,31.3000,100
44568994257464,12:22:48.994,31.3000,100
44569112352837,12:22:49.112,31.3000,100
44570127302810,12:22:50.127,31.3000,100
44587605069531,12:23:07.605,31.3000,100
44641509597767,12:24:01.509,31.3200,100
44641591792647,12:24:01.591,31.3200,100
44641591792647,12:24:01.591,31.3200,100
44641591792647,12:24:01.591,31.3200,100
44641591792647,12:24:01.591,31.3200,100
44643838824713,12:24:03.838,31.3200,100
44643841014376,12:24:03.841,31.3100,100
44689070824438,12:24:49.070,31.3300,100
44689070824438,12:24:49.070,31.3300,100
44701128836012,12:25:01.128,31.3300,100
44711669816643,12:25:11.669,31.3400,81
44711669830987,12:25:11.669,31.3400,19
44728388839663,12:25:28.388,31.3500,15
44728389085970,12:25:28.389,31.3500,85
44754588881744,12:25:54.588,31.3400,100
44754588881744,12:25:54.588,31.3400,100
44754590380708,12:25:54.590,31.3300,100
44754690361852,12:25:54.690,31.3300,100
44761346985349,12:26:01.346,31.3300,13
44766672428176,12:26:06.672,31.3300,87
44766672428176,12:26:06.672,31.3300,100
44766672601212,12:26:06.672,31.3200,100
44766672917033,12:26:06.672,31.3100,100
44766677185924,12:26:06.677,31.3000,100
44766677465914,12:26:06.677,31.3000,200
44766678540758,12:26:06.678,31.2900,100
44766678540758,12:26:06.678,31.2900,100
44766678540758,12:26:06.678,31.2900,100
44766678540758,12:26:06.678,31.2900,100
44766679799039,12:26:06.679,31.3000,100
44766679799039,12:26:06.679,31.3000,100
44766679949308,12:26:06.679,31.3000,100
44766683651012,12:26:06.683,31.2900,100
44766683651012,12:26:06.683,31.2900,100
44766683686248,12:26:06.683,31.2900,110
44766683686248,12:26:06.683,31.2900,89
44767256586206,12:26:07.256,31.2900,100
44767256992133,12:26:07.256,31.2900,100
44767257040003,12:26:07.257,31.2900,99
44767257064267,12:26:07.257,31.2900,1
44768282161089,12:26:08.282,31.2900,100
44768282221820,12:26:08.282,31.2900,99
44768282244068,12:26:08.282,31.2900,1
44769076856295,12:26:09.076,31.2900,200
44770559328768,12:26:10.559,31.2900,199
44770559397356,12:26:10.559,31.2900,1
44770559397356,12:26:10.559,31.2900,100
44770559397356,12:26:10.559,31.2900,98
44770559456721,12:26:10.559,31.2900,2
44785774973891,12:26:25.774,31.2900,100
44786512149708,12:26:26.512,31.2900,99
44786512274427,12:26:26.512,31.2900,1
44800489392855,12:26:40.489,31.2800,99
44800489468291,12:26:40.489,31.2800,1
44800490375732,12:26:40.490,31.2800,200
44800490375732,12:26:40.490,31.2800,300
44800490375732,12:26:40.490,31.2800,100
44800490447662,12:26:40.490,31.2800,99
44800490548655,12:26:40.490,31.2800,99
44800490612929,12:26:40.490,31.2800,99
44800490699713,12:26:40.490,31.2800,3
44800490699713,12:26:40.490,31.2800,96
44800490768634,12:26:40.490,31.2800,4
44800490825645,12:26:40.490,31.2800,95
44800490849620,12:26:40.490,31.2800,4
44800490886838,12:26:40.490,31.2800,95
44800490915340,12:26:40.490,31.2800,4
44800490939971,12:26:40.490,31.2800,95
44800490983782,12:26:40.490,31.2800,4
44800491006907,12:26:40.491,31.2800,95
44800491041326,12:26:40.491,31.2800,4
44800491064209,12:26:40.491,31.2800,95
44800491114557,12:26:40.491,31.2800,58
44800491946205,12:26:40.491,31.2800,32
44800494932962,12:26:40.494,31.2800,32
44800495074566,12:26:40.495,31.2800,32
44800495904922,12:26:40.495,31.2800,4
44800495904922,12:26:40.495,31.2800,28
44800495969606,12:26:40.495,31.2800,38
44800496019856,12:26:40.496,31.2800,38
44800496043347,12:26:40.496,31.2800,24
44800496043347,12:26:40.496,31.2800,14
44818912619355,12:26:58.912,31.2800,32
44818912912116,12:26:58.912,31.2800,32
44818913653662,12:26:58.913,31.2800,32
44818913782262,12:26:58.913,31.2800,32
44818914731827,12:26:58.914,31.2800,32
44818915656009,12:26:58.915,31.2800,4
44818915656009,12:26:58.915,31.2800,28
44818915782064,12:26:58.915,31.2800,32
44818916570383,12:26:58.916,31.2800,32
44818917359265,12:26:58.917,31.2800,8
44821170245073,12:27:01.170,31.2800,32
44821171288405,12:27:01.171,31.2800,32
44821171432956,12:27:01.171,31.2800,32
44821172566417,12:27:01.172,31.2800,32
44821185797337,12:27:01.185,31.2800,32
44821213708414,12:27:01.213,31.2800,32
44822228413795,12:27:02.228,31.2800,32
44822228516143,12:27:02.228,31.2800,32
44822229561258,12:27:02.229,31.2800,32
44822230479210,12:27:02.230,31.2800,4
44825330654114,12:27:05.330,31.2800,32
44825331688151,12:27:05.331,31.2800,32
44825332716190,12:27:05.332,31.2800,32
44825332850594,12:27:05.332,31.2800,32
44825333707885,12:27:05.333,31.2800,4
44830303455514,12:27:10.303,31.2800,100
44830333983412,12:27:10.333,31.2800,32
44830334114506,12:27:10.334,31.2800,32
44830335042674,12:27:10.335,31.2800,32
44874288507290,12:27:54.288,31.2900,100
44874288507290,12:27:54.288,31.2900,100
44874288507290,12:27:54.288,31.2900,100
44874288602081,12:27:54.288,31.2900,200
44882676664779,12:28:02.676,31.2800,100
44882677465382,12:28:02.677,31.2800,32
44882677593520,12:28:02.677,31.2800,32
44882678430909,12:28:02.678,31.2800,32
44937351219553,12:28:57.351,31.2900,99
44964731381236,12:29:24.731,31.2900,100
44971237391505,12:29:31.237,31.2900,64
44984633831993,12:29:44.633,31.2800,100
44984633831993,12:29:44.633,31.2800,13
44984633838705,12:29:44.633,31.2800,36
44984633868149,12:29:44.633,31.2800,1
44984635657909,12:29:44.635,31.2700,100
44984635657909,12:29:44.635,31.2700,100
44984635932233,12:29:44.635,31.2700,224
44984682537036,12:29:44.682,31.2700,100
44984682537036,12:29:44.682,31.2700,100
44986482281958,12:29:46.482,31.2800,100
45046833871944,12:30:46.833,31.2900,100
45054643722121,12:30:54.643,31.2900,100
45060386231509,12:31:00.386,31.2900,100
45075435375539,12:31:15.435,31.2800,100
45075436619128,12:31:15.436,31.2700,100
45075436619128,12:31:15.436,31.2700,100
45075436619128,12:31:15.436,31.2700,100
45075477929100,12:31:15.477,31.2700,100
45089056804131,12:31:29.056,31.2800,200
45089056804131,12:31:29.056,31.2800,100
45089056804131,12:31:29.056,31.2700,100
45089153112751,12:31:29.153,31.2800,100
45108797604254,12:31:48.797,31.2700,94
45108797646747,12:31:48.797,31.2700,6
45108797646747,12:31:48.797,31.2700,26
45109150355274,12:31:49.150,31.2700,100
45122073454971,12:32:02.073,31.2800,100
45124762720173,12:32:04.762,31.2800,5
45146220549709,12:32:26.220,31.3000,100
45154048556718,12:32:34.048,31.2900,100
45176396568236,12:32:56.396,31.2800,100
45180129743129,12:33:00.129,31.2800,100
45180232400801,12:33:00.232,31.2900,200
45180232400801,12:33:00.232,31.2900,100
45180232400801,12:33:00.232,31.2900,100
45180232400801,12:33:00.232,31.2900,200
45180232400801,12:33:00.232,31.2900,100
45180278812985,12:33:00.278,31.2900,100
45184228395494,12:33:04.228,31.3000,100
45226462401534,12:33:46.462,31.2800,100
45226462401534,12:33:46.462,31.2800,65
45226943035266,12:33:46.943,31.2800,35
45247271920590,12:34:07.271,31.2800,62
45247272194341,12:34:07.272,31.2800,38
45247273749101,12:34:07.273,31.2700,100
45251600830346,12:34:11.600,31.2800,100
45251600830346,12:34:11.600,31.2900,100
45251600830346,12:34:11.600,31.2900,100
45251600830346,12:34:11.600,31.2900,100
45251600830346,12:34:11.600,31.2900,100
45251600830346,12:34:11.600,31.2900,100
45251600830346,12:34:11.600,31.2900,100
45251600830346,12:34:11.600,31.3000,100
45251600830346,12:34:11.600,31.3000,100
45251600830346,12:34:11.600,31.3000,100
45251600830346,12:34:11.600,31.3000,100
45280450048360,12:34:40.450,31.2900,100
45312365118380,12:35:12.365,31.2700,100
45312365118380,12:35:12.365,31.2700,100
45312366194253,12:35:12.366,31.2700,100
45312366194253,12:35:12.366,31.2700,100
45312366194253,12:35:12.366,31.2700,100
45317138282766,12:35:17.138,31.2800,29
45317889692697,12:35:17.889,31.2800,71
45328399703993,12:35:28.399,31.2800,100
45330248641038,12:35:30.248,31.2700,100
45345082292421,12:35:45.082,31.2800,100
45360978675157,12:36:00.978,31.2600,72
45372075758859,12:36:12.075,31.2600,25
45379558386439,12:36:19.558,31.2600,100
45379570277768,12:36:19.570,31.2600,100
45392520065514,12:36:32.520,31.2600,22
45392520422504,12:36:32.520,31.2600,11
45418693569238,12:36:58.693,31.2600,100
45420176737868,12:37:00.176,31.2600,100
45420176737868,12:37:00.176,31.2600,100
45420176737868,12:37:00.176,31.2600,100
45420176737868,12:37:00.176,31.2600,26
45428028014661,12:37:08.028,31.2500,100
45433127022649,12:37:13.127,31.2500,100
45441855970377,12:37:21.855,31.2500,9
45450595164871,12:37:30.595,31.2500,91
45503434672093,12:38:23.434,31.2300,10
45503443672062,12:38:23.443,31.2100,100
45503446042296,12:38:23.446,31.2000,100
45503446042296,12:38:23.446,31.2000,100
45503447923899,12:38:23.447,31.1900,100
45503668911561,12:38:23.668,31.1900,100
45503669340245,12:38:23.669,31.1900,200
45503669340245,12:38:23.669,31.1900,100
45503669340245,12:38:23.669,31.1900,28
45503689987119,12:38:23.689,31.1900,100
45503689987119,12:38:23.689,31.1900,300
45506854779564,12:38:26.854,31.2000,100
45507448466075,12:38:27.448,31.2000,90
45510339355448,12:38:30.339,31.2100,100
45510340572541,12:38:30.340,31.2200,100
45510340713918,12:38:30.340,31.2300,100
45510340713918,12:38:30.340,31.2300,100
45511005504953,12:38:31.005,31.2300,100
45519806295677,12:38:39.806,31.2200,100
45519806295677,12:38:39.806,31.2200,100
45519809758713,12:38:39.809,31.2200,94
45519811423444,12:38:39.811,31.2100,100
45519811423444,12:38:39.811,31.2100,100
45519811423444,12:38:39.811,31.2100,100
45519811423444,12:38:39.811,31.2100,100
45519811423444,12:38:39.811,31.2100,200
45519828092253,12:38:39.828,31.2100,560
45519828092253,12:38:39.828,31.2100,100
45519828092253,12:38:39.828,31.2100,100
45520297491481,12:38:40.297,31.2100,90
45520297563978,12:38:40.297,31.2100,10
45528981585981,12:38:48.981,31.2200,100
45537408808178,12:38:57.408,31.2200,100
45540818303103,12:39:00.818,31.2300,100
45540818303103,12:39:00.818,31.2300,4
45542375194956,12:39:02.375,31.2300,100
45542375194956,12:39:02.375,31.2300,100
45542375194956,12:39:02.375,31.2300,100
45542375194956,12:39:02.375,31.2300,100
45542406837266,12:39:02.406,31.2300,100
45542406837266,12:39:02.406,31.2300,100
45542427369700,12:39:02.427,31.2300,200
45542427369700,12:39:02.427,31.2300,100
45548958974634,12:39:08.958,31.2300,67
45558904448633,12:39:18.904,31.2400,100
45569158773214,12:39:29.158,31.2400,200
45569158773214,12:39:29.158,31.2400,100
45597500858623,12:39:57.500,31.2500,100
45608695403307,12:40:08.695,31.2300,100
45631703183976,12:40:31.703,31.2400,100
45631703183976,12:40:31.703,31.2400,100
45633762151640,12:40:33.762,31.2400,100
45633762151640,12:40:33.762,31.2400,11
45637470002868,12:40:37.470,31.2200,100
45637470002868,12:40:37.470,31.2200,100
45637677634565,12:40:37.677,31.2100,1
45650290818523,12:40:50.290,31.2100,27
45650292180486,12:40:50.292,31.2100,73
45650299234654,12:40:50.299,31.2100,100
45650299234654,12:40:50.299,31.2100,100
45680470092310,12:41:20.470,31.2100,100
45686226362557,12:41:26.226,31.2100,100
45708541431344,12:41:48.541,31.2200,100
45708801689652,12:41:48.801,31.2300,100
45708801689652,12:41:48.801,31.2300,100
45709840011596,12:41:49.840,31.2300,100
45720160260137,12:42:00.160,31.2300,100
45720160260137,12:42:00.160,31.2300,100
45720160260137,12:42:00.160,31.2300,100
45720160260137,12:42:00.160,31.2300,300
45724928139684,12:42:04.928,31.2200,100
45724932025523,12:42:04.932,31.2300,100
45724934315658,12:42:04.934,31.2300,100
45726551937518,12:42:06.551,31.2400,100
45727622170021,12:42:07.622,31.2400,100
45731694092497,12:42:11.694,31.2500,100
45731694092497,12:42:11.694,31.2500,100
45731694092497,12:42:11.694,31.2500,100
45731694092497,12:42:11.694,31.2500,100
45731696990650,12:42:11.696,31.2500,200
45731696990650,12:42:11.696,31.2500,100
45731701501890,12:42:11.701,31.2500,100
45731701501890,12:42:11.701,31.2500,200
45731703642947,12:42:11.703,31.2500,100
45734403354154,12:42:14.403,31.2500,100
45734403354154,12:42:14.403,31.2500,7
45734572749072,12:42:14.572,31.2500,100
45735470459091,12:42:15.470,31.2500,1
45736254917088,12:42:16.254,31.2500,96
45736254966887,12:42:16.254,31.2500,3
45737799837246,12:42:17.799,31.2500,100
45769807404329,12:42:49.807,31.2400,100
45773063882227,12:42:53.063,31.2400,16
45803637408121,12:43:23.637,31.2400,100
45829983755317,12:43:49.983,31.2500,100
45843230815364,12:44:03.230,31.2500,100
45843230815364,12:44:03.230,31.2500,100
45843965068225,12:44:03.965,31.2600,100
45843965068225,12:44:03.965,31.2600,100
45844077434870,12:44:04.077,31.2600,100
45874543785567,12:44:34.543,31.2500,100
45883018009705,12:44:43.018,31.2500,100
45889357274250,12:44:49.357,31.2500,100
45889357274250,12:44:49.357,31.2500,100
45897812088756,12:44:57.812,31.2400,100
45900593812914,12:45:00.593,31.2400,57
45903090849571,12:45:03.090,31.2400,100
45909170928832,12:45:09.170,31.2300,100
45911012559076,12:45:11.012,31.2300,67
45928383692323,12:45:28.383,31.2300,100
45928383692323,12:45:28.383,31.2300,100
45994269132902,12:46:34.269,31.2600,100
46000738564294,12:46:40.738,31.2700,86
46000738631749,12:46:40.738,31.2700,14
46000738631749,12:46:40.738,31.2700,72
46000738691038,12:46:40.738,31.2700,28
46000739633528,12:46:40.739,31.2700,100
46000739633528,12:46:40.739,31.2700,100
46000739633528,12:46:40.739,31.2700,100
46000739633528,12:46:40.739,31.2700,200
46000739633528,12:46:40.739,31.2700,100
46001842781573,12:46:41.842,31.2700,100
46001842781573,12:46:41.842,31.2800,100
46001842781573,12:46:41.842,31.2800,100
46001842781573,12:46:41.842,31.2800,100
46001842781573,12:46:41.842,31.2800,100
46001842781573,12:46:41.842,31.2800,200
46001844333928,12:46:41.844,31.2800,200
46001844333928,12:46:41.844,31.2800,100
46001844333928,12:46:41.844,31.2800,12
46001880528852,12:46:41.880,31.2800,196
46001880556251,12:46:41.880,31.2800,4
46021333781791,12:47:01.333,31.2700,100
46021501590487,12:47:01.501,31.2700,3
46025821865176,12:47:05.821,31.2600,100
46025828283585,12:47:05.828,31.2500,100
46051080177148,12:47:31.080,31.2400,100
46052652016141,12:47:32.652,31.2400,100
46054700443834,12:47:34.700,31.2400,63
46058557588648,12:47:38.557,31.2400,37
46059866765519,12:47:39.866,31.2400,100
46071287859521,12:47:51.287,31.2500,100
46075670895119,12:47:55.670,31.2600,100
46119677072092,12:48:39.677,31.2500,100
46119677072092,12:48:39.677,31.2500,100
46133977967169,12:48:53.977,31.2600,86
46133978040605,12:48:53.978,31.2600,14
46143165839643,12:49:03.165,31.2600,100
46152834863397,12:49:12.834,31.2500,100
46188876425352,12:49:48.876,31.2500,100
46188876425352,12:49:48.876,31.2500,400
46189638071408,12:49:49.638,31.2600,100
46193596239550,12:49:53.596,31.2500,100
46270019533647,12:51:10.019,31.2500,72
46278227682232,12:51:18.227,31.2600,100
46302848782587,12:51:42.848,31.2700,100
46394884392148,12:53:14.884,31.2800,100
46394884392148,12:53:14.884,31.2800,100
46394884392148,12:53:14.884,31.2900,100
46394884392148,12:53:14.884,31.2900,100
46394884392148,12:53:14.884,31.2900,100
46402974072316,12:53:22.974,31.2800,100
46409391289381,12:53:29.391,31.2800,36
46428007210302,12:53:48.007,31.2800,64
46444618654452,12:54:04.618,31.2900,100
46444621571244,12:54:04.621,31.3000,309
46447070989472,12:54:07.070,31.3000,100
46447071267209,12:54:07.071,31.3000,100
46471682488865,12:54:31.682,31.3100,200
46471682488865,12:54:31.682,31.3100,100
46471682488865,12:54:31.682,31.3100,100
46474879771662,12:54:34.879,31.3100,100
46534366759423,12:55:34.366,31.3200,100
46534368187147,12:55:34.368,31.3200,32
46534368288280,12:55:34.368,31.3200,68
46534368368582,12:55:34.368,31.3200,100
46534368368582,12:55:34.368,31.3200,100
46534368439112,12:55:34.368,31.3200,100
46534368439112,12:55:34.368,31.3200,100
46534368505759,12:55:34.368,31.3200,100
46534369168951,12:55:34.369,31.3200,68
46534369315387,12:55:34.369,31.3200,32
46534370290763,12:55:34.370,31.3200,32
46534371130495,12:55:34.371,31.3200,100
46534371241587,12:55:34.371,31.3200,32
46534371375984,12:55:34.371,31.3200,32
46534372345509,12:55:34.372,31.3200,32
46534372640894,12:55:34.372,31.3200,72
46534373589305,12:55:34.373,31.3300,100
46534373589305,12:55:34.373,31.3300,100
46534373589305,12:55:34.373,31.3300,100
46535134757446,12:55:35.134,31.3400,100
46535134757446,12:55:35.134,31.3400,100
46561831666150,12:56:01.831,31.3200,100
46563022645296,12:56:03.022,31.3100,200
46563022645296,12:56:03.022,31.3100,100
46603123858501,12:56:43.123,31.2800,100
46603123858501,12:56:43.123,31.2800,100
46603123858501,12:56:43.123,31.2800,46
46604506794391,12:56:44.506,31.2800,32
46604506921152,12:56:44.506,31.2800,32
46604507840743,12:56:44.507,31.2800,32
46604508870004,12:56:44.508,31.2800,4
46631486226457,12:57:11.486,31.2600,56
46638393395434,12:57:18.393,31.2600,29
46801016194657,13:00:01.016,31.2500,10
46851470269217,13:00:51.470,31.2600,100
46878433177289,13:01:18.433,31.2500,100
46929330196540,13:02:09.330,31.2500,7
47017876723074,13:03:37.876,31.2300,100
47017876925561,13:03:37.876,31.2400,100
47018699101515,13:03:38.699,31.2400,100
47116626097424,13:05:16.626,31.2000,100
47116626097424,13:05:16.626,31.2000,100
47128315567387,13:05:28.315,31.2100,100
47137896412182,13:05:37.896,31.2300,100
47137937425299,13:05:37.937,31.2300,100
47161026027886,13:06:01.026,31.2300,100
47294565478431,13:08:14.565,31.2200,100
47294565478431,13:08:14.565,31.2200,100
47310005552191,13:08:30.005,31.2100,100
47455385025321,13:10:55.385,31.2100,100
47482537750160,13:11:22.537,31.2100,100
47482538824174,13:11:22.538,31.2100,200
47591174165165,13:13:11.174,31.2200,100
47591174165165,13:13:11.174,31.2200,100
47641412283732,13:14:01.412,31.2400,6
47706549352827,13:15:06.549,31.2500,14
47706549611294,13:15:06.549,31.2500,86
48028860864355,13:20:28.860,31.2600,31
48028860894036,13:20:28.860,31.2600,69
48028986865199,13:20:28.986,31.2600,69
48028986865199,13:20:28.986,31.2600,100
48031321121085,13:20:31.321,31.2600,34
48034770622072,13:20:34.770,31.2600,31
48034770975300,13:20:34.770,31.2600,69
48045855778924,13:20:45.855,31.2800,25
48045856109469,13:20:45.856,31.2800,25
48045856378463,13:20:45.856,31.2800,50
48045856378463,13:20:45.856,31.2800,25
48045856810852,13:20:45.856,31.2800,25
48045867889174,13:20:45.867,31.2800,100
48046032321045,13:20:46.032,31.2800,32
48046032455751,13:20:46.032,31.2800,32
48046033424363,13:20:46.033,31.2800,32
48046034394943,13:20:46.034,31.2800,4
48047460679363,13:20:47.460,31.2800,100
48047460679363,13:20:47.460,31.2800,100
48047460679363,13:20:47.460,31.2800,300
48063470316532,13:21:03.470,31.2600,100
48185198438723,13:23:05.198,31.2700,100
48202813874607,13:23:22.813,31.2700,100
48202814261096,13:23:22.814,31.2700,100
48215779364248,13:23:35.779,31.2700,100
48238163036332,13:23:58.163,31.2700,100
48270765409546,13:24:30.765,31.2700,100
48308794268056,13:25:08.794,31.2600,100
48361305390126,13:26:01.305,31.2500,100
48425480672750,13:27:05.480,31.2600,100
48426902531755,13:27:06.902,31.2600,100
48442462556490,13:27:22.462,31.2600,53
48488554838251,13:28:08.554,31.2700,100
48502165273680,13:28:22.165,31.2600,100
48502165273680,13:28:22.165,31.2600,100
48513591245813,13:28:33.591,31.2700,100
48541304622446,13:29:01.304,31.2700,64
48563157424318,13:29:23.157,31.2700,200
48563157424318,13:29:23.157,31.2700,100
48563157424318,13:29:23.157,31.2600,100
48563157424318,13:29:23.157,31.2600,500
48563157424318,13:29:23.157,31.2600,100
48563157424318,13:29:23.157,31.2500,100
48563157424318,13:29:23.157,31.2500,100
48563157424318,13:29:23.157,31.2500,200
48563157424318,13:29:23.157,31.2500,100
48563168676036,13:29:23.168,31.2400,100
48563168676036,13:29:23.168,31.2400,100
48563260935483,13:29:23.260,31.2400,100
48566025224120,13:29:26.025,31.2500,100
48851651635925,13:34:11.651,31.2900,100
48851651635925,13:34:11.651,31.2900,43
48859772968879,13:34:19.772,31.3000,300
48859772968879,13:34:19.772,31.3000,100
48859772968879,13:34:19.772,31.3000,100
48867373271415,13:34:27.373,31.2900,171
49020008501120,13:37:00.008,31.2800,100
49030426906281,13:37:10.426,31.2800,100
49053607647229,13:37:33.607,31.2900,10
49053747578729,13:37:33.747,31.2900,90
49118153684680,13:38:38.153,31.2900,19
49122477882501,13:38:42.477,31.2800,100
49204368630800,13:40:04.368,31.2900,100
49327902028658,13:42:07.902,31.2800,100
49343823051582,13:42:23.823,31.2800,1
49343823098586,13:42:23.823,31.2800,2
49424824022739,13:43:44.824,31.2900,61
49465041478687,13:44:25.041,31.3100,100
49475220470336,13:44:35.220,31.3100,100
49476002779232,13:44:36.002,31.3100,100
49501284127572,13:45:01.284,31.3100,100
49501284127572,13:45:01.284,31.3100,100
49503830544255,13:45:03.830,31.3200,100
49503834987296,13:45:03.834,31.3300,100
49503834987296,13:45:03.834,31.3300,100
49503835319096,13:45:03.835,31.3300,100
49505307045477,13:45:05.307,31.3400,100
49512186861842,13:45:12.186,31.3500,18
49514470538306,13:45:14.470,31.3700,200
49514470538306,13:45:14.470,31.3700,100
49520958918147,13:45:20.958,31.3600,100
49529849451574,13:45:29.849,31.3500,32
49529850469113,13:45:29.850,31.3500,31
49529851520983,13:45:29.851,31.3500,31
49529865664595,13:45:29.865,31.3500,31
49529867216584,13:45:29.867,31.3500,7
49529867216584,13:45:29.867,31.3500,25
49529868176672,13:45:29.868,31.3500,32
49529869133409,13:45:29.869,31.3500,31
49529870094294,13:45:29.870,31.3500,12
49529870094294,13:45:29.870,31.3500,19
49529871053583,13:45:29.871,31.3500,31
49529872007599,13:45:29.872,31.3500,31
49529872958585,13:45:29.872,31.3500,32
49529873921265,13:45:29.873,31.3500,32
49529874883255,13:45:29.874,31.3500,31
49529875846714,13:45:29.875,31.3500,5
49573385457943,13:46:13.385,31.3100,100
49573385581347,13:46:13.385,31.3100,100
49584028857698,13:46:24.028,31.3200,100
49628502737781,13:47:08.502,31.3000,100
49653186121930,13:47:33.186,31.3100,100
49653189130981,13:47:33.189,31.3200,100
49653189130981,13:47:33.189,31.3200,100
49653189130981,13:47:33.189,31.3200,100
49669014764742,13:47:49.014,31.3200,100
49727293348945,13:48:47.293,31.3000,100
49742639822578,13:49:02.639,31.3000,100
49753668153606,13:49:13.668,31.3100,100
49761332467704,13:49:21.332,31.3100,100
49761332467704,13:49:21.332,31.3100,100
49761334901994,13:49:21.334,31.3200,100
49761334901994,13:49:21.334,31.3200,100
49800981961280,13:50:00.981,31.3000,97
49801125313097,13:50:01.125,31.3000,100
49801125313097,13:50:01.125,31.3000,100
49818875817459,13:50:18.875,31.3000,100
49823817206017,13:50:23.817,31.3000,200
49823817206017,13:50:23.817,31.3000,100
49861065940227,13:51:01.065,31.2900,96
49863051705741,13:51:03.051,31.2800,400
49863051705741,13:51:03.051,31.2800,100
49875922936335,13:51:15.922,31.2800,100
49923065942822,13:52:03.065,31.2900,100
49958206550299,13:52:38.206,31.2900,100
49964823885984,13:52:44.823,31.2800,100
49986125556052,13:53:06.125,31.2700,100
50032568957671,13:53:52.568,31.2600,100
50042789410698,13:54:02.789,31.2700,100
50042789479590,13:54:02.789,31.2700,100
50058023624101,13:54:18.023,31.2500,100
50058407961534,13:54:18.407,31.2500,100
50107258789672,13:55:07.258,31.2700,100
50107259078601,13:55:07.259,31.2700,87
50107266094866,13:55:07.266,31.2800,100
50107266094866,13:55:07.266,31.2800,100
50107266094866,13:55:07.266,31.2800,46
50157808063837,13:55:57.808,31.2900,100
50170821213026,13:56:10.821,31.3000,100
50173018726764,13:56:13.018,31.3100,100
50182429802248,13:56:22.429,31.3100,100
50182429802248,13:56:22.429,31.3100,100
50208178589262,13:56:48.178,31.3200,100
50220763727841,13:57:00.763,31.3000,43
50220928172948,13:57:00.928,31.3100,100
50220935207597,13:57:00.935,31.3100,100
50220935207597,13:57:00.935,31.3100,200
50220935239522,13:57:00.935,31.3100,100
50231601120581,13:57:11.601,31.3000,200
50239145385593,13:57:19.145,31.2900,100
50253192481270,13:57:33.192,31.2800,100
50311061509843,13:58:31.061,31.2700,100
50311061509843,13:58:31.061,31.2700,31
50311062480418,13:58:31.062,31.2700,48
50331541882286,13:58:51.541,31.3100,100
50332093782761,13:58:52.093,31.3200,100
50332093782761,13:58:52.093,31.3200,100
50332346143909,13:58:52.346,31.3200,100
50402688920194,14:00:02.688,31.3500,200
50402691304691,14:00:02.691,31.3600,96
50402692002775,14:00:02.692,31.3200,100
50402692826936,14:00:02.692,31.3500,100
50402692826936,14:00:02.692,31.3600,200
50402694223827,14:00:02.694,31.3700,200
50402698058207,14:00:02.698,31.3700,96
50402698058207,14:00:02.698,31.3800,200
50402707622501,14:00:02.707,31.3300,100
50402713791727,14:00:02.713,31.3500,100
50402770993323,14:00:02.770,31.3400,100
50403427932150,14:00:03.427,31.3600,200
50403687772383,14:00:03.687,31.3400,96
50403846091920,14:00:03.846,31.3400,4
50408215324691,14:00:08.215,31.2800,100
50408215449021,14:00:08.215,31.2800,100
50408225102181,14:00:08.225,31.2800,300
50408993646679,14:00:08.993,31.2200,1
50408993646679,14:00:08.993,31.2200,200
50408993646679,14:00:08.993,31.2200,400
50408993646679,14:00:08.993,31.2200,600
50408993646679,14:00:08.993,31.2200,200
50412285060822,14:00:12.285,31.2500,50
50413011889628,14:00:13.011,31.1900,100
50413011889628,14:00:13.011,31.1700,250
50413400013722,14:00:13.400,31.1500,6
50417248767984,14:00:17.248,31.1100,100
50417393882611,14:00:17.393,31.1000,100
50421292208351,14:00:21.292,31.0500,100
50421294345186,14:00:21.294,31.0500,100
50421294403889,14:00:21.294,31.0500,100
50421294469021,14:00:21.294,31.0500,100
50421295765823,14:00:21.295,31.0500,100
50423250010095,14:00:23.250,31.0500,100
50429714329531,14:00:29.714,31.0700,100
50429714329531,14:00:29.714,31.0700,200
50429714514157,14:00:29.714,31.0600,100
50430051211805,14:00:30.051,31.0600,100
50432060891762,14:00:32.060,31.0500,100
50432160697716,14:00:32.160,31.0500,100
50432160926095,14:00:32.160,31.0500,200
50439654959299,14:00:39.654,31.0100,100
50439751618189,14:00:39.751,31.0100,100
50439751618189,14:00:39.751,31.0100,200
50441753419985,14:00:41.753,31.0200,200
50441753419985,14:00:41.753,31.0200,97
50442130747098,14:00:42.130,31.0000,100
50442194697953,14:00:42.194,31.0000,100
50442392225800,14:00:42.392,31.0100,105
50442392243330,14:00:42.392,31.0100,95
50443879036639,14:00:43.879,31.0800,72
50446509879854,14:00:46.509,31.1500,100
50448133321155,14:00:48.133,31.1200,100
50450125933764,14:00:50.125,31.0200,199
50451046620106,14:00:51.046,31.0100,100
50461779086631,14:01:01.779,31.0300,200
50462765749032,14:01:02.765,31.0100,135
50466303339255,14:01:06.303,30.9800,100
50466702216990,14:01:06.702,30.9900,200
50466703151639,14:01:06.703,31.0000,12
50466703540621,14:01:06.703,31.0000,88
50466714578514,14:01:06.714,31.0100,96
50468292203687,14:01:08.292,31.0000,117
50468292214857,14:01:08.292,31.0000,83
50468329586203,14:01:08.329,31.0000,100
50468346048524,14:01:08.346,30.9800,21
50468346078136,14:01:08.346,30.9800,75
50468507234019,14:01:08.507,30.9700,100
50471012964160,14:01:11.012,31.0300,100
50471012964160,14:01:11.012,31.0300,200
50471013374777,14:01:11.013,31.0300,100
50471013999659,14:01:11.013,31.0300,100
50471014123173,14:01:11.014,31.0300,100
50471014306676,14:01:11.014,31.0300,100
50471014375407,14:01:11.014,31.0300,100
50471953526496,14:01:11.953,31.0600,100
50471953743526,14:01:11.953,31.0500,100
50471955467666,14:01:11.955,31.0400,100
50471955467666,14:01:11.955,31.0300,200
50471955913790,14:01:11.955,31.0200,100
50471958741599,14:01:11.958,31.0100,100
50481612098365,14:01:21.612,31.0500,200
50481612098365,14:01:21.612,31.0500,100
50481613406580,14:01:21.613,31.0400,100
50481613406580,14:01:21.613,31.0400,100
50481613406580,14:01:21.613,31.0400,100
50481613406580,14:01:21.613,31.0300,200
50481613406580,14:01:21.613,31.0300,100
50481615959399,14:01:21.615,31.0300,34
50481959492923,14:01:21.959,31.0400,34
50498834223517,14:01:38.834,31.0500,200
50498834223517,14:01:38.834,31.0500,90
50518829782910,14:01:58.829,31.1000,100
50518922324253,14:01:58.922,31.0900,100
50525728978621,14:02:05.728,31.1000,100
50529416128274,14:02:09.416,31.1000,100
50530418039918,14:02:10.418,31.1100,34
50530418081271,14:02:10.418,31.1100,66
50531761876120,14:02:11.761,31.1100,100
50531761876120,14:02:11.761,31.1100,100
50534318984582,14:02:14.318,31.1200,200
50534318984582,14:02:14.318,31.1200,100
50534318984582,14:02:14.318,31.1200,100
50537446614431,14:02:17.446,31.1500,100
50537446614431,14:02:17.446,31.1500,100
50537825829283,14:02:17.825,31.1300,200
50537826926436,14:02:17.826,31.1400,100
50537832138200,14:02:17.832,31.1300,96
50537832723883,14:02:17.832,31.1300,96
50537833591426,14:02:17.833,31.1300,96
50537833765521,14:02:17.833,31.1300,96
50537834105052,14:02:17.834,31.1300,8
50538866712424,14:02:18.866,31.1500,100
50538866712424,14:02:18.866,31.1500,100
50538866712424,14:02:18.866,31.1500,100
50538868390312,14:02:18.868,31.1500,100
50539055977191,14:02:19.055,31.1300,100
50542940461536,14:02:22.940,31.1600,100
50542962537915,14:02:22.962,31.1600,100
50542962576231,14:02:22.962,31.1600,100
50543059264968,14:02:23.059,31.1700,200
50543620919195,14:02:23.620,31.1700,100
50543935505497,14:02:23.935,31.1700,100
50576396488027,14:02:56.396,31.0100,200
50576396488027,14:02:56.396,31.0100,400
50581049914757,14:03:01.049,30.9700,100
50582786316410,14:03:02.786,30.9700,16
50582936012340,14:03:02.936,30.9600,100
50594146577010,14:03:14.146,30.9500,100
50594146577010,14:03:14.146,30.9500,100
50601941171266,14:03:21.941,30.9400,100
50603489079754,14:03:23.489,30.9100,100
50603489079754,14:03:23.489,30.9100,100
50603497550981,14:03:23.497,30.8900,200
50603497660437,14:03:23.497,30.8900,100
50603770335883,14:03:23.770,30.8900,200
50604014133924,14:03:24.014,30.8900,100
50606281554722,14:03:26.281,30.8900,100
50606281554722,14:03:26.281,30.8900,100
50618408118738,14:03:38.408,30.8800,100
50651676119379,14:04:11.676,30.8700,100
50651676119379,14:04:11.676,30.8700,100
50651768523568,14:04:11.768,30.8600,22
50651768568099,14:04:11.768,30.8600,78
50652325983913,14:04:12.325,30.8600,100
50656324961204,14:04:16.324,30.8500,12
50657533110757,14:04:17.533,30.8500,5
50664761400952,14:04:24.761,30.8300,200
50664761400952,14:04:24.761,30.8300,100
50664761400952,14:04:24.761,30.8300,100
50664761979918,14:04:24.761,30.8300,200
50664762022878,14:04:24.762,30.8300,100
50664813448529,14:04:24.813,30.8400,100
50666738615562,14:04:26.738,30.8300,63
50666796592104,14:04:26.796,30.8300,100
50701316205082,14:05:01.316,30.8100,100
50701316205082,14:05:01.316,30.8100,100
50701316205082,14:05:01.316,30.8100,100
50701316205082,14:05:01.316,30.8100,100
50701316205082,14:05:01.316,30.8100,100
50701317574874,14:05:01.317,30.8100,100
50701317574874,14:05:01.317,30.8100,100
50704161522465,14:05:04.161,30.8000,200
50705423181193,14:05:05.423,30.7700,100
50708277572736,14:05:08.277,30.7900,100
50708277572736,14:05:08.277,30.7900,100
50722179234383,14:05:22.179,30.8200,200
50722179234383,14:05:22.179,30.8200,100
50724035986536,14:05:24.035,30.8100,100
50744694803837,14:05:44.694,30.8100,100
50749923574172,14:05:49.923,30.8000,200
50749923574172,14:05:49.923,30.8000,100
50749943288488,14:05:49.943,30.8000,100
50749997143819,14:05:49.997,30.8000,100
50756131854848,14:05:56.131,30.8100,100
50756137156536,14:05:56.137,30.8100,100
50756184031278,14:05:56.184,30.8100,54
50756259911154,14:05:56.259,30.8100,18
50759237763017,14:05:59.237,30.8300,100
50759238076373,14:05:59.238,30.8300,100
50759238785746,14:05:59.238,30.8300,100
50759239033300,14:05:59.239,30.8300,100
50759251444874,14:05:59.251,30.8400,72
50759254929448,14:05:59.254,30.8400,100
50759255012409,14:05:59.255,30.8400,100
50759259124463,14:05:59.259,30.8400,100
50760714183719,14:06:00.714,30.8300,100
50760714183719,14:06:00.714,30.8300,100
50763867187342,14:06:03.867,30.8200,1
50765061422040,14:06:05.061,30.8100,200
50767895874609,14:06:07.895,30.8200,200
50768002343608,14:06:08.002,30.8200,100
50768002343608,14:06:08.002,30.8200,100
50769047207094,14:06:09.047,30.8100,100
50769047207094,14:06:09.047,30.8100,100
50769047207094,14:06:09.047,30.8100,100
50769047207094,14:06:09.047,30.8100,300
50770597616127,14:06:10.597,30.8200,100
50772054299311,14:06:12.054,30.8200,100
50814822532823,14:06:54.822,30.8100,200
50814822532823,14:06:54.822,30.8100,200
50816237321707,14:06:56.237,30.8000,29
50819460071691,14:06:59.460,30.7800,200
50826211152175,14:07:06.211,30.7800,100
50864554554169,14:07:44.554,30.8300,200
50864554554169,14:07:44.554,30.8300,64
50864554624495,14:07:44.554,30.8300,100
50864554624495,14:07:44.554,30.8300,100
50864555500370,14:07:44.555,30.8300,64
50864556349427,14:07:44.556,30.8300,36
50865287147812,14:07:45.287,30.8200,200
50865892138815,14:07:45.892,30.8200,200
50865903656608,14:07:45.903,30.8300,200
50865903719800,14:07:45.903,30.8300,29
50865904501128,14:07:45.904,30.8200,100
50866262448552,14:07:46.262,30.8100,3
50866262472719,14:07:46.262,30.8100,68
50878892033352,14:07:58.892,30.8300,64
50880936592186,14:08:00.936,30.8300,100
50880936592186,14:08:00.936,30.8300,100
50882988253591,14:08:02.988,30.8000,64
50882988485021,14:08:02.988,30.8000,36
50882988700647,14:08:02.988,30.8000,100
50882989179174,14:08:02.989,30.8000,64
50882989517620,14:08:02.989,30.8000,28
50882990588576,14:08:02.990,30.8000,64
50882990613975,14:08:02.990,30.8000,288
50883103701021,14:08:03.103,30.8100,105
50883103725329,14:08:03.103,30.8100,95
50884399419943,14:08:04.399,30.8000,42
50886525970922,14:08:06.525,30.8100,1
50886600983235,14:08:06.600,30.8200,100
50889550919004,14:08:09.550,30.8000,50
50918406020696,14:08:38.406,30.7500,9
50924411920429,14:08:44.411,30.7600,64
50924411954703,14:08:44.411,30.7600,13
50928066052445,14:08:48.066,30.7500,100
50928069205629,14:08:48.069,30.7500,100
50933751795838,14:08:53.751,30.7500,100
50933751795838,14:08:53.751,30.7500,100
50933751795838,14:08:53.751,30.7500,100
50939335174061,14:08:59.335,30.7400,200
50939335174061,14:08:59.335,30.7400,100
50939335174061,14:08:59.335,30.7400,100
50941149930779,14:09:01.149,30.7400,2
50941162352750,14:09:01.162,30.7400,98
50945521186037,14:09:05.521,30.7400,100
50947276227179,14:09:07.276,30.7500,100
50947276270745,14:09:07.276,30.7500,100
50947835925614,14:09:07.835,30.7600,100
