timestamp,time,price,volume
34200035896812,09:30:00.035,24.3700,419
34382877705651,09:33:02.877,24.3700,1
34403640316553,09:33:23.640,24.3700,100
34570132354267,09:36:10.132,24.1400,10
34570132354267,09:36:10.132,24.1400,90
34573153512297,09:36:13.153,24.1300,5
34697946983204,09:38:17.946,24.3100,1
35023588707698,09:43:43.588,24.1400,100
35023588707698,09:43:43.588,24.1300,24
35023594846418,09:43:43.594,24.1000,100
35024249676032,09:43:44.249,24.1100,100
35024249676032,09:43:44.249,24.1100,100
35079075601211,09:44:39.075,23.9900,100
35079075601211,09:44:39.075,24.0000,6
35079075690585,09:44:39.075,24.0000,94
35079075690585,09:44:39.075,24.0000,100
35079075690585,09:44:39.075,24.0000,12
35079075758001,09:44:39.075,24.0100,100
35647621980806,09:54:07.621,23.9400,100
35647621980806,09:54:07.621,23.9400,200
35647750635810,09:54:07.750,23.8500,100
35648330359537,09:54:08.330,23.9100,100
35648330359537,09:54:08.330,23.9300,30
35649892534027,09:54:09.892,23.9300,100
35649892607268,09:54:09.892,23.9400,24
35649892626061,09:54:09.892,23.9400,76
35649893615668,09:54:09.893,23.8800,100
36022560815301,10:00:22.560,23.7400,100
36022560846328,10:00:22.560,23.7400,100
36357122755565,10:05:57.122,23.7000,100
36357122790887,10:05:57.122,23.7000,23
36615960942075,10:10:15.960,23.5000,21
36847480071396,10:14:07.480,23.6800,1
36897264939624,10:14:57.264,23.5200,100
36934512913508,10:15:34.512,23.6700,100
36934512983360,10:15:34.512,23.6700,23
36934513424106,10:15:34.513,23.6300,100
36934513623338,10:15:34.513,23.7000,100
36934514059480,10:15:34.514,23.7000,100
36934516576053,10:15:34.516,23.6900,100
37116054001774,10:18:36.054,23.6400,12
37161517301738,10:19:21.517,23.8700,1
37231375566302,10:20:31.375,23.8700,99
37231375566302,10:20:31.375,23.8700,1
37335789770010,10:22:15.789,23.8200,100
37335789852987,10:22:15.789,23.8200,100
37335789940748,10:22:15.789,23.8500,200
37335790187278,10:22:15.790,23.8500,100
37335790220748,10:22:15.790,23.8500,100
37335791017689,10:22:15.791,23.8100,30
37335791017689,10:22:15.791,23.7900,70
37335841242659,10:22:15.841,23.8500,30
37335885008097,10:22:15.885,23.8900,1
37335885420958,10:22:15.885,23.8900,99
37335885420958,10:22:15.885,23.9100,1
37338006025424,10:22:18.006,23.9100,70
37561820672197,10:26:01.820,23.9400,12
37561821110711,10:26:01.821,23.9400,60
37561821120504,10:26:01.821,23.9400,28
37609408573747,10:26:49.408,24.0650,200
37866400227762,10:31:06.400,24.1200,100
37866400287293,10:31:06.400,24.1200,100
37928807701023,10:32:08.807,24.0300,27
37928807701023,10:32:08.807,24.0300,100
37928807701023,10:32:08.807,24.0300,100
37928807701023,10:32:08.807,24.0300,100
37928807701023,10:32:08.807,24.0300,100
37928807701023,10:32:08.807,24.0200,73
37928807714562,10:32:08.807,24.0200,27
37928807714562,10:32:08.807,24.0200,17
37928807751770,10:32:08.807,24.0200,47
37928807776944,10:32:08.807,24.0200,36
37928807776944,10:32:08.807,24.0200,44
37928808247369,10:32:08.808,24.0200,100
37928808270419,10:32:08.808,24.0200,100
37928808332064,10:32:08.808,24.0200,100
37928808367669,10:32:08.808,24.0200,10
37928808398075,10:32:08.808,24.0300,100
37929802046009,10:32:09.802,24.0300,100
37929802058646,10:32:09.802,24.0200,90
37929802058646,10:32:09.802,24.0200,100
37929802058646,10:32:09.802,24.0200,100
37929802058646,10:32:09.802,24.0200,100
37929802058646,10:32:09.802,24.0200,44
37929802154431,10:32:09.802,24.0200,100
37929802225197,10:32:09.802,24.0400,30
37929802225197,10:32:09.802,24.0500,64
37929804672385,10:32:09.804,24.0200,100
37933130907877,10:32:13.130,24.0500,36
37942129246942,10:32:22.129,24.0500,100
37942804058743,10:32:22.804,24.0500,68
37942804094558,10:32:22.804,24.0500,32
37943905656497,10:32:23.905,24.1700,100
37943905656497,10:32:23.905,24.1800,100
37943907893902,10:32:23.907,24.1900,100
37943907948582,10:32:23.907,24.2000,100
37943908017737,10:32:23.908,24.2000,100
37955591643425,10:32:35.591,24.2500,100
38251551312395,10:37:31.551,24.1500,10
38251551312395,10:37:31.551,24.1500,7
38251551312395,10:37:31.551,24.1500,10
38251551312395,10:37:31.551,24.1500,100
38251551312395,10:37:31.551,24.1400,100
38251551312395,10:37:31.551,24.1400,100
38342279348373,10:39:02.279,24.1900,1
38630238077235,10:43:50.238,24.1200,100
38695994474179,10:44:55.994,24.1200,2
38695995043552,10:44:55.995,24.1200,98
38695995471159,10:44:55.995,24.1000,100
38695996114255,10:44:55.996,24.1500,90
38698064663269,10:44:58.064,24.1500,10
38698064741407,10:44:58.064,24.1600,142
38698064745060,10:44:58.064,24.1600,58
38698064745060,10:44:58.064,24.1600,100
38698064751575,10:44:58.064,24.1700,42
38698065047649,10:44:58.065,24.1700,100
38698065084266,10:44:58.065,24.1700,58
39255528285711,10:54:15.528,24.2200,1
39393562570555,10:56:33.562,24.0300,100
39436182574990,10:57:16.182,23.8900,100
39436182574990,10:57:16.182,23.8600,100
39518970848226,10:58:38.970,24.0200,1
39543555264470,10:59:03.555,24.0000,100
39846867394678,11:04:06.867,24.0500,100
39846869007674,11:04:06.869,24.0500,100
39847743237612,11:04:07.743,24.0200,100
39847743259852,11:04:07.743,24.0100,8
39921740854826,11:05:21.740,24.0100,90
39921740854826,11:05:21.740,24.0100,10
39935048433924,11:05:35.048,24.0400,100
39935049203141,11:05:35.049,24.0200,100
40517572558927,11:15:17.572,24.0000,39
40536259156100,11:15:36.259,23.9900,100
40582379477429,11:16:22.379,24.1300,1
40668502312872,11:17:48.502,24.0200,100
40668502962418,11:17:48.502,24.0000,30
40668503071012,11:17:48.503,24.0000,70
40668503071012,11:17:48.503,24.0000,100
40668511278753,11:17:48.511,24.0000,100
40876376248473,11:21:16.376,24.0200,100
40876378323670,11:21:16.378,24.0200,15
40876378533837,11:21:16.378,24.0200,85
40876386830161,11:21:16.386,24.0300,100
40887612818908,11:21:27.612,24.0600,100
41635769368238,11:33:55.769,24.0800,1
41638637544446,11:33:58.637,24.1100,100
41638637612749,11:33:58.637,24.1100,18
41638637612749,11:33:58.637,24.1100,82
41638637708999,11:33:58.637,24.1100,18
41638637791834,11:33:58.637,24.1400,100
41638637831630,11:33:58.637,24.1400,100
41638689370515,11:33:58.689,24.1400,100
41940785844027,11:39:00.785,24.1700,1
42004069269914,11:40:04.069,24.0500,15
42004069272614,11:40:04.069,24.0500,85
42004069277626,11:40:04.069,24.0500,42
42004069309291,11:40:04.069,24.0500,58
42246009348394,11:44:06.009,23.8300,100
42246009825885,11:44:06.009,23.9000,100
42246010396379,11:44:06.010,23.9000,29
42246010501264,11:44:06.010,23.9000,100
42246010746387,11:44:06.010,23.8300,50
42550880129327,11:49:10.880,24.1200,1
42712437663624,11:51:52.437,24.2600,1
42814198212654,11:53:34.198,24.0300,29
42814198212654,11:53:34.198,24.0200,71
42814311657806,11:53:34.311,24.0200,29
42814311657806,11:53:34.311,24.0100,71
42907675446403,11:55:07.675,24.1700,55
42955575356464,11:55:55.575,24.0900,100
42955575424054,11:55:55.575,24.0900,100
42955575452024,11:55:55.575,24.0900,100
42955576810113,11:55:55.576,24.1400,100
43044433972864,11:57:24.433,24.1400,100
43046366853048,11:57:26.366,24.1400,100
43046366853048,11:57:26.366,24.1400,100
43046367494823,11:57:26.367,24.1200,70
43046367665460,11:57:26.367,24.1200,30
43046367665460,11:57:26.367,24.1200,100
43046367665460,11:57:26.367,24.1200,10
43049996420971,11:57:29.996,24.1200,90
43049996420971,11:57:29.996,24.0700,10
43049996747469,11:57:29.996,24.0700,4
43049997336920,11:57:29.997,24.0700,86
43049997376646,11:57:29.997,24.0700,14
43388282025541,12:03:08.282,24.1300,100
43388282092230,12:03:08.282,24.1300,5
43388282092230,12:03:08.282,24.1300,60
43388282267635,12:03:08.282,24.1500,31
43388282276885,12:03:08.282,24.1500,104
43388282320759,12:03:08.282,24.1500,5
43388282470183,12:03:08.282,24.1500,60
43436190802428,12:03:56.190,24.2400,1
43773825131081,12:09:33.825,24.2600,1
43950222397648,12:12:30.222,24.1800,100
43950227076239,12:12:30.227,24.1600,100
45061410712517,12:31:01.410,24.2500,100
45061411153105,12:31:01.411,24.2600,98
45061411203439,12:31:01.411,24.2600,2
45061411203439,12:31:01.411,24.2600,98
45061411253903,12:31:01.411,24.2600,2
45061411361338,12:31:01.411,24.2700,2
45061412828893,12:31:01.412,24.2700,98
45231927622327,12:33:51.927,24.3000,1
45428344540680,12:37:08.344,24.2300,100
45485121521536,12:38:05.121,24.2300,100
45485121539535,12:38:05.121,24.1600,100
45692128013186,12:41:32.128,24.1700,50
45692128013186,12:41:32.128,24.1600,50
45826249169297,12:43:46.249,24.1500,100
46261393588823,12:51:01.393,24.2400,100
46261393588823,12:51:01.393,24.2500,100
46261393588823,12:51:01.393,24.2500,100
46261393588823,12:51:01.393,24.2500,5
46261393588823,12:51:01.393,24.2500,96
46261393663657,12:51:01.393,24.2500,100
46261393759167,12:51:01.393,24.2500,4
46261393759167,12:51:01.393,24.2500,96
46261393875524,12:51:01.393,24.2500,4
46261394112522,12:51:01.394,24.2700,100
46261394112522,12:51:01.394,24.2700,32
46261394340911,12:51:01.394,24.2700,145
46261394553548,12:51:01.394,24.2700,23
46261394553548,12:51:01.394,24.2700,100
46261394558616,12:51:01.394,24.2800,100
46440377944843,12:54:00.377,24.3600,100
46440394004625,12:54:00.394,24.3800,55
46440394320253,12:54:00.394,24.3800,45
46440394334264,12:54:00.394,24.3900,100
46440394371032,12:54:00.394,24.3900,100
46492086728090,12:54:52.086,24.4800,95
46492086728090,12:54:52.086,24.5000,100
46492086728090,12:54:52.086,24.5100,100
46492086728090,12:54:52.086,24.5100,5
46515320911687,12:55:15.320,24.5300,100
46555702997560,12:55:55.702,24.4400,100
46556806226064,12:55:56.806,24.3850,100
46747989864180,12:59:07.989,24.4600,1
47631171298454,13:13:51.171,24.4700,1
47654468106291,13:14:14.468,24.3400,99
48126984228031,13:22:06.984,24.4000,2
48256091548249,13:24:16.091,24.4400,1
48256093875730,13:24:16.093,24.4500,100
48309042870216,13:25:09.042,24.4400,100
48309042870216,13:25:09.042,24.4400,84
48309042912071,13:25:09.042,24.4400,16
48309042912071,13:25:09.042,24.4400,4
48309044411936,13:25:09.044,24.4500,3
48309044939587,13:25:09.044,24.4600,100
48309195547779,13:25:09.195,24.4600,100
48317426922487,13:25:17.426,24.4700,199
48317426922487,13:25:17.426,24.4700,1
48317427176297,13:25:17.427,24.4700,53
48317427371497,13:25:17.427,24.4700,46
48317427826188,13:25:17.427,24.4800,100
48317427826188,13:25:17.427,24.4800,100
48317427864656,13:25:17.427,24.4900,200
48317427867790,13:25:17.427,24.5000,100
48317428090577,13:25:17.428,24.5100,2
48317429869084,13:25:17.429,24.5100,98
48328109513380,13:25:28.109,24.4500,100
48665730739119,13:31:05.730,24.5400,100
48665730739119,13:31:05.730,24.5400,48
48665730797319,13:31:05.730,24.5400,52
48665730797319,13:31:05.730,24.5400,115
48665730822627,13:31:05.730,24.5400,100
48665730822627,13:31:05.730,24.5400,67
48665731054067,13:31:05.731,24.5400,39
48665731100770,13:31:05.731,24.5400,61
48665731104304,13:31:05.731,24.5400,100
48665731128368,13:31:05.731,24.5400,61
48665731158970,13:31:05.731,24.5400,100
48665731238546,13:31:05.731,24.5400,100
48665731338731,13:31:05.731,24.5400,100
48665731414556,13:31:05.731,24.5400,3
48665731455547,13:31:05.731,24.5400,97
48665731455547,13:31:05.731,24.5400,3
48665731501836,13:31:05.731,24.5400,69
48665731535272,13:31:05.731,24.5400,31
48665731535272,13:31:05.731,24.5400,100
48665731713132,13:31:05.731,24.5400,70
48665732678904,13:31:05.732,24.5400,30
48665732678904,13:31:05.732,24.5400,70
48665732705556,13:31:05.732,24.5400,30
48665732705556,13:31:05.732,24.5400,70
48665733418339,13:31:05.733,24.5400,100
48665733444268,13:31:05.733,24.5400,30
48665782087021,13:31:05.782,24.5400,100
48678211209141,13:31:18.211,24.5400,100
49392711379359,13:43:12.711,24.5200,30
49392711379359,13:43:12.711,24.5000,470
49402570080681,13:43:22.570,24.5000,100
49612277637975,13:46:52.277,24.6000,12
49612277637975,13:46:52.277,24.6000,10
49612277637975,13:46:52.277,24.6100,400
49612277711720,13:46:52.277,24.6200,100
49612278821804,13:46:52.278,24.6200,100
49612278873004,13:46:52.278,24.6300,100
49612278944042,13:46:52.278,24.6300,100
49612282743882,13:46:52.282,24.6400,100
49612284455086,13:46:52.284,24.6500,200
49612284455086,13:46:52.284,24.6500,100
49612292914666,13:46:52.292,24.7000,200
49612292914666,13:46:52.292,24.7000,100
49954497775589,13:52:34.497,24.8300,3
49954606733955,13:52:34.606,24.8300,1
50047505505614,13:54:07.505,24.8400,1
50102659712390,13:55:02.659,24.7500,114
50155546736703,13:55:55.546,24.7500,100
50155547494424,13:55:55.547,24.7500,130
50155547540379,13:55:55.547,24.7500,56
50196974787386,13:56:36.974,24.8300,100
50196974787386,13:56:36.974,24.8300,197
50196975024278,13:56:36.975,24.8300,3
50196975024278,13:56:36.975,24.8300,100
50196975024278,13:56:36.975,24.8400,74
50196975038561,13:56:36.975,24.8400,94
50196975118365,13:56:36.975,24.8400,31
50196975118365,13:56:36.975,24.8400,100
50196975118365,13:56:36.975,24.8400,55
50196975147855,13:56:36.975,24.8400,100
50196975168510,13:56:36.975,24.8400,1845
50196975207305,13:56:36.975,24.8500,200
50196975207305,13:56:36.975,24.8600,200
50196975207305,13:56:36.975,24.8600,100
50196976071957,13:56:36.976,24.8800,30
50196980619596,13:56:36.980,24.8500,60
50196980619596,13:56:36.980,24.8700,40
50196980619596,13:56:36.980,24.8700,11
50196984733616,13:56:36.984,24.8700,89
50196985820292,13:56:36.985,24.8800,70
50196985820292,13:56:36.985,24.8800,30
50282943788673,13:58:02.943,24.8600,100
50396760489026,13:59:56.760,24.8700,100
50396760489026,13:59:56.760,24.8700,100
50396760489026,13:59:56.760,24.8700,15
50396760489026,13:59:56.760,24.8700,85
50396760536961,13:59:56.760,24.8700,15
50396760536961,13:59:56.760,24.8700,1
50396760594041,13:59:56.760,24.8700,100
50396760612384,13:59:56.760,24.8700,37
50396760629045,13:59:56.760,24.8700,5
50396760673535,13:59:56.760,24.8700,5
50396760718266,13:59:56.760,24.8700,5
50396760729823,13:59:56.760,24.8700,15
50396760761187,13:59:56.760,24.8700,5
50396760767915,13:59:56.760,24.8700,70
50396760804098,13:59:56.760,24.8200,1
50463571729003,14:01:03.571,24.7500,73
50580297264021,14:03:00.297,24.8200,2
50617111345204,14:03:37.111,24.8200,98
50617111345204,14:03:37.111,24.8200,2
50635489634909,14:03:55.489,24.8200,8
50635490183709,14:03:55.490,24.8400,100
50635490408993,14:03:55.490,24.8400,89
50635490410471,14:03:55.490,24.8400,11
50726638248070,14:05:26.638,24.9000,100
50735776357161,14:05:35.776,24.9000,100
50865432174793,14:07:45.432,24.9100,100
50933919769324,14:08:53.919,24.8400,100
50934424279576,14:08:54.424,24.9100,1
51096655836426,14:11:36.655,24.8400,100
51096655836426,14:11:36.655,24.8200,100
51165160011205,14:12:45.160,24.8200,30
51165160235393,14:12:45.160,24.8200,70
51165160235393,14:12:45.160,24.8200,100
51165160235393,14:12:45.160,24.8200,100
51264696556638,14:14:24.696,24.8250,100
51584882168803,14:19:44.882,24.7300,94
51584882394901,14:19:44.882,24.7300,6
51646852555059,14:20:46.852,24.8300,100
51646852555059,14:20:46.852,24.8400,100
51646852555059,14:20:46.852,24.8400,10
51646852555059,14:20:46.852,24.8400,100
51646852555059,14:20:46.852,24.8400,200
51646852555059,14:20:46.852,24.8400,100
51646852555059,14:20:46.852,24.8400,100
51646853048079,14:20:46.853,24.8600,38
51646855387013,14:20:46.855,24.8500,8
51646855929848,14:20:46.855,24.8500,29
51646856243627,14:20:46.856,24.8800,6
51646856678730,14:20:46.856,24.8500,29
51646857045783,14:20:46.857,24.8800,94
51646857211581,14:20:46.857,24.8900,100
51646862060113,14:20:46.862,24.8900,100
51646863874115,14:20:46.863,24.9000,300
51769678127742,14:22:49.678,24.8400,100
51769678508967,14:22:49.678,24.8400,100
51769678838599,14:22:49.678,24.8400,100
51769679575007,14:22:49.679,24.9100,100
51769679900123,14:22:49.679,24.9100,100
51769680036345,14:22:49.680,24.9200,100
51769680046734,14:22:49.680,24.8800,17
51769680088640,14:22:49.680,24.9200,100
51769680138673,14:22:49.680,24.9300,100
51769693240721,14:22:49.693,24.9300,100
51815198794333,14:23:35.198,24.9200,40
51832549741195,14:23:52.549,24.9200,1
52279261158214,14:31:19.261,24.8400,100
52731120310976,14:38:51.120,24.8100,1
52747191354824,14:39:07.191,24.9200,1
52834784925939,14:40:34.784,24.9200,2
52834784925939,14:40:34.784,24.9300,100
52834784925939,14:40:34.784,24.9300,100
52834784925939,14:40:34.784,24.9300,200
52834784925939,14:40:34.784,24.9300,100
52834784925939,14:40:34.784,24.9300,798
52834784975582,14:40:34.784,24.9300,510
52834785182312,14:40:34.785,24.9300,100
52834785574070,14:40:34.785,24.9400,159
52834785855993,14:40:34.785,24.9400,41
52834785855993,14:40:34.785,24.9400,10
52834786109959,14:40:34.786,24.9500,10
52834786693939,14:40:34.786,24.9600,12
52845059573338,14:40:45.059,24.9600,288
52845059573338,14:40:45.059,24.9600,12
52852832473931,14:40:52.832,24.9600,88
52852832473931,14:40:52.832,24.9700,12
52852833812572,14:40:52.833,24.9700,88
52852833812572,14:40:52.833,24.9700,1
52852833812572,14:40:52.833,24.9800,103
52852834068671,14:40:52.834,24.9800,97
52852834068671,14:40:52.834,24.9800,10
52917581692999,14:41:57.581,24.9900,1
52917581692999,14:41:57.581,24.9900,4
52918147372688,14:41:58.147,25.0000,10
52918147372688,14:41:58.147,25.0000,25
52918148163892,14:41:58.148,25.0000,175
52926817232524,14:42:06.817,25.0300,100
52926817461523,14:42:06.817,25.0300,41
52926817676550,14:42:06.817,25.0300,59
52926817676550,14:42:06.817,25.0400,10
52926817676550,14:42:06.817,25.0400,38
52936941574368,14:42:16.941,25.0300,100
52947158328028,14:42:27.158,25.0300,100
52954111123698,14:42:34.111,25.0400,100
52960055319681,14:42:40.055,25.0600,5
52960055319681,14:42:40.055,25.0600,5
52960055401456,14:42:40.055,25.0900,10
52960055401456,14:42:40.055,25.0900,90
52960055407811,14:42:40.055,25.0900,100
52962838218201,14:42:42.838,25.0900,100
52968422973511,14:42:48.422,25.1000,1
52968422973511,14:42:48.422,25.1000,9
52968428451983,14:42:48.428,25.1000,90
52971140091280,14:42:51.140,25.0900,100
52971141193773,14:42:51.141,25.0600,100
52971141244600,14:42:51.141,25.0600,100
52971141292319,14:42:51.141,25.0400,22
52971141582418,14:42:51.141,25.0400,26
52971141611947,14:42:51.141,25.0400,52
52971141611947,14:42:51.141,25.0400,100
52979012958274,14:42:59.012,25.0200,100
53049557021026,14:44:09.557,25.0200,100
53065353620206,14:44:25.353,25.0100,100
53065353880656,14:44:25.353,25.0100,62
53065353889454,14:44:25.353,25.0100,38
53065354193284,14:44:25.354,25.0000,100
53065354490853,14:44:25.354,25.0000,100
53065368610505,14:44:25.368,24.9900,38
53065368643377,14:44:25.368,24.9900,48
53175977180351,14:46:15.977,25.0200,75
53199024046250,14:46:39.024,25.0300,1
53525189678766,14:52:05.189,25.0200,100
53525189752006,14:52:05.189,25.0200,100
53531688011860,14:52:11.688,25.0300,30
53531688033337,14:52:11.688,25.0300,97
53531688658184,14:52:11.688,25.0600,70
53548352407896,14:52:28.352,25.0600,100
53548352639634,14:52:28.352,25.0600,2
53548352640935,14:52:28.352,25.0600,1
53548352641435,14:52:28.352,25.0600,1
53548352643107,14:52:28.352,25.0600,1
53548352645036,14:52:28.352,25.0600,1
53548352648641,14:52:28.352,25.0600,1
53548352649239,14:52:28.352,25.0600,1
53548352649760,14:52:28.352,25.0600,1
53548352878235,14:52:28.352,25.0600,21
53548353304451,14:52:28.353,25.0600,100
53559486885672,14:52:39.486,25.0700,100
53559489064911,14:52:39.489,25.1000,10
53647550047112,14:54:07.550,25.1100,10
53647580492676,14:54:07.580,25.1200,6
53647580492676,14:54:07.580,25.1200,4
53647580492676,14:54:07.580,25.1200,10
53654700922946,14:54:14.700,25.1100,90
53700526786991,14:55:00.526,25.0400,67
53700526793738,14:55:00.526,25.0400,33
53847239264377,14:57:27.239,25.0800,1
53880963912462,14:58:00.963,25.0900,1
54026021122026,15:00:26.021,25.0000,40
54026022000259,15:00:26.022,25.0000,46
54026022118187,15:00:26.022,25.0000,14
54026022183968,15:00:26.022,25.0000,40
54067258919053,15:01:07.258,25.0000,100
54141173405013,15:02:21.173,25.0150,5
54141173405013,15:02:21.173,25.0150,6
54141173405013,15:02:21.173,25.0150,6
54141173405013,15:02:21.173,25.0150,4
54141173405013,15:02:21.173,25.0150,1
54141173405013,15:02:21.173,25.0150,4
54141173405013,15:02:21.173,25.0150,3
54141173405013,15:02:21.173,25.0150,2
54141173405013,15:02:21.173,25.0150,2
54141173405013,15:02:21.173,24.9600,42
54141192697549,15:02:21.192,24.9600,6
54156372416078,15:02:36.372,25.0200,2
54156372416078,15:02:36.372,25.0200,1
54156372416078,15:02:36.372,25.0200,1
54156372416078,15:02:36.372,25.0200,1
54156372416078,15:02:36.372,25.0200,1
54156372416078,15:02:36.372,25.0200,5
54156372416078,15:02:36.372,25.0200,2
54156372416078,15:02:36.372,25.0200,4
54156375031732,15:02:36.375,24.9800,4
54158073110874,15:02:38.073,25.0900,1
54158073480347,15:02:38.073,25.0900,4
54165065657089,15:02:45.065,25.0100,300
54239746024269,15:03:59.746,25.0300,100
54253299685336,15:04:13.299,25.0900,1
54253299685818,15:04:13.299,25.0900,5
54253299690461,15:04:13.299,25.0900,2
54253299692881,15:04:13.299,25.0900,1
54253299695315,15:04:13.299,25.0900,3
54253299696970,15:04:13.299,25.0900,4
54253299697462,15:04:13.299,25.0900,1
54253299699394,15:04:13.299,25.0900,2
54253299701925,15:04:13.299,25.0900,2
54345513731995,15:05:45.513,25.1100,2
54345513732603,15:05:45.513,25.1100,3
54345513733295,15:05:45.513,25.1100,6
54355304544259,15:05:55.304,25.1100,42
54355304544259,15:05:55.304,25.1100,8
54355304544259,15:05:55.304,25.1100,47
54405299234330,15:06:45.299,25.1100,53
54405299234330,15:06:45.299,25.1100,39
54440354984620,15:07:20.354,25.1200,100
54478379871171,15:07:58.379,25.1300,19
54478379941966,15:07:58.379,25.1300,281
54478380039284,15:07:58.380,25.1400,100
54478380684559,15:07:58.380,25.1400,100
54478381110279,15:07:58.381,25.1600,50
54480638120330,15:08:00.638,25.2000,300
54480638120330,15:08:00.638,25.2000,200
54496703322355,15:08:16.703,25.2600,100
54496703744540,15:08:16.703,25.2500,51
54496703802829,15:08:16.703,25.2500,49
54498170680695,15:08:18.170,25.2700,60
54755789259356,15:12:35.789,25.3700,100
54780291961969,15:13:00.291,25.2850,1
54780291961969,15:13:00.291,25.2850,1
54827014182018,15:13:47.014,25.2850,1
54827014182018,15:13:47.014,25.2850,1
54827014182018,15:13:47.014,25.2850,1
54827014182018,15:13:47.014,25.2850,1
54827014182018,15:13:47.014,25.2850,1
54827014182018,15:13:47.014,25.2850,1
54827014182018,15:13:47.014,25.2850,1
54827014182018,15:13:47.014,25.2850,1
54827014182018,15:13:47.014,25.2850,1
54827014182018,15:13:47.014,25.2850,1
54827014182018,15:13:47.014,25.2000,10
54924093803197,15:15:24.093,25.2800,1
54924093980453,15:15:24.093,25.2800,2
54924094204724,15:15:24.094,25.2800,2
54924094358685,15:15:24.094,25.2800,1
54924094522545,15:15:24.094,25.2800,1
54924094637830,15:15:24.094,25.2800,1
54924094892881,15:15:24.094,25.2800,1
54924095020693,15:15:24.095,25.2800,1
54924095380647,15:15:24.095,25.2800,1
54937513732492,15:15:37.513,25.3600,75
54950514363387,15:15:50.514,25.3600,1
54950514921009,15:15:50.514,25.3600,1
54973406480790,15:16:13.406,25.3600,23
54973406480790,15:16:13.406,25.3600,77
55003738958476,15:16:43.738,25.2600,100
55003739985678,15:16:43.739,25.2500,100
55003739985678,15:16:43.739,25.2400,100
55005986338609,15:16:45.986,25.2000,100
55164157221235,15:19:24.157,25.3000,1
55165203372420,15:19:25.203,25.1800,90
55165203372420,15:19:25.203,25.1700,100
55165203372420,15:19:25.203,25.1600,10
55254471240142,15:20:54.471,25.3300,31
55254471240142,15:20:54.471,25.3300,69
55254471677636,15:20:54.471,25.2900,100
55254478131138,15:20:54.478,25.3400,10
55257513429578,15:20:57.513,25.3500,100
55261513567885,15:21:01.513,25.3500,100
55421513803674,15:23:41.513,25.3500,100
55421513933044,15:23:41.513,25.3500,100
55421515027965,15:23:41.515,25.3000,100
55426513138314,15:23:46.513,25.3600,100
55437790513251,15:23:57.790,25.2600,100
55447512977529,15:24:07.512,25.2500,57
55447512977529,15:24:07.512,25.2600,43
55451513758830,15:24:11.513,25.2600,57
55451513758830,15:24:11.513,25.2600,43
55456582189917,15:24:16.582,25.2600,157
55495250863736,15:24:55.250,25.3300,1
55495250863736,15:24:55.250,25.3400,99
55495251956568,15:24:55.251,25.2800,100
55653452643686,15:27:33.452,25.1800,100
55653452643686,15:27:33.452,25.1800,100
55672514584177,15:27:52.514,25.3000,1
55676514740454,15:27:56.514,25.3100,100
55715806733126,15:28:35.806,25.3300,100
55715806793828,15:28:35.806,25.3300,1
55715807349104,15:28:35.807,25.3400,1
55715808347233,15:28:35.808,25.3500,200
55718515194154,15:28:38.515,25.3700,5
55718515194154,15:28:38.515,25.3900,20
55718515194154,15:28:38.515,25.4000,74
55718528627562,15:28:38.528,25.4100,100
55718528678833,15:28:38.528,25.4100,20
55722513547899,15:28:42.513,25.4200,4
55722513547899,15:28:42.513,25.4200,6
55722513547899,15:28:42.513,25.4300,4
55722513547899,15:28:42.513,25.4300,16
55722513547899,15:28:42.513,25.4400,10
55722513547899,15:28:42.513,25.4500,1
55722513547899,15:28:42.513,25.4500,59
55728085147222,15:28:48.085,25.4100,100
55728085147222,15:28:48.085,25.3900,100
55753522967876,15:29:13.522,25.3800,100
55753522967876,15:29:13.522,25.3800,100
55754926654944,15:29:14.926,25.3200,100
55790897508884,15:29:50.897,25.3700,1
55978915053139,15:32:58.915,25.2600,100
55978915053139,15:32:58.915,25.2100,100
56304398795246,15:38:24.398,25.2200,100
56337350413796,15:38:57.350,25.2300,100
56344766372313,15:39:04.766,25.2300,100
56344766372313,15:39:04.766,25.2300,52
56344766372313,15:39:04.766,25.2300,48
56344767064291,15:39:04.767,25.2300,52
56344767244596,15:39:04.767,25.2000,100
56344768341069,15:39:04.768,25.2000,125
56344773024413,15:39:04.773,25.2000,75
56344773024413,15:39:04.773,25.1900,25
56344773076463,15:39:04.773,25.1900,75
56344780350457,15:39:04.780,25.1900,100
56345512977327,15:39:05.512,25.2200,100
56345514546507,15:39:05.514,25.2200,19
56345514619376,15:39:05.514,25.2300,100
56345515336034,15:39:05.515,25.2100,100
56345515587346,15:39:05.515,25.2100,100
56345515666425,15:39:05.515,25.2300,48
56355514411453,15:39:15.514,25.2600,100
56437458332762,15:40:37.458,25.1700,100
56437458332762,15:40:37.458,25.1700,100
56437458332762,15:40:37.458,25.1700,100
56437458365776,15:40:37.458,25.1700,1
56437892510179,15:40:37.892,25.1600,100
56661513735749,15:44:21.513,25.2000,100
56674447592452,15:44:34.447,25.2000,17
56681877293038,15:44:41.877,25.1500,100
56684513093028,15:44:44.513,25.2000,100
56684825317028,15:44:44.825,25.2000,100
56687822341695,15:44:47.822,25.2000,83
56687822341695,15:44:47.822,25.2000,100
56687822341695,15:44:47.822,25.2000,100
56687925030575,15:44:47.925,25.2400,100
56687925995791,15:44:47.925,25.2400,300
56687926570907,15:44:47.926,25.2600,100
56687926622032,15:44:47.926,25.2600,100
56687926658964,15:44:47.926,25.2600,100
56687926658964,15:44:47.926,25.2600,100
56689514120073,15:44:49.514,25.3200,16
56689514120073,15:44:49.514,25.3200,4
56689514120073,15:44:49.514,25.3600,80
56689814732990,15:44:49.814,25.3700,3
56689814732990,15:44:49.814,25.3700,10
56689814732990,15:44:49.814,25.3700,87
56693679572707,15:44:53.679,25.2700,80
56693679572707,15:44:53.679,25.2600,100
56693679572707,15:44:53.679,25.2600,100
56693679572707,15:44:53.679,25.2600,100
56693680485308,15:44:53.680,25.2300,100
56693680485308,15:44:53.680,25.2300,100
56693680485308,15:44:53.680,25.2300,100
56693680485308,15:44:53.680,25.2300,80
56701150583256,15:45:01.150,25.1500,100
56701151753393,15:45:01.151,25.1400,100
56707342333853,15:45:07.342,25.1750,20
56821297522831,15:47:01.297,25.1500,100
56821297522831,15:47:01.297,25.1500,100
56821297987550,15:47:01.297,25.1500,100
56821297987550,15:47:01.297,25.1500,190
56821298092940,15:47:01.298,25.1500,100
56821298315171,15:47:01.298,25.1650,93
56821298320505,15:47:01.298,25.1650,7
56821298352076,15:47:01.298,25.1650,30
56821316632351,15:47:01.316,25.1500,100
56821316632351,15:47:01.316,25.1500,100
56821333138483,15:47:01.333,25.1500,100
56821333138483,15:47:01.333,25.1500,100
56821348682128,15:47:01.348,25.1500,10
56821348682128,15:47:01.348,25.1400,70
56821356981097,15:47:01.356,25.1400,130
56821356981097,15:47:01.356,25.1400,100
56884664277975,15:48:04.664,25.1300,20
56894708943879,15:48:14.708,25.1300,80
56894708943879,15:48:14.708,25.1400,1
56894708943879,15:48:14.708,25.1400,19
56932609513367,15:48:52.609,25.1400,110
56932609513367,15:48:52.609,25.1500,90
56940514162208,15:49:00.514,25.1500,100
56944513625460,15:49:04.513,25.1500,110
56944513625460,15:49:04.513,25.1500,90
56944513663350,15:49:04.513,25.1500,10
56957896335134,15:49:17.896,25.1700,100
56957896421575,15:49:17.896,25.1700,100
56960314828275,15:49:20.314,25.1400,100
56971513212986,15:49:31.513,25.1900,100
56999793560373,15:49:59.793,25.1900,5
56999822858669,15:49:59.822,25.1900,8
57007007481373,15:50:07.007,25.1900,100
57050959897684,15:50:50.959,25.2300,10
57052512990440,15:50:52.512,25.2400,400
57131514182728,15:52:11.514,25.3000,90
57138852541268,15:52:18.852,25.3200,91
57162295108864,15:52:42.295,25.3050,100
57162295108864,15:52:42.295,25.2600,100
57162295108864,15:52:42.295,25.2600,100
57162295108864,15:52:42.295,25.2600,100
57162295177331,15:52:42.295,25.2500,100
57162295177331,15:52:42.295,25.2500,100
57162295177331,15:52:42.295,25.2500,100
57162295331881,15:52:42.295,25.2600,100
57162295604393,15:52:42.295,25.2400,100
57162295619156,15:52:42.295,25.2300,1
57166957874373,15:52:46.957,25.2500,100
57185176481686,15:53:05.176,25.2500,29
57185176481686,15:53:05.176,25.2400,71
57185176960902,15:53:05.176,25.2400,29
57185176960902,15:53:05.176,25.2400,18
57185176971118,15:53:05.176,25.2400,50
57185176982697,15:53:05.176,25.2400,32
57185177326866,15:53:05.177,25.2000,100
57196513507015,15:53:16.513,25.3000,100
57198347887633,15:53:18.347,25.3100,100
57198347887633,15:53:18.347,25.3100,44
57274229193063,15:54:34.229,25.3000,100
57274229193063,15:54:34.229,25.3000,100
57274229193063,15:54:34.229,25.3000,100
57274229193063,15:54:34.229,25.3000,100
57274229442403,15:54:34.229,25.2900,100
57280869422237,15:54:40.869,25.2000,100
57280869422237,15:54:40.869,25.1900,100
57280869870808,15:54:40.869,25.1900,100
57280976681371,15:54:40.976,25.2600,6
57327489559717,15:55:27.489,25.3000,100
57327491066886,15:55:27.491,25.3200,100
57327497663411,15:55:27.497,25.3400,300
57327497663411,15:55:27.497,25.3400,10
57327499301543,15:55:27.499,25.3500,100
57332086782625,15:55:32.086,25.3700,52
57342923509971,15:55:42.923,25.3700,748
57342923509971,15:55:42.923,25.3700,200
57342923509971,15:55:42.923,25.3700,100
57342924179019,15:55:42.924,25.3800,100
57342924245443,15:55:42.924,25.3800,100
57342924676124,15:55:42.924,25.3600,100
57346513070069,15:55:46.513,25.4100,100
57350514058847,15:55:50.514,25.4100,100
57350515322403,15:55:50.515,25.4100,300
57350515757679,15:55:50.515,25.4100,89
57355112069124,15:55:55.112,25.4100,411
57355112395130,15:55:55.112,25.4200,271
57355112508664,15:55:55.112,25.4200,49
57355112560072,15:55:55.112,25.4200,100
57355112613262,15:55:55.112,25.4200,100
57355112685329,15:55:55.112,25.4200,80
57355136171792,15:55:55.136,25.4500,100
57355137685028,15:55:55.137,25.4500,100
57355137685028,15:55:55.137,25.4500,29
57355137685028,15:55:55.137,25.4500,71
57355137753166,15:55:55.137,25.4500,17
57355137871555,15:55:55.137,25.4500,100
57355138069421,15:55:55.138,25.4700,71
57356142853597,15:55:56.142,25.4500,10
57357151383100,15:55:57.151,25.4500,90
57357151383100,15:55:57.151,25.4500,29
57368513050805,15:56:08.513,25.4500,100
57371591819737,15:56:11.591,25.4500,100
57379223659345,15:56:19.223,25.4200,100
57379223659345,15:56:19.223,25.4200,100
57379223659345,15:56:19.223,25.4200,100
57379223659345,15:56:19.223,25.4200,100
57379224785205,15:56:19.224,25.4000,28
57435513169125,15:57:15.513,25.4200,100
57437479889582,15:57:17.479,25.4200,100
57443589266911,15:57:23.589,25.3800,100
57443589266911,15:57:23.589,25.3800,100
57462722233529,15:57:42.722,25.3800,100
57462722233529,15:57:42.722,25.3800,42
57462722233529,15:57:42.722,25.3800,100
57462722233529,15:57:42.722,25.3800,25
57480343228139,15:58:00.343,25.4000,20
57480343341508,15:58:00.343,25.4000,80
57490383582641,15:58:10.383,25.3900,8
57490388051731,15:58:10.388,25.3800,76
57504513968937,15:58:24.513,25.4100,73
57507035383252,15:58:27.035,25.4100,27
57507035383252,15:58:27.035,25.4100,73
57513516538644,15:58:33.516,25.4300,100
57515232264294,15:58:35.232,25.4000,1
57515835970970,15:58:35.835,25.4000,99
57515835970970,15:58:35.835,25.3900,1
57518827284055,15:58:38.827,25.4300,100
57518827284055,15:58:38.827,25.4300,100
57522066351464,15:58:42.066,25.4300,100
57526513192153,15:58:46.513,25.4400,100
57532846118239,15:58:52.846,25.4400,100
57532846118239,15:58:52.846,25.4400,100
57535513322898,15:58:55.513,25.4400,20
57540679559419,15:59:00.679,25.4400,145
57542051111265,15:59:02.051,25.4400,100
57542060818877,15:59:02.060,25.4100,7
57542060818877,15:59:02.060,25.4100,16
57544518533157,15:59:04.518,25.4400,100
57545191797346,15:59:05.191,25.4400,100
57545204696986,15:59:05.204,25.4400,200
57545207759282,15:59:05.207,25.4400,35
57545207759282,15:59:05.207,25.4400,65
57545633128717,15:59:05.633,25.4100,100
57545635676310,15:59:05.635,25.4100,100
57545635676310,15:59:05.635,25.4100,100
57545635706283,15:59:05.635,25.4100,5
57546559095312,15:59:06.559,25.4100,100
57546559095312,15:59:06.559,25.4100,100
57546559152788,15:59:06.559,25.4100,100
57547044823613,15:59:07.044,25.4400,100
57547044898918,15:59:07.044,25.4000,1
57548513100892,15:59:08.513,25.4400,100
57548537554255,15:59:08.537,25.4400,100
57549533812569,15:59:09.533,25.4400,35
57549533812569,15:59:09.533,25.4400,65
57550995471429,15:59:10.995,25.4400,36
57550995511536,15:59:10.995,25.4400,99
57551328556633,15:59:11.328,25.4500,36
57551350823917,15:59:11.350,25.4500,200
57551619956568,15:59:11.619,25.4500,100
57551709090191,15:59:11.709,25.4500,64
57551709090191,15:59:11.709,25.4600,136
57555163712230,15:59:15.163,25.4600,200
57557058071855,15:59:17.058,25.4600,100
57558459891297,15:59:18.459,25.4600,200
57558460641366,15:59:18.460,25.4600,100
57560174536748,15:59:20.174,25.4600,200
57560174536748,15:59:20.174,25.4600,200
57562053675752,15:59:22.053,25.4600,100
57565025581956,15:59:25.025,25.4300,8
57565025581956,15:59:25.025,25.4200,38
57565198078212,15:59:25.198,25.4600,200
57565198078212,15:59:25.198,25.4600,64
57565198078212,15:59:25.198,25.4600,100
57566500495598,15:59:26.500,25.4700,29
57566500495598,15:59:26.500,25.4800,271
57566500554589,15:59:26.500,25.4800,100
57566533188930,15:59:26.533,25.4800,29
57566533188930,15:59:26.533,25.4800,6
57569641727584,15:59:29.641,25.4400,100
57569641727584,15:59:29.641,25.4400,100
57569641727584,15:59:29.641,25.4300,100
57569641727584,15:59:29.641,25.4300,105
57569641727584,15:59:29.641,25.4300,62
57569641727584,15:59:29.641,25.4300,300
57569641727584,15:59:29.641,25.4300,100
57569641727584,15:59:29.641,25.4300,100
57569641779587,15:59:29.641,25.4200,100
57569641955656,15:59:29.641,25.4300,1
57569647908856,15:59:29.647,25.4300,49
57569647908856,15:59:29.647,25.4300,40
57569647908856,15:59:29.647,25.4300,40
57569647908856,15:59:29.647,25.4300,40
57569647908856,15:59:29.647,25.4300,40
57569647908856,15:59:29.647,25.4300,40
57569647908856,15:59:29.647,25.4300,50
57569758136891,15:59:29.758,25.4000,100
57575258571090,15:59:35.258,25.4100,73
57575258571090,15:59:35.258,25.4200,100
57575258571090,15:59:35.258,25.4200,27
57575258628853,15:59:35.258,25.4200,31
57576008639615,15:59:36.008,25.3500,100
57576008639615,15:59:36.008,25.3500,27
57576008639615,15:59:36.008,25.3500,73
57576008639615,15:59:36.008,25.3400,100
57576611539851,15:59:36.611,25.3500,76
57580380470947,15:59:40.380,25.4200,27
57580380470947,15:59:40.380,25.4200,90
57580380470947,15:59:40.380,25.4300,100
57580380470947,15:59:40.380,25.4300,83
57580518325144,15:59:40.518,25.3800,100
57580518325144,15:59:40.518,25.3700,100
57580518325144,15:59:40.518,25.3700,100
57580518325144,15:59:40.518,25.3600,100
57580518325144,15:59:40.518,25.3600,100
57580518325144,15:59:40.518,25.3600,105
57580518325144,15:59:40.518,25.3600,100
57580518325144,15:59:40.518,25.3600,400
57580518325144,15:59:40.518,25.3600,100
57580518325144,15:59:40.518,25.3300,100
57580518325144,15:59:40.518,25.3300,100
57580518325144,15:59:40.518,25.3300,100
57580518325144,15:59:40.518,25.3100,19
57580764802950,15:59:40.764,25.3700,100
57580765172009,15:59:40.765,25.3700,40
57581101561701,15:59:41.101,25.3500,29
57581101561701,15:59:41.101,25.3400,100
57581101561701,15:59:41.101,25.3400,100
57581101561701,15:59:41.101,25.3100,402
57581147627849,15:59:41.147,25.3200,100
57581147627849,15:59:41.147,25.3100,64
57583007614222,15:59:43.007,25.3400,100
57587155031620,15:59:47.155,25.4100,100
57587155031620,15:59:47.155,25.4200,100
57587186615665,15:59:47.186,25.4300,200
57588007691140,15:59:48.007,25.3600,100
57588007691140,15:59:48.007,25.3500,100
57589008144674,15:59:49.008,25.3600,100
57590032852022,15:59:50.032,25.4100,100
57590032852022,15:59:50.032,25.4200,43
57590162496084,15:59:50.162,25.4000,50
57591007627821,15:59:51.007,25.3600,100
57592078782090,15:59:52.078,25.4300,200
57593008318057,15:59:53.008,25.3600,100
57594073708112,15:59:54.073,25.4300,17
57594073708112,15:59:54.073,25.4400,100
57594073708112,15:59:54.073,25.4400,100
57594073708112,15:59:54.073,25.4500,187
57595042799293,15:59:55.042,25.3800,100
57596008380165,15:59:56.008,25.3600,100
57596690611888,15:59:56.690,25.4000,90
57597071496925,15:59:57.071,25.4200,81
57597071496925,15:59:57.071,25.4400,100
57597071496925,15:59:57.071,25.4500,419
57597209219588,15:59:57.209,25.4500,59
57598003692865,15:59:58.003,25.4500,135
57598003692865,15:59:58.003,25.4500,65
57598049462501,15:59:58.049,25.4500,5
57599228315974,15:59:59.228,25.4400,100
57599793611524,15:59:59.793,25.4400,204
57600406536491,16:00:00.406,25.4400,16120
