timestamp,time,price,volume
34200818647917,09:30:00.818,35.9800,633
34401425785638,09:33:21.425,35.8300,100
34401426166696,09:33:21.426,35.8300,29
34401426211389,09:33:21.426,35.8100,96
34401426637135,09:33:21.426,35.7400,100
34401426770434,09:33:21.426,35.7300,100
34401428415503,09:33:21.428,35.8100,92
34401428415503,09:33:21.428,35.8100,8
34401428441379,09:33:21.428,35.8100,92
34401428708187,09:33:21.428,35.7300,100
34401432843681,09:33:21.432,35.8000,82
34401830762725,09:33:21.830,35.7200,66
34401830764251,09:33:21.830,35.7200,16
34401830764251,09:33:21.830,35.7100,18
34401830788851,09:33:21.830,35.7100,82
34401830789423,09:33:21.830,35.7100,82
34501557360697,09:35:01.557,35.7450,6
34572743445500,09:36:12.743,35.7000,4
34646463588171,09:37:26.463,35.7500,94
34648331680714,09:37:28.331,35.7300,3
34648335415146,09:37:28.335,35.7300,3
34715566751366,09:38:35.566,35.8100,6
34715566821979,09:38:35.566,35.8100,6
34715566827339,09:38:35.566,35.8100,6
34715566908782,09:38:35.566,35.8100,6
34715566956127,09:38:35.566,35.8100,6
34715567180601,09:38:35.567,35.8200,6
34717208636529,09:38:37.208,35.8600,100
35400048925520,09:50:00.048,35.8500,100
35433989004510,09:50:33.989,35.7300,30
35512286611947,09:51:52.286,35.7100,92
35512286611947,09:51:52.286,35.7100,8
35512286683460,09:51:52.286,35.7100,87
35512286683460,09:51:52.286,35.7100,100
35512286683460,09:51:52.286,35.7100,100
35512287042950,09:51:52.287,35.7000,2
35549361221940,09:52:29.361,35.6700,100
35549452733499,09:52:29.452,35.6600,100
35645777541058,09:54:05.777,35.6300,100
35645777859777,09:54:05.777,35.6400,100
35645779466415,09:54:05.779,35.6500,100
35764303207859,09:56:04.303,35.6000,100
35764304290631,09:56:04.304,35.5900,99
35764304772046,09:56:04.304,35.5900,1
35764312619892,09:56:04.312,35.5800,98
35764312621746,09:56:04.312,35.5800,1
35776692773550,09:56:16.692,35.5300,104
35786372851406,09:56:26.372,35.5300,3
35848542181676,09:57:28.542,35.6000,12
35848542205669,09:57:28.542,35.6000,24
35848542438174,09:57:28.542,35.6200,12
36045602774482,10:00:45.602,35.6300,100
36166733946321,10:02:46.733,35.5700,100
36166734474697,10:02:46.734,35.5700,61
36266376194871,10:04:26.376,35.5500,3
36266377976516,10:04:26.377,35.6000,41
36266379381787,10:04:26.379,35.5700,3
36305051149966,10:05:05.051,35.6100,100
36376712859351,10:06:16.712,35.6400,100
36708695568486,10:11:48.695,35.7000,1
36708695663893,10:11:48.695,35.7000,4
36708695663893,10:11:48.695,35.7000,75
36708695664882,10:11:48.695,35.7000,25
36708695782250,10:11:48.695,35.7100,100
36708696080559,10:11:48.696,35.7300,9
36708696238523,10:11:48.696,35.7300,2
36708709506057,10:11:48.709,35.7300,89
36708709506057,10:11:48.709,35.7300,11
36708709533469,10:11:48.709,35.7300,89
36708709594107,10:11:48.709,35.7300,100
36708709988669,10:11:48.709,35.7300,100
36807006113234,10:13:27.006,35.7700,42
36934601414452,10:15:34.601,35.7600,100
37039149933550,10:17:19.149,35.7100,98
37039149933550,10:17:19.149,35.7100,6
37039149933550,10:17:19.149,35.7100,80
37039150173944,10:17:19.150,35.7000,96
37039150201212,10:17:19.150,35.7000,4
37039150442013,10:17:19.150,35.6800,100
37039150442013,10:17:19.150,35.6800,29
37039150443749,10:17:19.150,35.6800,31
37039150581652,10:17:19.150,35.6800,36
37039150584092,10:17:19.150,35.6800,4
37039150584092,10:17:19.150,35.6800,60
37039150614561,10:17:19.150,35.6800,40
37039152467332,10:17:19.152,35.7000,105
37039156749828,10:17:19.156,35.7000,97
37270810018933,10:21:10.810,35.6400,50
37378275264595,10:22:58.275,35.6000,100
37498445186188,10:24:58.445,35.5800,3
37498448320889,10:24:58.448,35.5800,3
37522967257027,10:25:22.967,35.5800,6
37522967333133,10:25:22.967,35.5800,12
37522967389049,10:25:22.967,35.5800,13
37524493052035,10:25:24.493,35.5800,61
37524493052035,10:25:24.493,35.5800,39
37524493164545,10:25:24.493,35.5800,24
37524493961844,10:25:24.493,35.5800,25
37524494067490,10:25:24.494,35.5800,12
37661430555378,10:27:41.430,35.6000,100
37661430555378,10:27:41.430,35.6000,67
37661430555378,10:27:41.430,35.6000,43
37661430555378,10:27:41.430,35.6000,100
37661430555378,10:27:41.430,35.6000,100
37661432556871,10:27:41.432,35.6000,50
37662963348768,10:27:42.963,35.6200,100
37785633455303,10:29:45.633,35.5900,100
37785640499222,10:29:45.640,35.5800,50
37785640524819,10:29:45.640,35.5800,46
37785640524819,10:29:45.640,35.5800,100
37785640544331,10:29:45.640,35.5500,12
37785640630009,10:29:45.640,35.5500,25
37785640652054,10:29:45.640,35.5500,13
37919141834840,10:31:59.141,35.5500,50
37953183430212,10:32:33.183,35.5400,100
37994576264336,10:33:14.576,35.6100,100
37994576264336,10:33:14.576,35.6100,100
38245227913468,10:37:25.227,35.5800,94
38245227913468,10:37:25.227,35.5800,29
38245227918000,10:37:25.227,35.5800,62
38245227926309,10:37:25.227,35.5800,9
38245227926309,10:37:25.227,35.5800,16
38245228005904,10:37:25.228,35.5800,84
38245228005904,10:37:25.228,35.5800,89
38245228895715,10:37:25.228,35.5500,25
38245230860229,10:37:25.230,35.5700,99
38245241880038,10:37:25.241,35.5800,27
38248077761388,10:37:28.077,35.5800,56
38248077761388,10:37:28.077,35.5600,44
38288089375995,10:38:08.089,35.5500,100
38328986095010,10:38:48.986,35.5900,1
38328986095010,10:38:48.986,35.5900,200
38328986095010,10:38:48.986,35.5900,8
38328986100503,10:38:48.986,35.5900,92
38492000317721,10:41:32.000,35.5800,100
38492000376922,10:41:32.000,35.5800,100
38505793720253,10:41:45.793,35.5800,3
38505793720253,10:41:45.793,35.5800,89
38505793747430,10:41:45.793,35.5700,100
38505793759290,10:41:45.793,35.5600,75
38505798140748,10:41:45.798,35.5700,80
38657809534382,10:44:17.809,35.6100,100
38856156512513,10:47:36.156,35.5700,28
39036264650194,10:50:36.264,35.6100,118
39223096845988,10:53:43.096,35.5900,100
39269361203063,10:54:29.361,35.6200,100
39277035834531,10:54:37.035,35.6400,100
39325961595892,10:55:25.961,35.6500,100
39334437868020,10:55:34.437,35.6600,36
39334437892336,10:55:34.437,35.6600,64
39334438098391,10:55:34.438,35.6700,59
39334438101710,10:55:34.438,35.6700,41
39334450616088,10:55:34.450,35.6800,100
39334450794859,10:55:34.450,35.6800,100
39334507263011,10:55:34.507,35.6800,10
39607831505510,11:00:07.831,35.6700,100
39631227805408,11:00:31.227,35.6700,100
39631227832757,11:00:31.227,35.6600,100
39631228151353,11:00:31.228,35.6600,100
39660805662956,11:01:00.805,35.7000,5
39660805662956,11:01:00.805,35.7100,95
39660805688335,11:01:00.805,35.7100,5
39663467081936,11:01:03.467,35.7100,100
39663467081936,11:01:03.467,35.7200,100
39663469373527,11:01:03.469,35.7200,100
39663481384049,11:01:03.481,35.7400,38
39663503303303,11:01:03.503,35.7400,62
39665917560336,11:01:05.917,35.7300,100
39665917560336,11:01:05.917,35.7300,30
39665917560336,11:01:05.917,35.7300,100
39665925616714,11:01:05.925,35.7200,100
39951777782759,11:05:51.777,35.7300,7
39954445339001,11:05:54.445,35.7200,100
40092427584448,11:08:12.427,35.7000,100
40101519709837,11:08:21.519,35.6900,100
40102876506431,11:08:22.876,35.6900,76
40102876506431,11:08:22.876,35.6900,24
40104361751675,11:08:24.361,35.6900,76
40104361751675,11:08:24.361,35.6900,24
40106154019791,11:08:26.154,35.6900,72
40106154019791,11:08:26.154,35.6800,28
40109065880951,11:08:29.065,35.7000,100
40158345603359,11:09:18.345,35.6900,33
40261724675151,11:11:01.724,35.6700,100
40337920948435,11:12:17.920,35.6800,1
40337928715810,11:12:17.928,35.7000,37
40375698848193,11:12:55.698,35.7100,100
40411308054100,11:13:31.308,35.7100,20
40500391804171,11:15:00.391,35.7300,98
40500391845021,11:15:00.391,35.7300,2
40531425871884,11:15:31.425,35.7100,62
40531425871884,11:15:31.425,35.7100,38
40531425902909,11:15:31.425,35.7100,62
40531425902909,11:15:31.425,35.7100,94
40531425902909,11:15:31.425,35.7100,87
40531428714363,11:15:31.428,35.7000,100
40531428753957,11:15:31.428,35.7100,44
40725109425464,11:18:45.109,35.7200,40
40761095695038,11:19:21.095,35.7200,100
40767673606458,11:19:27.673,35.7100,7
40767673606458,11:19:27.673,35.7000,93
40769795629250,11:19:29.795,35.7000,7
40769795629250,11:19:29.795,35.6900,97
40828100694152,11:20:28.100,35.7100,10
40930221499514,11:22:10.221,35.7100,100
40986467978449,11:23:06.467,35.6900,100
40995339393303,11:23:15.339,35.7000,100
40995339411275,11:23:15.339,35.7000,100
40995370823244,11:23:15.370,35.7100,100
41121473926944,11:25:21.473,35.7100,91
41159534135373,11:25:59.534,35.7000,100
41279577071183,11:27:59.577,35.7200,10
41279577096168,11:27:59.577,35.7200,90
41283462298439,11:28:03.462,35.7300,100
41283462298439,11:28:03.462,35.7300,100
41283462298439,11:28:03.462,35.7300,100
41283462352684,11:28:03.462,35.7300,100
41476272639986,11:31:16.272,35.7300,100
41845924415044,11:37:25.924,35.7500,58
41845924415044,11:37:25.924,35.7400,42
41866276864692,11:37:46.276,35.7400,58
41866276864692,11:37:46.276,35.7300,42
41866276970011,11:37:46.276,35.7300,58
41866276970011,11:37:46.276,35.7300,42
41866277000940,11:37:46.277,35.7300,58
41866277002638,11:37:46.277,35.7300,100
41899785294710,11:38:19.785,35.7200,100
41949579871912,11:39:09.579,35.7100,3
41949582725280,11:39:09.582,35.7100,3
41949582750570,11:39:09.582,35.7100,74
41949582750570,11:39:09.582,35.7100,91
41949582750570,11:39:09.582,35.7100,89
41949584820381,11:39:09.584,35.7100,86
42001214181080,11:40:01.214,35.7200,1
42001214181080,11:40:01.214,35.7200,99
42038080815333,11:40:38.080,35.7000,100
42038080930332,11:40:38.080,35.7000,100
42110704939770,11:41:50.704,35.6900,100
42110704992110,11:41:50.704,35.6900,83
42130735277731,11:42:10.735,35.7000,100
42272404641251,11:44:32.404,35.7100,100
42272405734700,11:44:32.405,35.7100,100
42272416645593,11:44:32.416,35.7000,100
42274584116094,11:44:34.584,35.7000,33
42600968471299,11:50:00.968,35.7700,5
42612958337627,11:50:12.958,35.7500,100
42612958356845,11:50:12.958,35.7400,100
42615868894616,11:50:15.868,35.7200,5
42694051593022,11:51:34.051,35.7200,100
42694051620204,11:51:34.051,35.7200,58
42694051620204,11:51:34.051,35.7200,100
42694052478141,11:51:34.052,35.7100,100
43356989227076,12:02:36.989,35.7400,5
43884524253862,12:11:24.524,35.7400,28
43928196951022,12:12:08.196,35.7600,100
44038811029465,12:13:58.811,35.7500,100
44038811029465,12:13:58.811,35.7500,1
44038815928403,12:13:58.815,35.7400,100
44264598888095,12:17:44.598,35.7400,3
44296699507561,12:18:16.699,35.7300,100
44497297666605,12:21:37.297,35.7200,100
44497297666605,12:21:37.297,35.7200,10
44497297666605,12:21:37.297,35.7200,24
44497297666605,12:21:37.297,35.7200,100
44497297666605,12:21:37.297,35.7200,32
44497298161527,12:21:37.298,35.7100,56
44884003495722,12:28:04.003,35.7500,100
44884003766155,12:28:04.003,35.7600,72
44884003773758,12:28:04.003,35.7600,28
44940048670607,12:29:00.048,35.7600,5
44940048670607,12:29:00.048,35.7600,5
44972005703048,12:29:32.005,35.7600,5
45226948042273,12:33:46.948,35.7400,93
45226948056230,12:33:46.948,35.7400,7
45311369787781,12:35:11.369,35.7600,1
45311369787781,12:35:11.369,35.7600,99
45574628868252,12:39:34.628,35.7200,46
45574629412171,12:39:34.629,35.7200,28
45708563652451,12:41:48.563,35.7100,80
45708563652451,12:41:48.563,35.7100,20
45708563730453,12:41:48.563,35.7100,63
45708563730453,12:41:48.563,35.7100,17
45708563963254,12:41:48.563,35.7100,47
45708563963254,12:41:48.563,35.7100,20
45708563964133,12:41:48.563,35.7100,80
45711612250542,12:41:51.612,35.7100,90
45711612250542,12:41:51.612,35.7100,100
45711612250542,12:41:51.612,35.7100,10
45711612284069,12:41:51.612,35.7100,70
45732548059927,12:42:12.548,35.7200,100
46266387611564,12:51:06.387,35.7200,32
46324237567475,12:52:04.237,35.7500,4
46324237581855,12:52:04.237,35.7500,51
46324237587125,12:52:04.237,35.7500,45
46324237587125,12:52:04.237,35.7500,30
46477484148075,12:54:37.484,35.7300,100
46477484148075,12:54:37.484,35.7300,60
46477484200525,12:54:37.484,35.7300,34
48000775739661,13:20:00.775,35.8100,197
48020162315078,13:20:20.162,35.8200,70
48020162908804,13:20:20.162,35.8100,82
48020162908804,13:20:20.162,35.8100,100
48020162908804,13:20:20.162,35.8100,200
48020162908804,13:20:20.162,35.8100,118
48020162986936,13:20:20.162,35.8100,17
48181465357129,13:23:01.465,35.7800,100
48181465357129,13:23:01.465,35.7800,100
48181465768113,13:23:01.465,35.7800,100
48181465768113,13:23:01.465,35.7700,90
48181465768113,13:23:01.465,35.7700,63
48312189677733,13:25:12.189,35.7900,84
48312189703558,13:25:12.189,35.7900,16
48312189703558,13:25:12.189,35.7900,100
48312413120693,13:25:12.413,35.7900,100
48312823125840,13:25:12.823,35.8050,100
49313126051722,13:41:53.126,35.8500,16
49313126051722,13:41:53.126,35.8500,1
49313126051722,13:41:53.126,35.8500,39
49313126136619,13:41:53.126,35.8500,61
49394157303443,13:43:14.157,35.8700,6
49455249553053,13:44:15.249,35.8400,90
49518397544226,13:45:18.397,35.8400,200
49564482507904,13:46:04.482,35.8600,100
49611441651975,13:46:51.441,35.8400,4
49862976929587,13:51:02.976,35.8600,63
49862976935517,13:51:02.976,35.8600,37
49862976959351,13:51:02.976,35.8600,37
49976802979345,13:52:56.802,35.8800,16
50154994545800,13:55:54.994,35.8900,25
50154995133154,13:55:54.995,35.8900,75
50154995133154,13:55:54.995,35.8800,87
50154995133154,13:55:54.995,35.8700,38
50154996581170,13:55:54.996,35.8700,62
50154996581170,13:55:54.996,35.8700,100
50155043188145,13:55:55.043,35.8700,100
50155043188145,13:55:55.043,35.8700,25
50155043188145,13:55:55.043,35.8700,20
50155139694372,13:55:55.139,35.8800,30
50158335123471,13:55:58.335,35.8900,100
50160979465693,13:56:00.979,35.9000,7
50243046433724,13:57:23.046,35.9200,2
50347236997991,13:59:07.236,35.9000,100
50347236997991,13:59:07.236,35.9000,100
50347237333737,13:59:07.237,35.9000,100
50350884747869,13:59:10.884,35.8900,100
50350885118736,13:59:10.885,35.9000,100
50350885118736,13:59:10.885,35.9000,30
50350885692169,13:59:10.885,35.9100,85
50350935950431,13:59:10.935,35.8900,30
50402692123407,14:00:02.692,35.9100,100
50402693569212,14:00:02.693,35.8800,57
50402693569212,14:00:02.693,35.8800,85
50402693569212,14:00:02.693,35.8800,100
50402693569212,14:00:02.693,35.8800,90
50402693569212,14:00:02.693,35.8800,100
50423594562544,14:00:23.594,35.9100,3
50471393450376,14:01:11.393,35.8700,100
50471393524678,14:01:11.393,35.8700,100
50471957132300,14:01:11.957,35.8800,100
50517024087352,14:01:57.024,35.8700,100
50536883646290,14:02:16.883,35.8600,100
50537831296258,14:02:17.831,35.8400,80
50537831296258,14:02:17.831,35.8400,20
50537831310156,14:02:17.831,35.8400,79
50601536467727,14:03:21.536,35.8900,100
50609489362133,14:03:29.489,35.9500,1
51007959231329,14:10:07.959,35.9900,100
51025715796962,14:10:25.715,35.9700,100
51025718197357,14:10:25.718,35.9600,92
51025718197357,14:10:25.718,35.9600,8
51025742266496,14:10:25.742,35.9600,91
51025742266496,14:10:25.742,35.9600,9
51025742304376,14:10:25.742,35.9600,32
51026636574310,14:10:26.636,35.9600,40
51075168630707,14:11:15.168,35.9800,98
51083050654379,14:11:23.050,35.9800,100
51226325369450,14:13:46.325,35.9300,31
51275810409140,14:14:35.810,35.9900,100
51276556358412,14:14:36.556,35.9900,100
51423087129202,14:17:03.087,36.0100,49
51423087130556,14:17:03.087,36.0100,51
51423087130556,14:17:03.087,36.0100,49
51423087735498,14:17:03.087,36.0100,51
51571271402657,14:19:31.271,36.0600,4
51571271402657,14:19:31.271,36.0700,96
51571271435109,14:19:31.271,36.0700,4
52009085337177,14:26:49.085,36.0400,100
52009085364005,14:26:49.085,36.0400,100
52075865398611,14:27:55.865,36.0200,80
52075865398611,14:27:55.865,36.0200,20
52075865822545,14:27:55.865,36.0200,78
52075865822545,14:27:55.865,36.0200,80
52075865822545,14:27:55.865,36.0200,100
52075865882865,14:27:55.865,36.0100,100
52274789894643,14:31:14.789,36.0400,100
52274791039904,14:31:14.791,36.0500,100
52280521223963,14:31:20.521,36.0100,5
52358640776537,14:32:38.640,35.9700,48
52393211977004,14:33:13.211,36.0000,1
52579812073185,14:36:19.812,35.9700,106
52579812073185,14:36:19.812,35.9700,98
52725075515461,14:38:45.075,36.0100,100
52768714826291,14:39:28.714,35.9800,100
52768714888103,14:39:28.714,35.9800,100
52768714890446,14:39:28.714,35.9800,100
52768714957246,14:39:28.714,35.9700,100
52948455588208,14:42:28.455,35.9800,100
52974218591957,14:42:54.218,35.9800,100
52978569314285,14:42:58.569,35.9700,100
52996097475323,14:43:16.097,35.9300,100
53032516281015,14:43:52.516,35.9600,100
53182543819978,14:46:22.543,36.0300,7
53189284954583,14:46:29.284,36.0400,36
53297100425279,14:48:17.100,36.0800,33
53297100433115,14:48:17.100,36.0800,40
53297100874539,14:48:17.100,36.0800,25
53297100993324,14:48:17.100,36.0800,25
53297101369266,14:48:17.101,36.0800,75
53297101369266,14:48:17.101,36.0700,25
53297101494165,14:48:17.101,36.0700,75
53297219002161,14:48:17.219,36.0800,82
53297219002161,14:48:17.219,36.0800,18
53297219027480,14:48:17.219,36.0800,82
53298616501905,14:48:18.616,36.0600,100
53490002991331,14:51:30.002,36.0200,89
53495835022926,14:51:35.835,35.9800,21
53504261278880,14:51:44.261,36.0100,100
53511097397555,14:51:51.097,36.0200,100
53511098751813,14:51:51.098,36.0300,100
53524268241804,14:52:04.268,36.0700,100
53723058821287,14:55:23.058,36.1150,100
53783879385418,14:56:23.879,36.1300,100
54045966880562,15:00:45.966,36.1600,100
54120902104270,15:02:00.902,36.1300,100
54120902104270,15:02:00.902,36.1300,35
54120902380278,15:02:00.902,36.1300,65
54120902507215,15:02:00.902,36.1300,100
54123162588106,15:02:03.162,36.1200,115
54123162588106,15:02:03.162,36.1200,81
54123162588106,15:02:03.162,36.1200,100
54123162588106,15:02:03.162,36.1200,98
54123165447722,15:02:03.165,36.1200,100
54186353701958,15:03:06.353,36.1100,21
54244140558129,15:04:04.140,36.1000,100
54244140590359,15:04:04.140,36.1000,100
54244140590359,15:04:04.140,36.1000,15
54260931840372,15:04:20.931,36.0600,23
54301352274156,15:05:01.352,36.0900,47
54301352274156,15:05:01.352,36.0900,53
54301352300691,15:05:01.352,36.0900,47
54303089479988,15:05:03.089,36.1000,100
54545659672933,15:09:05.659,36.0900,53
54548323583337,15:09:08.323,36.0800,97
54548323583337,15:09:08.323,36.0800,92
54560198250822,15:09:20.198,36.0700,100
54560865767671,15:09:20.865,36.0800,31
54560865767671,15:09:20.865,36.0800,100
54609839872595,15:10:09.839,36.0600,1
54638601237596,15:10:38.601,36.0200,100
54657055627988,15:10:57.055,36.0200,5
54657055627988,15:10:57.055,36.0100,35
54687700803722,15:11:27.700,36.0000,22
54871055491840,15:14:31.055,36.0500,15
54871055995515,15:14:31.055,36.0600,7
54896535156231,15:14:56.535,36.0700,100
54903910051351,15:15:03.910,36.0500,100
54924068235658,15:15:24.068,36.0600,100
54924068629071,15:15:24.068,36.0600,10
54927451440963,15:15:27.451,36.0500,100
54932015775405,15:15:32.015,36.0400,100
54992548480830,15:16:32.548,36.0800,26
54992548606931,15:16:32.548,36.0800,54
54998523695663,15:16:38.523,36.0600,100
55044165958822,15:17:24.165,36.0500,63
55044165984384,15:17:24.165,36.0500,37
55044165984384,15:17:24.165,36.0500,100
55114173809145,15:18:34.173,36.0400,100
55114174347881,15:18:34.174,36.0500,100
55212105927710,15:20:12.105,36.0900,100
55300302043015,15:21:40.302,36.0600,100
55313676903426,15:21:53.676,36.0500,15
55313676928178,15:21:53.676,36.0500,85
55342660340404,15:22:22.660,36.0200,26
55342660382549,15:22:22.660,36.0200,64
55342661186830,15:22:22.661,36.0100,100
55442012746894,15:24:02.012,35.9600,100
55583678188732,15:26:23.678,35.9700,100
55751733404959,15:29:11.733,35.9200,15
55751733430308,15:29:11.733,35.9200,65
55751733430308,15:29:11.733,35.9200,92
55818623595809,15:30:18.623,35.8800,94
55822478525745,15:30:22.478,35.8500,15
55833016349461,15:30:33.016,35.8800,1
55833016475868,15:30:33.016,35.8800,1
55833016571428,15:30:33.016,35.8800,1
55833016689886,15:30:33.016,35.8800,1
55833016784843,15:30:33.016,35.8800,1
55833017301841,15:30:33.017,35.8800,1
55848150408699,15:30:48.150,35.8600,16
55870762467940,15:31:10.762,35.8800,15
55870762467940,15:31:10.762,35.8800,85
55870762503608,15:31:10.762,35.8800,15
55870762503608,15:31:10.762,35.8800,1
55870763477102,15:31:10.763,35.8900,24
55870763508245,15:31:10.763,35.8900,76
55870772217664,15:31:10.772,35.8900,64
55872414087493,15:31:12.414,35.8900,12
55872423104963,15:31:12.423,35.8900,24
55885822863396,15:31:25.822,35.9000,100
55892508447319,15:31:32.508,35.8900,16
55931257637311,15:32:11.257,35.9200,92
55942679492229,15:32:22.679,35.9200,98
55947039411002,15:32:27.039,35.9000,1
55947039411002,15:32:27.039,35.9000,15
55947039436512,15:32:27.039,35.9000,47
55947039436512,15:32:27.039,35.9000,100
55947040210310,15:32:27.040,35.8900,84
55947040210310,15:32:27.040,35.8900,16
55954027663504,15:32:34.027,35.8900,17
56036410288131,15:33:56.410,35.8900,100
56036412025762,15:33:56.412,35.8900,100
56036412074122,15:33:56.412,35.8900,100
56036415168516,15:33:56.415,35.8900,100
56050870674650,15:34:10.870,35.8800,1
56050870674650,15:34:10.870,35.8800,35
56050872796643,15:34:10.872,35.8800,67
56092217388816,15:34:52.217,35.8700,100
56092217861117,15:34:52.217,35.8700,65
56092249824849,15:34:52.249,35.8700,1
56092543822227,15:34:52.543,35.8800,95
56133217004603,15:35:33.217,35.8800,31
56134872640707,15:35:34.872,35.9000,100
56134873026584,15:35:34.873,35.9100,100
56143829711065,15:35:43.829,35.8900,100
56173215506986,15:36:13.215,35.8800,100
56173215506986,15:36:13.215,35.8800,19
56173215539873,15:36:13.215,35.8800,62
56174618581335,15:36:14.618,35.8600,100
56373485339377,15:39:33.485,35.8500,42
56373485572080,15:39:33.485,35.8500,58
56373485572080,15:39:33.485,35.8500,42
56373485611361,15:39:33.485,35.8500,58
56383424745391,15:39:43.424,35.8400,100
56383424770060,15:39:43.424,35.8400,43
56383425024357,15:39:43.425,35.8400,50
56383425024357,15:39:43.425,35.8400,50
56383425079980,15:39:43.425,35.8400,50
56383426224417,15:39:43.426,35.8300,100
56401253349731,15:40:01.253,35.8200,16
56447359416445,15:40:47.359,35.8200,15
56451054678664,15:40:51.054,35.8200,79
56451056531155,15:40:51.056,35.8200,6
56451056531155,15:40:51.056,35.8200,100
56475343422690,15:41:15.343,35.7900,25
56498848957157,15:41:38.848,35.7800,100
56556073758937,15:42:36.073,35.7900,143
56576077187954,15:42:56.077,35.8000,11
56576077187954,15:42:56.077,35.8000,100
56576077187954,15:42:56.077,35.8000,100
56581543333601,15:43:01.543,35.8100,100
56581543685860,15:43:01.543,35.8100,100
56583861751346,15:43:03.861,35.7900,17
56596226156125,15:43:16.226,35.8100,96
56621993446042,15:43:41.993,35.7900,17
56624052697392,15:43:44.052,35.8200,39
56624052701972,15:43:44.052,35.8200,34
56624052716135,15:43:44.052,35.8200,27
56624052716135,15:43:44.052,35.8200,8
56624052723101,15:43:44.052,35.8200,9
56624052723101,15:43:44.052,35.8200,18
56666958979949,15:44:26.958,35.8100,81
56703296536723,15:45:03.296,35.8100,27
56703296641862,15:45:03.296,35.8100,29
56703296794800,15:45:03.296,35.8100,44
56703296794800,15:45:03.296,35.8100,10
56703296794800,15:45:03.296,35.8100,10
56703296794800,15:45:03.296,35.8100,100
56717719020055,15:45:17.719,35.8000,33
56736032750614,15:45:36.032,35.8300,32
56761080458966,15:46:01.080,35.8400,86
56761080487995,15:46:01.080,35.8400,14
56773368728770,15:46:13.368,35.8200,200
56773368728770,15:46:13.368,35.8200,2
56773369188980,15:46:13.369,35.8100,107
56775311568814,15:46:15.311,35.7900,15
56855089206922,15:47:35.089,35.7800,84
56855089249529,15:47:35.089,35.7800,16
56855089249529,15:47:35.089,35.7800,1
56855089249529,15:47:35.089,35.7800,83
56855089256410,15:47:35.089,35.7800,17
56917275394901,15:48:37.275,35.7700,15
56948151352287,15:49:08.151,35.7700,19
56977558716001,15:49:37.558,35.7700,16
57001044389453,15:50:01.044,35.7700,100
57007521453271,15:50:07.521,35.7700,100
57007521488176,15:50:07.521,35.7700,22
57007521680719,15:50:07.521,35.7700,78
57007521680719,15:50:07.521,35.7700,1
57007521680719,15:50:07.521,35.7700,60
57007521683663,15:50:07.521,35.7700,34
57007521693176,15:50:07.521,35.7700,12
57007521719310,15:50:07.521,35.7700,20
57007521918801,15:50:07.521,35.7700,74
57030837309160,15:50:30.837,35.7500,87
57030837309160,15:50:30.837,35.7500,13
57030837972574,15:50:30.837,35.7500,87
57058466469053,15:50:58.466,35.7400,19
57058468126036,15:50:58.468,35.7400,81
57058468126036,15:50:58.468,35.7400,40
57068312781509,15:51:08.312,35.7400,100
57095518438934,15:51:35.518,35.7400,9
57101473736789,15:51:41.473,35.7500,10
57101473736789,15:51:41.473,35.7500,100
57101473736789,15:51:41.473,35.7500,100
57101473736789,15:51:41.473,35.7500,200
57101473736789,15:51:41.473,35.7500,100
57101473736789,15:51:41.473,35.7500,100
57101473849887,15:51:41.473,35.7500,100
57113731844533,15:51:53.731,35.7500,6
57113732366277,15:51:53.732,35.7500,94
57113732366277,15:51:53.732,35.7500,1
57150733490033,15:52:30.733,35.7200,38
57152155746144,15:52:32.155,35.7200,15
57159489911275,15:52:39.489,35.7200,17
57159490257122,15:52:39.490,35.7200,17
57183039901618,15:53:03.039,35.7200,13
57183039901618,15:53:03.039,35.7200,100
57183039901618,15:53:03.039,35.7200,100
57190834436384,15:53:10.834,35.7000,18
57228425483594,15:53:48.425,35.7000,18
57247143320999,15:54:07.143,35.7100,6
57250508189477,15:54:10.508,35.7100,90
57296118474580,15:54:56.118,35.7000,3
57300075299456,15:55:00.075,35.7200,20
57300075299456,15:55:00.075,35.7200,14
57300075338741,15:55:00.075,35.7200,86
57300075338741,15:55:00.075,35.7200,15
57300075387646,15:55:00.075,35.7200,20
57300075387646,15:55:00.075,35.7200,14
57300075434166,15:55:00.075,35.7200,9
57307237428586,15:55:07.237,35.7300,5
57307237428586,15:55:07.237,35.7300,5
57307237428586,15:55:07.237,35.7300,90
57307815122738,15:55:07.815,35.7250,100
57309371286470,15:55:09.371,35.7300,10
57309371286470,15:55:09.371,35.7300,90
57309371331888,15:55:09.371,35.7300,3
57309371368268,15:55:09.371,35.7300,7
57348170460938,15:55:48.170,35.7700,9
57416204907604,15:56:56.204,35.8000,19
57416204907604,15:56:56.204,35.8000,63
57417129069109,15:56:57.129,35.7900,100
57438597460831,15:57:18.597,35.7900,28
57438597460831,15:57:18.597,35.7900,72
57441184818514,15:57:21.184,35.7900,100
57441184845859,15:57:21.184,35.7900,228
57441184845859,15:57:21.184,35.7900,100
57441184845859,15:57:21.184,35.7900,122
57441184845859,15:57:21.184,35.7900,312
57441184845859,15:57:21.184,35.7900,7
57441184845859,15:57:21.184,35.7900,45
57441184891791,15:57:21.184,35.7900,46
57441184925078,15:57:21.184,35.7900,2
57441184925078,15:57:21.184,35.7900,100
57441184925078,15:57:21.184,35.7900,49
57441184925078,15:57:21.184,35.7900,49
57441184966694,15:57:21.184,35.7900,11
57441185083690,15:57:21.185,35.7900,1
57443515210040,15:57:23.515,35.7800,100
57443597779299,15:57:23.597,35.7800,22
57443597779299,15:57:23.597,35.7800,78
57446077200698,15:57:26.077,35.7800,100
57446318388737,15:57:26.318,35.7800,134
57446318388737,15:57:26.318,35.7800,4
57446897547644,15:57:26.897,35.7800,100
57446958356884,15:57:26.958,35.7800,18
57471007630843,15:57:51.007,35.7700,100
57492347010344,15:58:12.347,35.7700,16
57492347297495,15:58:12.347,35.7700,5
57492347297495,15:58:12.347,35.7700,17
57492347297495,15:58:12.347,35.7700,27
57492347297495,15:58:12.347,35.7700,100
57492367905011,15:58:12.367,35.7800,100
57492367905011,15:58:12.367,35.7800,122
57492367987507,15:58:12.367,35.7800,100
57495063396051,15:58:15.063,35.7900,100
57495063396051,15:58:15.063,35.7900,30
57495063396051,15:58:15.063,35.7900,100
57526667583630,15:58:46.667,35.7900,91
57526667583630,15:58:46.667,35.7900,9
57526667626714,15:58:46.667,35.7900,6
57540142565386,15:59:00.142,35.8100,100
57545482505811,15:59:05.482,35.8200,100
57545482839633,15:59:05.482,35.8300,100
57545503486096,15:59:05.503,35.8200,100
57546699409614,15:59:06.699,35.8300,13
57551102007239,15:59:11.102,35.8300,100
57551123525612,15:59:11.123,35.8300,90
57551690097758,15:59:11.690,35.8300,74
57551919337303,15:59:11.919,35.8200,100
57555406051518,15:59:15.406,35.8300,34
57559487011885,15:59:19.487,35.8400,10
57559492860192,15:59:19.492,35.8400,100
57561012925050,15:59:21.012,35.8300,100
57561014024835,15:59:21.014,35.8300,233
57561014024835,15:59:21.014,35.8300,122
57561014024835,15:59:21.014,35.8300,145
57561017120753,15:59:21.017,35.8300,67
57561017177128,15:59:21.017,35.8300,100
57562083117830,15:59:22.083,35.8300,100
57570365223336,15:59:30.365,35.8400,32
57570602306203,15:59:30.602,35.8400,68
57570602306203,15:59:30.602,35.8400,4
57570602306203,15:59:30.602,35.8400,10
57581021213854,15:59:41.021,35.8500,100
57581024943644,15:59:41.024,35.8500,6
57581024943644,15:59:41.024,35.8500,26
57587178784322,15:59:47.178,35.8300,100
57588931638419,15:59:48.931,35.8300,134
57588931667490,15:59:48.931,35.8300,99
57588931667490,15:59:48.931,35.8300,312
57588931667490,15:59:48.931,35.8300,72
57588931667490,15:59:48.931,35.8300,22
57589006802800,15:59:49.006,35.8200,35
57590448170728,15:59:50.448,35.8200,20
57597729415115,15:59:57.729,35.8200,54
57597968484891,15:59:57.968,35.8200,5
57598039786553,15:59:58.039,35.8200,52
57598843305605,15:59:58.843,35.8300,38
57600321424950,16:00:00.321,35.8500,30346
