timestamp,time,price,volume
34200335449060,09:30:00.335,0.0000,0
34693173937473,09:38:13.173,51.6800,2
34693173937473,09:38:13.173,51.6800,86
34693174058818,09:38:13.174,51.6800,100
34693174230874,09:38:13.174,51.6800,100
34696211006844,09:38:16.211,51.6700,5
34712642911597,09:38:32.642,51.6500,100
35331137070318,09:48:51.137,51.6500,100
35331137082015,09:48:51.137,51.6500,100
35331137555873,09:48:51.137,51.6400,100
35331137668663,09:48:51.137,51.6400,100
35331137699672,09:48:51.137,51.6350,100
35331137906820,09:48:51.137,51.6400,100
35331362288691,09:48:51.362,51.6500,200
35348863407429,09:49:08.863,51.4700,100
35422155750661,09:50:22.155,51.4600,200
35422155750661,09:50:22.155,51.4700,100
35422155750661,09:50:22.155,51.4700,100
35422155750661,09:50:22.155,51.4700,100
35422155750661,09:50:22.155,51.4700,300
35422155750661,09:50:22.155,51.4700,100
35422155855630,09:50:22.155,51.4700,100
35534103826175,09:52:14.103,51.4800,100
35683778997946,09:54:43.778,51.4550,200
35701183198439,09:55:01.183,51.4700,5
36034857718123,10:00:34.857,51.4100,64
36034857718123,10:00:34.857,51.4100,100
36034857749742,10:00:34.857,51.4100,200
36034858407367,10:00:34.858,51.4200,100
36034858492906,10:00:34.858,51.4200,8
36034858516214,10:00:34.858,51.4200,92
36034858805036,10:00:34.858,51.4300,5
36035326274375,10:00:35.326,51.4300,36
36210115018017,10:03:30.115,51.3700,17
36271240909807,10:04:31.240,51.3400,5
36296520447508,10:04:56.520,51.3800,5
36296520447508,10:04:56.520,51.3800,300
36296520447508,10:04:56.520,51.3800,200
36296520447508,10:04:56.520,51.3800,1
36421173550127,10:07:01.173,51.4300,100
36421173550127,10:07:01.173,51.4300,100
36557489971228,10:09:17.489,51.4700,100
36647652263846,10:10:47.652,51.5200,100
36669984682179,10:11:09.984,51.5200,4
36699713471949,10:11:39.713,51.5300,5
36879263278245,10:14:39.263,51.5400,5
37099045746318,10:18:19.045,51.5500,1
37099550183321,10:18:19.550,51.5200,100
37108529641216,10:18:28.529,51.5000,100
37161176970631,10:19:21.176,51.5000,100
37161303848299,10:19:21.303,51.4700,100
37163887435926,10:19:23.887,51.4900,100
37163887435926,10:19:23.887,51.4900,6
37227813718910,10:20:27.813,51.5200,100
37227813785977,10:20:27.813,51.5200,4
37227813785977,10:20:27.813,51.5200,96
37227813807586,10:20:27.813,51.5200,4
37227813807586,10:20:27.813,51.5200,5
37361021440961,10:22:41.021,51.6000,5
37739595159282,10:28:59.595,51.6400,100
37739595194868,10:28:59.595,51.6400,100
37739595194868,10:28:59.595,51.6400,5
38037201900283,10:33:57.201,51.6400,1
38089785725443,10:34:49.785,51.6200,5
38305513464966,10:38:25.513,51.6400,100
38305513588591,10:38:25.513,51.6400,100
38329789644470,10:38:49.789,51.6700,100
38356922447599,10:39:16.922,51.6800,5
38434912677648,10:40:34.912,51.6900,100
38434912792650,10:40:34.912,51.6900,100
38434912792650,10:40:34.912,51.6900,5
38434913490205,10:40:34.913,51.7000,100
38434915236515,10:40:34.915,51.6900,21
38434915264274,10:40:34.915,51.6900,79
38557330013225,10:42:37.330,51.7800,5
38665531720434,10:44:25.531,51.7900,8
38665531876616,10:44:25.531,51.8000,100
38833215998220,10:47:13.215,51.7900,2
38833215998220,10:47:13.215,51.7800,3
38971345937476,10:49:31.345,51.7900,2
38971345937476,10:49:31.345,51.7800,3
38971346879033,10:49:31.346,51.7700,100
38971376084635,10:49:31.376,51.7700,34
38971376313910,10:49:31.376,51.7700,66
38971376464050,10:49:31.376,51.7800,31
38971376491032,10:49:31.376,51.7800,69
39021223449707,10:50:21.223,51.7800,5
39099576155566,10:51:39.576,51.7900,5
39100024903770,10:51:40.024,51.7700,12
39100024908076,10:51:40.024,51.7700,63
39100024931825,10:51:40.024,51.7700,25
39100088353777,10:51:40.088,51.7700,2
39100088955954,10:51:40.088,51.7600,10
39100088955954,10:51:40.088,51.7600,90
39100088975645,10:51:40.088,51.7600,10
39100088975645,10:51:40.088,51.7600,100
39100090854452,10:51:40.090,51.7500,9
39100090854452,10:51:40.090,51.7500,100
39171764249845,10:52:51.764,51.7600,100
39189035491199,10:53:09.035,51.7200,6
39214354675484,10:53:34.354,51.6800,5
39317421817384,10:55:17.421,51.7100,100
39317421893947,10:55:17.421,51.7100,100
39317421920354,10:55:17.421,51.7100,100
39317422173119,10:55:17.422,51.7200,63
39317422173622,10:55:17.422,51.7200,25
39317422406548,10:55:17.422,51.7200,2
39317422410058,10:55:17.422,51.7200,10
39317422410058,10:55:17.422,51.7200,52
39317422509899,10:55:17.422,51.7200,38
39317423502261,10:55:17.423,51.7200,10
39317453599792,10:55:17.453,51.7300,58
39317453654020,10:55:17.453,51.7300,13
39317454163633,10:55:17.454,51.7300,429
39317454821279,10:55:17.454,51.7400,100
39317471841934,10:55:17.471,51.7600,100
39367907946558,10:56:07.907,51.7300,100
39635002429604,11:00:35.002,51.6800,100
39635002429604,11:00:35.002,51.6800,100
39635002429604,11:00:35.002,51.6800,100
39635005631084,11:00:35.005,51.6800,5
39663462626134,11:01:03.462,51.7100,9
39663482560584,11:01:03.482,51.7100,2
39663494256775,11:01:03.494,51.7100,12
39663494328531,11:01:03.494,51.7100,58
39663494424561,11:01:03.494,51.7100,8
39663494564518,11:01:03.494,51.7100,50
39663494583322,11:01:03.494,51.7100,60
39663494674617,11:01:03.494,51.7100,3
39663494674617,11:01:03.494,51.7100,52
39663511939153,11:01:03.511,51.7100,48
39733800968641,11:02:13.800,51.7200,100
40032723607071,11:07:12.723,51.7700,1
40169356368174,11:09:29.356,51.7400,5
40169356431731,11:09:29.356,51.7400,5
40347456227342,11:12:27.456,51.7600,100
40347456861917,11:12:27.456,51.7600,37
40353729011467,11:12:33.729,51.7600,4
40461600180976,11:14:21.600,51.7900,5
40673912225003,11:17:53.912,51.7700,50
40680879496355,11:18:00.879,51.7900,77
40682615090549,11:18:02.615,51.7900,23
40682615090549,11:18:02.615,51.7900,2
40695890088200,11:18:15.890,51.7900,98
40695890088200,11:18:15.890,51.7900,2
40695905320168,11:18:15.905,51.7900,21
40812230049846,11:20:12.230,51.7700,1
40812230096287,11:20:12.230,51.7600,5
40812230368754,11:20:12.230,51.7500,93
40812230370327,11:20:12.230,51.7500,7
40812230370327,11:20:12.230,51.7500,93
40812230398757,11:20:12.230,51.7500,7
40812230398757,11:20:12.230,51.7500,100
40812230942841,11:20:12.230,51.7500,9
40930144863330,11:22:10.144,51.7300,2
41096757176098,11:24:56.757,51.7400,5
41096757176098,11:24:56.757,51.7400,100
41096757179338,11:24:56.757,51.7400,5
41283293204782,11:28:03.293,51.7500,100
41284657719596,11:28:04.657,51.7600,100
41284657719596,11:28:04.657,51.7600,45
41284657782491,11:28:04.657,51.7600,55
41287516739637,11:28:07.516,51.7700,6
41698812755074,11:34:58.812,51.7600,100
41698812755074,11:34:58.812,51.7600,5
41698812755074,11:34:58.812,51.7600,5
41698812755074,11:34:58.812,51.7600,90
41698812788616,11:34:58.812,51.7600,10
41698812788616,11:34:58.812,51.7600,2
41790412021697,11:36:30.412,51.7600,100
41790412798035,11:36:30.412,51.7700,59
41790412806124,11:36:30.412,51.7700,41
41890072012894,11:38:10.072,51.7000,100
42214053439874,11:43:34.053,51.7200,100
42214053439874,11:43:34.053,51.7200,3
42214053439874,11:43:34.053,51.7200,10
42214053439874,11:43:34.053,51.7200,10
42214053439874,11:43:34.053,51.7200,5
42214053439874,11:43:34.053,51.7200,5
42214053439874,11:43:34.053,51.7200,5
42214053665148,11:43:34.053,51.7300,2
42349597579785,11:45:49.597,51.7400,3
42351162421102,11:45:51.162,51.7200,73
42351162475395,11:45:51.162,51.7200,27
42394452344688,11:46:34.452,51.7200,100
42590269746804,11:49:50.269,51.6800,5
42590269746804,11:49:50.269,51.6800,5
42590269746804,11:49:50.269,51.6800,90
42590271083919,11:49:50.271,51.6800,10
42590271083919,11:49:50.271,51.6800,1
42638208799981,11:50:38.208,51.6500,2
42679833168700,11:51:19.833,51.6200,100
42718609403243,11:51:58.609,51.6300,100
42718609469884,11:51:58.609,51.6300,100
42718609836010,11:51:58.609,51.6400,100
42778818015013,11:52:58.818,51.6600,100
42778818041537,11:52:58.818,51.6600,5
42922581046324,11:55:22.581,51.7200,55
42922581072265,11:55:22.581,51.7200,45
43032702177565,11:57:12.702,51.7200,5
43032716269404,11:57:12.716,51.7300,100
43032717750417,11:57:12.717,51.7300,100
43032717755367,11:57:12.717,51.7300,82
43032717800139,11:57:12.717,51.7300,10
43032717812579,11:57:12.717,51.7300,8
43356746321190,12:02:36.746,51.7900,100
43356746321190,12:02:36.746,51.8000,100
43356746333142,12:02:36.746,51.8000,7
43356746354507,12:02:36.746,51.8000,93
43524012479853,12:05:24.012,51.8100,30
43524012790777,12:05:24.012,51.8100,30
43524012852272,12:05:24.012,51.8100,30
43524232008888,12:05:24.232,51.8000,6
43524232008888,12:05:24.232,51.8000,5
43524232008888,12:05:24.232,51.8000,5
43524232008888,12:05:24.232,51.8000,14
43559541278951,12:05:59.541,51.8200,100
43559541278951,12:05:59.541,51.8200,100
43660415890791,12:07:40.415,51.8000,3
43660415890791,12:07:40.415,51.8000,6
43660415890791,12:07:40.415,51.8000,86
43739476349777,12:08:59.476,51.8000,14
43739476349777,12:08:59.476,51.8000,4
43765322743844,12:09:25.322,51.7900,100
43916935244135,12:11:56.935,51.7800,6
43916935244135,12:11:56.935,51.7700,94
44034683217446,12:13:54.683,51.8000,5
44034683217446,12:13:54.683,51.8000,5
44034683217446,12:13:54.683,51.8000,100
44034683217446,12:13:54.683,51.8000,100
44034683217446,12:13:54.683,51.8000,100
44034713534503,12:13:54.713,51.8100,100
44034713534503,12:13:54.713,51.8200,45
44034713787647,12:13:54.713,51.8200,100
44034713954431,12:13:54.713,51.8200,100
44034714030687,12:13:54.714,51.8200,100
44034714291295,12:13:54.714,51.8200,55
44034714324018,12:13:54.714,51.8200,45
44034714356031,12:13:54.714,51.8200,10
44034714387470,12:13:54.714,51.8200,35
44041126218622,12:14:01.126,51.8400,5
44041156646698,12:14:01.156,51.8300,4
44049461873027,12:14:09.461,51.8200,100
44049461964931,12:14:09.461,51.8200,2
44070671564047,12:14:30.671,51.7900,100
44087864852647,12:14:47.864,51.7600,100
44281604336568,12:18:01.604,51.7900,2
44281605708304,12:18:01.605,51.7900,2
44321732353578,12:18:41.732,51.7700,46
44321732359869,12:18:41.732,51.7700,46
44321732398093,12:18:41.732,51.7700,8
44499948743306,12:21:39.948,51.7600,3
44499948743306,12:21:39.948,51.7600,100
44499948743306,12:21:39.948,51.7600,100
44508913121807,12:21:48.913,51.7900,100
44508913121807,12:21:48.913,51.8000,100
44508913121807,12:21:48.913,51.8000,10
44508913121807,12:21:48.913,51.8000,90
44508914937462,12:21:48.914,51.8000,2
44754978910195,12:25:54.978,51.7400,100
44781304596593,12:26:21.304,51.7300,100
44781304596593,12:26:21.304,51.7300,8
45003870415025,12:30:03.870,51.7500,5
45003870415025,12:30:03.870,51.7600,95
45003870502025,12:30:03.870,51.7600,5
45003870502025,12:30:03.870,51.7600,100
45003874380250,12:30:03.874,51.7600,100
45003876475086,12:30:03.876,51.7600,9
45131030212673,12:32:11.030,51.7600,7
45159250934845,12:32:39.250,51.7600,5
45265749990796,12:34:25.749,51.7200,5
45318144585761,12:35:18.144,51.7100,7
45329585400724,12:35:29.585,51.7000,100
45396024075241,12:36:36.024,51.6800,10
45396024101686,12:36:36.024,51.6800,90
45396024101686,12:36:36.024,51.6800,8
45396024101686,12:36:36.024,51.6800,9
45396024177444,12:36:36.024,51.6700,7
45557984206840,12:39:17.984,51.6700,100
45557984206840,12:39:17.984,51.6700,5
45557984206840,12:39:17.984,51.6700,100
45557984656144,12:39:17.984,51.6700,100
45557989522778,12:39:17.989,51.6600,10
45557989522778,12:39:17.989,51.6600,80
45557997846483,12:39:17.997,51.6600,100
45557997846483,12:39:17.997,51.6600,90
45558008341685,12:39:18.008,51.6600,90
45558008411893,12:39:18.008,51.6500,100
45569050792142,12:39:29.050,51.6300,100
45569050792142,12:39:29.050,51.6300,10
45569050819716,12:39:29.050,51.6300,1
45631641944367,12:40:31.641,51.6200,100
45715494668308,12:41:55.494,51.6000,11
45715494668308,12:41:55.494,51.6000,11
45715495078102,12:41:55.495,51.6000,89
45715510594289,12:41:55.510,51.5900,100
45715510642825,12:41:55.510,51.5900,10
45715510670872,12:41:55.510,51.5900,90
45715510744782,12:41:55.510,51.5800,100
45715510744782,12:41:55.510,51.5800,8
45715510885312,12:41:55.510,51.5800,100
45715725737616,12:41:55.725,51.5900,100
45750258082304,12:42:30.258,51.6000,5
45754736091865,12:42:34.736,51.6100,100
45754736091865,12:42:34.736,51.6100,100
45754736091865,12:42:34.736,51.6100,100
45777438310868,12:42:57.438,51.6300,5
45777438310868,12:42:57.438,51.6300,13
45886346850088,12:44:46.346,51.6000,29
45886346867294,12:44:46.346,51.6000,52
45886346883392,12:44:46.346,51.6000,19
45886346883392,12:44:46.346,51.6000,100
45886346883392,12:44:46.346,51.6000,10
45901341041687,12:45:01.341,51.6100,100
46091439864620,12:48:11.439,51.6300,4
46092032575155,12:48:12.032,51.6400,200
46092033058003,12:48:12.033,51.6400,100
46473605504417,12:54:33.605,51.6300,100
46473605533871,12:54:33.605,51.6300,10
46473605943253,12:54:33.605,51.6200,5
46473606505613,12:54:33.606,51.6200,5
46479500697556,12:54:39.500,51.6200,100
46486614358113,12:54:46.614,51.6300,95
46489838871585,12:54:49.838,51.6300,100
46568591642601,12:56:08.591,51.6100,100
46568591642601,12:56:08.591,51.6100,100
46739445311128,12:58:59.445,51.6600,200
46739445975136,12:58:59.445,51.6600,30
46812849140287,13:00:12.849,51.6400,10
46812849145799,13:00:12.849,51.6400,5
46812894005915,13:00:12.894,51.6200,100
46936262620242,13:02:16.262,51.6600,2
47005915088879,13:03:25.915,51.6600,5
47315041697382,13:08:35.041,51.6600,69
47315047540557,13:08:35.047,51.6600,5
47315047540557,13:08:35.047,51.6600,95
47344678060893,13:09:04.678,51.6500,100
47344681490621,13:09:04.681,51.6500,100
47344681490621,13:09:04.681,51.6500,100
47392185246222,13:09:52.185,51.6500,10
47392185246222,13:09:52.185,51.6500,90
47392185346518,13:09:52.185,51.6500,10
47392187194867,13:09:52.187,51.6500,200
47412846652355,13:10:12.846,51.6500,98
47491645697157,13:11:31.645,51.6300,96
47491645722299,13:11:31.645,51.6300,4
47491992332428,13:11:31.992,51.6200,7
47491992332428,13:11:31.992,51.6200,5
47491993405225,13:11:31.993,51.6200,95
47704848104299,13:15:04.848,51.6100,9
47704848128309,13:15:04.848,51.6100,91
47704848128309,13:15:04.848,51.6100,11
47705031414109,13:15:05.031,51.6000,1
47705331819691,13:15:05.331,51.5900,5
47710483631464,13:15:10.483,51.5800,2
47764326011122,13:16:04.326,51.5800,61
47915990384563,13:18:35.990,51.5900,7
47915990384563,13:18:35.990,51.5900,12
47916036604946,13:18:36.036,51.5800,7
47916036604946,13:18:36.036,51.5700,5
47916036604946,13:18:36.036,51.5700,15
47916036604946,13:18:36.036,51.5700,73
47997483473905,13:19:57.483,51.5700,2
48143150446831,13:22:23.150,51.5600,13
48143150446831,13:22:23.150,51.5500,22
48170257551109,13:22:50.257,51.5600,100
48170257551109,13:22:50.257,51.5600,5
48170257551109,13:22:50.257,51.5600,95
48170258165586,13:22:50.258,51.5600,5
48170259211875,13:22:50.259,51.5700,80
48170259241483,13:22:50.259,51.5700,20
48177016860137,13:22:57.016,51.5800,13
48177576174372,13:22:57.576,51.5800,87
48177577755339,13:22:57.577,51.5800,100
48178037814720,13:22:58.037,51.5700,100
48178037814720,13:22:58.037,51.5700,78
48241539379793,13:24:01.539,51.5400,2
48241539379793,13:24:01.539,51.5400,98
48272370476284,13:24:32.370,51.5400,98
48272370487327,13:24:32.370,51.5400,2
48612102323652,13:30:12.102,51.5400,100
48612102323652,13:30:12.102,51.5400,13
48612875207553,13:30:12.875,51.5400,100
48620540847888,13:30:20.540,51.5400,100
48671729390759,13:31:11.729,51.5500,31
48678034693595,13:31:18.034,51.5500,22
48678037750358,13:31:18.037,51.5500,30
48678037781763,13:31:18.037,51.5500,48
48678038101542,13:31:18.038,51.5500,200
48678038352384,13:31:18.038,51.5600,30
48678038377868,13:31:18.038,51.5600,70
48678038959773,13:31:18.038,51.5600,30
48678039023235,13:31:18.039,51.5600,30
48678039228363,13:31:18.039,51.5600,10
48678039260034,13:31:18.039,51.5600,20
48678039396782,13:31:18.039,51.5600,6
48678039553139,13:31:18.039,51.5600,4
48678041796072,13:31:18.041,51.5600,4
48678045263733,13:31:18.045,51.5500,100
48854321584625,13:34:14.321,51.5500,1
48882111768791,13:34:42.111,51.5500,99
48882111768791,13:34:42.111,51.5500,100
48882111768791,13:34:42.111,51.5500,12
48931272132572,13:35:31.272,51.5600,20
48931272132572,13:35:31.272,51.5600,10
48932655773062,13:35:32.655,51.5500,100
48995007101606,13:36:35.007,51.5600,5
48995007101606,13:36:35.007,51.5600,5
48999671035469,13:36:39.671,51.5600,100
48999718694313,13:36:39.718,51.5400,74
48999718694313,13:36:39.718,51.5400,13
48999719316432,13:36:39.719,51.5400,100
49029523869586,13:37:09.523,51.5600,27
49053736269894,13:37:33.736,51.5500,100
49168108384819,13:39:28.108,51.5500,5
49169738508561,13:39:29.738,51.5600,92
49195426296989,13:39:55.426,51.5600,29
49211921789863,13:40:11.921,51.5500,100
49211921789863,13:40:11.921,51.5500,100
49211925104578,13:40:11.925,51.5500,1
49211939888150,13:40:11.939,51.5500,99
49381377252541,13:43:01.377,51.5500,6
49473385487212,13:44:33.385,51.5500,100
49473387568698,13:44:33.387,51.5400,100
49501434345214,13:45:01.434,51.5400,100
49507904552849,13:45:07.904,51.5400,1
49509771671940,13:45:09.771,51.5300,100
49509771709589,13:45:09.771,51.5300,100
49511880943115,13:45:11.880,51.5300,100
49511880943115,13:45:11.880,51.5200,10
49511880943115,13:45:11.880,51.5200,90
49511880943115,13:45:11.880,51.5200,100
49511880971947,13:45:11.880,51.5200,100
49511880973231,13:45:11.880,51.5200,100
49511881760823,13:45:11.881,51.5200,100
49512888988698,13:45:12.888,51.5200,200
49538095696258,13:45:38.095,51.5300,96
49538095723913,13:45:38.095,51.5300,4
49538095723913,13:45:38.095,51.5300,2
49538095723913,13:45:38.095,51.5300,10
49542524796802,13:45:42.524,51.5400,100
49582653999003,13:46:22.653,51.5600,100
49582654027926,13:46:22.654,51.5600,5
49654806795443,13:47:34.806,51.5500,100
49685024703476,13:48:05.024,51.5500,5
49686212229288,13:48:06.212,51.5600,100
49729561832589,13:48:49.561,51.5800,30
49729561832589,13:48:49.561,51.5800,5
49737776088929,13:48:57.776,51.5800,5
49737776168800,13:48:57.776,51.5800,10
49737776168800,13:48:57.776,51.5800,100
49802424292895,13:50:02.424,51.5700,1
49839678900917,13:50:39.678,51.5900,100
49839679748959,13:50:39.679,51.6100,100
49839679787872,13:50:39.679,51.6100,100
49839679810099,13:50:39.679,51.6100,100
49839679817012,13:50:39.679,51.6100,200
49839681218536,13:50:39.681,51.6200,76
49839681287386,13:50:39.681,51.6200,11
49839681319773,13:50:39.681,51.6200,13
49911582539067,13:51:51.582,51.6200,6
49911582539067,13:51:51.582,51.6200,94
49911582569265,13:51:51.582,51.6200,6
49911583800474,13:51:51.583,51.6100,100
49911583800474,13:51:51.583,51.6100,100
49911583800474,13:51:51.583,51.6100,100
49957700323792,13:52:37.700,51.6100,100
49964839933133,13:52:44.839,51.6000,100
49979585857809,13:52:59.585,51.6000,50
49979585864880,13:52:59.585,51.6000,50
49980424139364,13:53:00.424,51.6100,100
49989623585115,13:53:09.623,51.6100,100
50341801999764,13:59:01.801,51.6000,5
50369313963303,13:59:29.313,51.6300,5
50369314385093,13:59:29.314,51.6400,24
50369314410919,13:59:29.314,51.6400,76
50370360028956,13:59:30.360,51.6200,10
50370360028956,13:59:30.360,51.6100,90
50401524615921,14:00:01.524,51.6500,6
50402729765367,14:00:02.729,51.6500,3
50402731130654,14:00:02.731,51.6200,100
50402731130654,14:00:02.731,51.6100,10
50402731130654,14:00:02.731,51.6100,100
50402731130654,14:00:02.731,51.6000,100
50402731130654,14:00:02.731,51.6000,100
50402731130654,14:00:02.731,51.5900,100
50406738190940,14:00:06.738,51.6500,86
50408244569476,14:00:08.244,51.6600,15
50408244615547,14:00:08.244,51.6800,13
50408244618370,14:00:08.244,51.6800,85
50408244764949,14:00:08.244,51.6800,2
50408990441013,14:00:08.990,51.6900,100
50410041020743,14:00:10.041,51.7100,100
50413021886404,14:00:13.021,51.7400,100
50413021954500,14:00:13.021,51.7400,100
50413023031051,14:00:13.023,51.7400,15
50413023084333,14:00:13.023,51.7400,85
50423322137702,14:00:23.322,51.8100,5
50423323683837,14:00:23.323,51.8100,195
50423326658876,14:00:23.326,51.8000,61
50423378615244,14:00:23.378,51.8000,39
50431309229787,14:00:31.309,51.7900,100
50431309229787,14:00:31.309,51.7900,100
50537833753237,14:02:17.833,51.7600,100
50537833753237,14:02:17.833,51.7500,6
50537833801448,14:02:17.833,51.7500,10
50537841164842,14:02:17.841,51.7500,90
50537844056701,14:02:17.844,51.7400,10
50537844056701,14:02:17.844,51.7300,2
50598804028907,14:03:18.804,51.7900,100
50598804028907,14:03:18.804,51.7900,5
50598804028907,14:03:18.804,51.7900,79
50598804028907,14:03:18.804,51.7900,2
50674445600987,14:04:34.445,51.8400,100
50674445600987,14:04:34.445,51.8400,100
50690303121126,14:04:50.303,51.8700,27
51030914355290,14:10:30.914,51.8200,11
51030914355290,14:10:30.914,51.8200,5
51031104628025,14:10:31.104,51.8100,100
51031104628025,14:10:31.104,51.8100,100
51032164987042,14:10:32.164,51.8100,100
51034566771957,14:10:34.566,51.8100,100
51034566771957,14:10:34.566,51.8000,7
51083146347889,14:11:23.146,51.8700,5
51083146347889,14:11:23.146,51.8700,5
51083146347889,14:11:23.146,51.8700,5
51083146347889,14:11:23.146,51.8700,5
51083148187714,14:11:23.148,51.8900,53
51083148216935,14:11:23.148,51.8900,47
51083149305321,14:11:23.149,51.9100,53
51083149423400,14:11:23.149,51.9100,13
51083149640768,14:11:23.149,51.9100,13
51083149726646,14:11:23.149,51.9100,8
51083149740378,14:11:23.149,51.9100,13
51089142384847,14:11:29.142,51.8800,8
51300401783111,14:15:00.401,51.9300,7
51300401783111,14:15:00.401,51.9300,3
51300401805997,14:15:00.401,51.9300,5
51340077154654,14:15:40.077,51.9000,100
51340077217683,14:15:40.077,51.8900,64
51340077221483,14:15:40.077,51.8900,36
51341052309510,14:15:41.052,51.8900,100
51354061512209,14:15:54.061,51.8800,8
51354061512209,14:15:54.061,51.8800,10
51382580339654,14:16:22.580,51.8800,5
51520491243321,14:18:40.491,51.9300,100
51520492519418,14:18:40.492,51.9400,100
51520609953344,14:18:40.609,51.9200,100
51530954469378,14:18:50.954,51.9300,100
51530954558930,14:18:50.954,51.9100,100
51530954558930,14:18:50.954,51.9100,100
51530954558930,14:18:50.954,51.9100,100
51530954886058,14:18:50.954,51.9200,16
51530954917638,14:18:50.954,51.9200,15
51548910998703,14:19:08.910,51.9200,18
51548911095502,14:19:08.911,51.9200,82
51548911194646,14:19:08.911,51.9300,2
51765827902749,14:22:45.827,52.0000,5
51906077227233,14:25:06.077,52.0400,28
51906077235991,14:25:06.077,52.0400,72
51906077235991,14:25:06.077,52.0400,6
51906077247871,14:25:06.077,52.0400,43
51906077251901,14:25:06.077,52.0400,45
51906077271394,14:25:06.077,52.0400,6
51906111979472,14:25:06.111,52.0200,13
52000968381529,14:26:40.968,52.0100,100
52000968411400,14:26:40.968,52.0100,12
52111405975827,14:28:31.405,51.9800,5
52111405975827,14:28:31.405,51.9800,5
52111405975827,14:28:31.405,51.9800,90
52204939506677,14:30:04.939,51.9400,11
52204939523369,14:30:04.939,51.9400,5
52204942506841,14:30:04.942,51.9300,61
52205034282434,14:30:05.034,51.9300,39
52282603956983,14:31:22.603,51.9700,5
52282603956983,14:31:22.603,51.9800,5
52282603956983,14:31:22.603,51.9800,5
52310808248465,14:31:50.808,51.9400,100
52382678622812,14:33:02.678,51.9200,9
52429723159378,14:33:49.723,51.9400,16
52445903909012,14:34:05.903,51.9300,200
52496880139961,14:34:56.880,51.9400,84
52496880139961,14:34:56.880,51.9400,84
52496880141055,14:34:56.880,51.9400,16
52508843252494,14:35:08.843,51.9200,18
52564385418817,14:36:04.385,51.9100,100
52564385418817,14:36:04.385,51.9000,100
52564385418817,14:36:04.385,51.8900,17
52576279101747,14:36:16.279,51.8900,3
52645819028893,14:37:25.819,51.9300,28
52645819055021,14:37:25.819,51.9300,72
52728291033722,14:38:48.291,51.9300,5
52728291033722,14:38:48.291,51.9400,100
52728291041356,14:38:48.291,51.9400,5
52762493922995,14:39:22.493,51.9200,100
52762493922995,14:39:22.493,51.9200,100
52763063141314,14:39:23.063,51.9100,8
52763063325772,14:39:23.063,51.9000,33
52779631761176,14:39:39.631,51.9000,100
52779631761176,14:39:39.631,51.9000,100
52779634608451,14:39:39.634,51.9100,100
52779634633173,14:39:39.634,51.9100,31
52995065246382,14:43:15.065,51.9300,5
52995065529839,14:43:15.065,51.9300,5
52995065636830,14:43:15.065,51.9300,5
52995066826472,14:43:15.066,51.9300,4
52995068280985,14:43:15.068,51.9200,5
52995070870526,14:43:15.070,51.9200,5
52995071389004,14:43:15.071,51.9200,4
53017032196658,14:43:37.032,51.9300,5
53090280352401,14:44:50.280,51.9500,48
53090280378206,14:44:50.280,51.9500,52
53090280680139,14:44:50.280,51.9600,5
53090281272137,14:44:50.281,51.9600,200
53090283036811,14:44:50.283,51.9700,500
53090283162533,14:44:50.283,51.9800,100
53090286479682,14:44:50.286,51.9800,100
53189257624331,14:46:29.257,51.9800,100
53189258079788,14:46:29.258,51.9800,5
53189258079788,14:46:29.258,51.9800,5
53212623549317,14:46:52.623,51.9800,5
53212623549317,14:46:52.623,51.9900,2
53212623549317,14:46:52.623,51.9900,3
53212623549317,14:46:52.623,51.9900,95
53212623582271,14:46:52.623,51.9900,5
53212623593784,14:46:52.623,51.9900,5
53212624011107,14:46:52.624,51.9900,6
53212624395373,14:46:52.624,51.9900,2
53214572010497,14:46:54.572,51.9900,92
53228191168909,14:47:08.191,52.0100,5
53228191168909,14:47:08.191,52.0200,5
53228191168909,14:47:08.191,52.0200,5
53239041391795,14:47:19.041,52.0300,100
53239953912644,14:47:19.953,52.0400,5
53239954680296,14:47:19.954,52.0400,100
53239954680296,14:47:19.954,52.0400,100
53245177664944,14:47:25.177,52.0300,100
53245177676369,14:47:25.177,52.0300,59
53245177678782,14:47:25.177,52.0300,41
53245177678782,14:47:25.177,52.0300,19
53294880458327,14:48:14.880,52.0200,100
53294880975410,14:48:14.880,52.0200,100
53298421678376,14:48:18.421,52.0100,100
53298421706588,14:48:18.421,52.0100,59
53325749276441,14:48:45.749,52.0200,100
53325749302735,14:48:45.749,52.0200,100
53325749302735,14:48:45.749,52.0200,2
53325749317203,14:48:45.749,52.0200,3
53419776743890,14:50:19.776,52.0500,51
53419827855347,14:50:19.827,52.0500,49
53420709474324,14:50:20.709,52.0500,100
53449727909689,14:50:49.727,52.0300,12
53479193122103,14:51:19.193,52.0100,100
53522614790485,14:52:02.614,52.0200,100
53522614790485,14:52:02.614,52.0200,10
53542476061898,14:52:22.476,52.0500,100
53542476061898,14:52:22.476,52.0500,34
53542476089662,14:52:22.476,52.0500,66
53542476089662,14:52:22.476,52.0500,100
53553748818543,14:52:33.748,52.0500,100
53553909372180,14:52:33.909,52.0600,5
53555492819981,14:52:35.492,52.0700,10
53555973740234,14:52:35.973,52.0800,4
53555973740234,14:52:35.973,52.0800,6
53559019208151,14:52:39.019,52.0900,5
53559019208151,14:52:39.019,52.1000,5
53566835041854,14:52:46.835,52.0800,100
53621664839723,14:53:41.664,52.1100,10
53786683108132,14:56:26.683,52.1100,1
53786683108132,14:56:26.683,52.1100,21
53786683560646,14:56:26.683,52.1100,9
53786684163159,14:56:26.684,52.1000,100
53786684163159,14:56:26.684,52.1000,100
53794091810405,14:56:34.091,52.1100,100
53802301481760,14:56:42.301,52.1300,10
53827134415833,14:57:07.134,52.1200,5
53906972861115,14:58:26.972,52.1500,10
53906972861115,14:58:26.972,52.1500,85
53987535227983,14:59:47.535,52.1500,15
53987535227983,14:59:47.535,52.1500,100
53987535227983,14:59:47.535,52.1500,100
53987535227983,14:59:47.535,52.1500,100
53987535320153,14:59:47.535,52.1600,10
53987535355020,14:59:47.535,52.1600,90
53987536284002,14:59:47.536,52.1600,200
53990020235140,14:59:50.020,52.1500,100
53990020318872,14:59:50.020,52.1400,100
53990021431580,14:59:50.021,52.1400,100
53990023419920,14:59:50.023,52.1400,7
54040518969924,15:00:40.518,52.1300,100
54040518969924,15:00:40.518,52.1300,11
54040519011845,15:00:40.519,52.1300,111
54040519339103,15:00:40.519,52.1300,78
54040519354653,15:00:40.519,52.1300,11
54040570546142,15:00:40.570,52.1200,100
54040570571966,15:00:40.570,52.1200,100
54076461198473,15:01:16.461,52.1200,8
54083168134442,15:01:23.168,52.1100,100
54104375905564,15:01:44.375,52.1100,100
54104375905564,15:01:44.375,52.1100,100
54104376266751,15:01:44.376,52.1100,100
54104376270198,15:01:44.376,52.1100,100
54104376436393,15:01:44.376,52.1100,90
54116128562904,15:01:56.128,52.0950,100
54116134018096,15:01:56.134,52.0900,6
54116134044446,15:01:56.134,52.0900,94
54116134044446,15:01:56.134,52.0900,100
54116446703152,15:01:56.446,52.0800,47
54116446729728,15:01:56.446,52.0800,53
54118530979969,15:01:58.530,52.0700,4
54148086765657,15:02:28.086,52.0500,16
54257249019800,15:04:17.249,52.0200,1
54257249043446,15:04:17.249,52.0200,18
54353422001712,15:05:53.422,51.9900,5
54353422001712,15:05:53.422,51.9900,1
54363215652442,15:06:03.215,52.0000,11
54363215652442,15:06:03.215,52.0000,23
54364685242809,15:06:04.685,51.9900,100
54364685242809,15:06:04.685,51.9900,14
54377627725751,15:06:17.627,51.9900,100
54377627968821,15:06:17.627,52.0000,100
54377627968821,15:06:17.627,52.0000,5
54377627968821,15:06:17.627,52.0000,5
54377627968821,15:06:17.627,52.0000,5
54377628734655,15:06:17.628,52.0000,100
54454772827172,15:07:34.772,51.9900,100
54458173366431,15:07:38.173,51.9900,100
54480501112388,15:08:00.501,52.0100,100
54486010789059,15:08:06.010,52.0100,100
54486010863814,15:08:06.010,52.0100,100
54491662698653,15:08:11.662,52.0300,70
54491662726432,15:08:11.662,52.0300,30
54491693148047,15:08:11.693,52.0400,10
54544421348738,15:09:04.421,52.0300,5
54548317672746,15:09:08.317,52.0200,100
54556898708014,15:09:16.898,52.0200,9
54556898708014,15:09:16.898,52.0200,100
54577019964612,15:09:37.019,52.0200,100
54578623986313,15:09:38.623,52.0300,100
54578623986313,15:09:38.623,52.0300,100
54578623986313,15:09:38.623,52.0300,100
54578626259050,15:09:38.626,52.0300,100
54578627723920,15:09:38.627,52.0400,100
54578627723920,15:09:38.627,52.0500,100
54604021983400,15:10:04.021,52.0300,100
54604022544719,15:10:04.022,52.0200,100
54641672222129,15:10:41.672,52.0200,20
54641672222129,15:10:41.672,52.0200,20
54641672222129,15:10:41.672,52.0200,100
54667778293272,15:11:07.778,52.0100,100
54691296035278,15:11:31.296,52.0100,100
54691296213828,15:11:31.296,52.0100,100
54806932573616,15:13:26.932,52.0300,14
54806932573616,15:13:26.932,52.0300,86
54806932606439,15:13:26.932,52.0300,14
54806932606439,15:13:26.932,52.0300,2
54806932606439,15:13:26.932,52.0300,10
54806933211331,15:13:26.933,52.0300,51
54806933212118,15:13:26.933,52.0300,49
54808861748857,15:13:28.861,52.0300,51
54808861748857,15:13:28.861,52.0300,100
54867796810688,15:14:27.796,52.0300,72
54880951302688,15:14:40.951,52.0300,28
54880951302688,15:14:40.951,52.0300,11
54947301368086,15:15:47.301,52.0400,100
54947301368086,15:15:47.301,52.0400,100
54947301368086,15:15:47.301,52.0400,100
54954607850773,15:15:54.607,52.0500,31
54954607894589,15:15:54.607,52.0500,69
54954607894589,15:15:54.607,52.0500,1
54957482077580,15:15:57.482,52.0400,100
54991952483455,15:16:31.952,52.0200,5
54991952483455,15:16:31.952,52.0200,95
54991952558350,15:16:31.952,52.0200,5
54991952558350,15:16:31.952,52.0200,95
54991952632549,15:16:31.952,52.0200,5
54991952632549,15:16:31.952,52.0200,95
54991952697597,15:16:31.952,52.0200,5
55051794611328,15:17:31.794,52.0100,100
55060035941072,15:17:40.035,52.0000,100
55129316611977,15:18:49.316,51.9900,22
55175517533785,15:19:35.517,52.0000,17
55175517540378,15:19:35.517,52.0000,73
55175517546780,15:19:35.517,52.0000,10
55175517546780,15:19:35.517,52.0000,73
55175517614118,15:19:35.517,52.0000,27
55237521821156,15:20:37.521,52.0200,100
55237535741941,15:20:37.535,52.0300,1
55237535741941,15:20:37.535,52.0300,100
55237535741941,15:20:37.535,52.0300,2
55237535796941,15:20:37.535,52.0300,98
55237699108770,15:20:37.699,52.0400,3
55247945107622,15:20:47.945,52.0300,100
55247945107622,15:20:47.945,52.0300,50
55247946516406,15:20:47.946,52.0100,18
55247946542947,15:20:47.946,52.0100,82
55260488976897,15:21:00.488,52.0200,100
55305522701839,15:21:45.522,52.0100,16
55305522701839,15:21:45.522,52.0100,100
55332652787489,15:22:12.652,51.9950,100
55370115226699,15:22:50.115,52.0000,10
55370115226699,15:22:50.115,52.0000,100
55378712124058,15:22:58.712,52.0100,6
55389366742359,15:23:09.366,52.0000,100
55421120105412,15:23:41.120,52.0000,5
55430112146938,15:23:50.112,52.0000,100
55430126217025,15:23:50.126,52.0000,5
55460332164501,15:24:20.332,52.0100,100
55460332620857,15:24:20.332,52.0100,10
55463590911226,15:24:23.590,52.0100,3
55463590911226,15:24:23.590,52.0100,97
55463591056304,15:24:23.591,52.0100,3
55473837427289,15:24:33.837,52.0100,100
55644262792992,15:27:24.262,52.0000,5
55676965471683,15:27:56.965,52.0200,146
55676965954442,15:27:56.965,52.0200,54
55676975422916,15:27:56.975,52.0300,10
55677062571985,15:27:57.062,52.0300,5
55677062596342,15:27:57.062,52.0300,95
55677062596342,15:27:57.062,52.0300,100
55677085499054,15:27:57.085,52.0200,100
55677085499054,15:27:57.085,52.0200,100
55677085499054,15:27:57.085,52.0200,70
55677166892150,15:27:57.166,52.0100,100
55677166916689,15:27:57.166,52.0100,100
55677505446721,15:27:57.505,52.0100,100
55716964896120,15:28:36.964,52.0100,87
55716964925699,15:28:36.964,52.0100,13
55716964925699,15:28:36.964,52.0100,100
55716964925699,15:28:36.964,52.0100,100
55730384942247,15:28:50.384,52.0100,5
55744729245823,15:29:04.729,52.0100,6
55757409928139,15:29:17.409,52.0100,85
55757409928139,15:29:17.409,52.0100,15
55757409961116,15:29:17.409,52.0100,85
55757854007753,15:29:17.854,52.0100,52
55766662118171,15:29:26.662,52.0100,100
55804348878311,15:30:04.348,52.0100,100
55804350377844,15:30:04.350,52.0000,100
55804518853456,15:30:04.518,52.0000,100
55806732459297,15:30:06.732,52.0000,100
55806732926437,15:30:06.732,52.0000,28
55806732926437,15:30:06.732,51.9900,100
55809823727785,15:30:09.823,51.9900,6
55810185140127,15:30:10.185,51.9900,18
55872405041682,15:31:12.405,52.0000,26
55872406306777,15:31:12.406,52.0000,5
55872406306777,15:31:12.406,52.0000,195
55872406397716,15:31:12.406,52.0000,5
55872406397716,15:31:12.406,52.0000,21
55872407363410,15:31:12.407,52.0000,26
55872408434903,15:31:12.408,52.0000,26
55872414155949,15:31:12.414,52.0000,27
55878390609448,15:31:18.390,52.0300,100
55878390609448,15:31:18.390,52.0300,10
55878390609448,15:31:18.390,52.0300,10
55878392207280,15:31:18.392,52.0300,13
55878401032802,15:31:18.401,52.0300,87
55879482012141,15:31:19.482,52.0150,400
55909935133503,15:31:49.935,52.0400,100
55909939416226,15:31:49.939,52.0400,100
55909939416226,15:31:49.939,52.0400,100
55910002111762,15:31:50.002,52.0400,100
55910002136903,15:31:50.002,52.0400,100
55910002136903,15:31:50.002,52.0400,100
55910002136903,15:31:50.002,52.0400,100
55910002136903,15:31:50.002,52.0400,100
55910012380792,15:31:50.012,52.0400,100
55916659805731,15:31:56.659,52.0500,22
55916660043300,15:31:56.660,52.0500,22
55916660174874,15:31:56.660,52.0500,22
55916660327483,15:31:56.660,52.0500,22
55916660515343,15:31:56.660,52.0500,22
55916662313967,15:31:56.662,52.0500,90
55919019964585,15:31:59.019,52.0500,100
55927437717589,15:32:07.437,52.0500,100
55931527997021,15:32:11.527,52.0600,10
55931527997021,15:32:11.527,52.0600,100
55931527997021,15:32:11.527,52.0600,42
55934316880313,15:32:14.316,52.0600,52
55934316907922,15:32:14.316,52.0600,48
55934462460660,15:32:14.462,52.0400,100
55934462487131,15:32:14.462,52.0400,100
55934462487131,15:32:14.462,52.0400,100
55934463341975,15:32:14.463,52.0300,100
55934463455192,15:32:14.463,52.0200,100
56024022444264,15:33:44.022,52.0100,1
56024022471748,15:33:44.022,52.0100,99
56024022471748,15:33:44.022,52.0100,100
56024074803948,15:33:44.074,52.0000,95
56024074830524,15:33:44.074,52.0000,5
56050445573072,15:34:10.445,51.9800,88
56050445599106,15:34:10.445,51.9800,12
56060136751819,15:34:20.136,51.9800,5
56100105981142,15:35:00.105,51.9700,100
56100105982751,15:35:00.105,51.9700,34
56101460869615,15:35:01.460,51.9700,100
56139425431027,15:35:39.425,51.9900,2
56139426257860,15:35:39.426,52.0000,2
56165452361542,15:36:05.452,51.9900,100
56165453608035,15:36:05.453,51.9800,100
56167539676695,15:36:07.539,51.9800,100
56211964303869,15:36:51.964,51.9800,66
56211964336635,15:36:51.964,51.9800,33
56223159357488,15:37:03.159,51.9800,1
56223159596534,15:37:03.159,51.9800,99
56223159596534,15:37:03.159,51.9800,100
56239771472701,15:37:19.771,51.9600,100
56253100211053,15:37:33.100,51.9600,23
56253100211053,15:37:33.100,51.9600,67
56253100293409,15:37:33.100,51.9600,33
56410964491011,15:40:10.964,51.9600,16
56421097300558,15:40:21.097,51.9700,100
56421098440803,15:40:21.098,51.9600,100
56421098440803,15:40:21.098,51.9600,100
56427336331672,15:40:27.336,51.9500,100
56427336363924,15:40:27.336,51.9500,5
56433754441282,15:40:33.754,51.9200,100
56560882757795,15:42:40.882,51.9100,16
56570395880723,15:42:50.395,51.9000,85
56580352388610,15:43:00.352,51.9000,115
56580352693092,15:43:00.352,51.9100,2
56580352693092,15:43:00.352,51.9100,104
56580352704168,15:43:00.352,51.9000,100
56581989597766,15:43:01.989,51.9000,50
56582461019554,15:43:02.461,51.9100,100
56633956472074,15:43:53.956,51.9200,100
56633956472074,15:43:53.956,51.9200,100
56633956472074,15:43:53.956,51.9200,100
56633957022553,15:43:53.957,51.9300,2
56633957023960,15:43:53.957,51.9300,49
56633957313733,15:43:53.957,51.9300,28
56633957349598,15:43:53.957,51.9300,21
56641468925376,15:44:01.468,51.9300,100
56670290058244,15:44:30.290,51.9300,23
56670292674960,15:44:30.292,51.9200,58
56670293932008,15:44:30.293,51.9200,42
56698697100646,15:44:58.697,51.9300,100
56698697100646,15:44:58.697,51.9300,100
56702239944744,15:45:02.239,51.9300,5
56702240838050,15:45:02.240,51.9400,100
56702240838050,15:45:02.240,51.9400,47
56702240847859,15:45:02.240,51.9400,53
56745756709378,15:45:45.756,51.9700,19
56745756709378,15:45:45.756,51.9700,1
56745756709378,15:45:45.756,51.9700,100
56745796254020,15:45:45.796,51.9800,19
56745796254020,15:45:45.796,51.9800,1
56751887709495,15:45:51.887,51.9850,100
56751887709495,15:45:51.887,51.9900,100
56755773109450,15:45:55.773,51.9900,15
56755785904229,15:45:55.785,51.9900,42
56755786085227,15:45:55.786,51.9900,43
56755786085227,15:45:55.786,51.9900,122
56756534953446,15:45:56.534,51.9900,82
56756534953446,15:45:56.534,51.9900,12
56760729083425,15:46:00.729,51.9900,33
56857982814898,15:47:37.982,51.9900,3
56857982853407,15:47:37.982,51.9900,10
56857982966710,15:47:37.982,51.9900,32
56857982966710,15:47:37.982,51.9900,38
56965936493778,15:49:25.936,51.9900,100
56965936495115,15:49:25.936,51.9900,39
56965936495115,15:49:25.936,51.9900,1
56965936497911,15:49:25.936,51.9900,2
56965936499868,15:49:25.936,51.9900,50
56965936516881,15:49:25.936,51.9900,47
56965936612843,15:49:25.936,51.9900,300
56972007617449,15:49:32.007,51.9900,38
56975836920752,15:49:35.836,51.9900,100
56981957259476,15:49:41.957,51.9900,38
56991861935952,15:49:51.861,51.9900,100
56997666526598,15:49:57.666,51.9900,44
56999401482529,15:49:59.401,51.9800,32
57000075886053,15:50:00.075,51.9800,200
57000076322661,15:50:00.076,51.9800,151
57000076398577,15:50:00.076,51.9800,97
57000076398577,15:50:00.076,51.9800,1
57019470951125,15:50:19.470,51.9800,24
57019470951125,15:50:19.470,51.9800,41
57114479366606,15:51:54.479,51.9700,100
57114479397659,15:51:54.479,51.9700,10
57154187052015,15:52:34.187,51.9600,100
57154187052015,15:52:34.187,51.9600,132
57155192462256,15:52:35.192,51.9500,100
57155193401970,15:52:35.193,51.9500,5
57169611401366,15:52:49.611,51.9350,100
57190517863655,15:53:10.517,51.9300,1
57190592056889,15:53:10.592,51.9300,2
57190592684349,15:53:10.592,51.9300,98
57230084616111,15:53:50.084,51.9200,50
57240612452517,15:54:00.612,51.9200,100
57244922745654,15:54:04.922,51.9200,6
57262919822208,15:54:22.919,51.9200,44
57262919822208,15:54:22.919,51.9300,92
57262919908593,15:54:22.919,51.9300,8
57270712255577,15:54:30.712,51.9400,59
57270716250167,15:54:30.716,51.9400,41
57270716250167,15:54:30.716,51.9400,59
57270718639715,15:54:30.718,51.9400,41
57281233759317,15:54:41.233,51.9400,30
57281233800783,15:54:41.233,51.9400,13
57281233800783,15:54:41.233,51.9400,8
57281233839394,15:54:41.233,51.9400,30
57281234599137,15:54:41.234,51.9300,74
57292957112335,15:54:52.957,51.9200,100
57292958866541,15:54:52.958,51.9200,100
57304174824272,15:55:04.174,51.9500,100
57306131619640,15:55:06.131,51.9600,100
57311016379596,15:55:11.016,51.9700,100
57311929340280,15:55:11.929,51.9700,3
57318903289767,15:55:18.903,51.9700,6
57335682260256,15:55:35.682,51.9700,5
57339481799302,15:55:39.481,51.9600,5
57344091084283,15:55:44.091,51.9700,70
57344091923339,15:55:44.091,51.9700,25
57344091923339,15:55:44.091,51.9700,100
57375104090071,15:56:15.104,51.9900,3
57375104090071,15:56:15.104,51.9900,7
57375104090071,15:56:15.104,51.9900,90
57375104859224,15:56:15.104,51.9900,10
57375136320788,15:56:15.136,51.9900,100
57375136320788,15:56:15.136,51.9900,100
57375136320788,15:56:15.136,51.9900,100
57380465481840,15:56:20.465,51.9900,100
57380465481840,15:56:20.465,51.9900,100
57380470505370,15:56:20.470,51.9900,1
57380472548548,15:56:20.472,51.9900,100
57388954015415,15:56:28.954,51.9900,1
57388954015415,15:56:28.954,51.9900,50
57388954015415,15:56:28.954,51.9900,14
57400253600494,15:56:40.253,51.9900,100
57401083968640,15:56:41.083,51.9900,100
57420062720837,15:57:00.062,52.0000,3
57420062720837,15:57:00.062,52.0000,7
57443412322851,15:57:23.412,51.9900,6
57443412322851,15:57:23.412,51.9900,5
57443412322851,15:57:23.412,51.9900,10
57445071249480,15:57:25.071,51.9900,100
57449376497122,15:57:29.376,51.9900,100
57467575653646,15:57:47.575,52.0000,100
57467575653646,15:57:47.575,52.0000,100
57467833674338,15:57:47.833,52.0100,18
57467833674338,15:57:47.833,52.0100,2
57467833674338,15:57:47.833,52.0100,100
57467833674338,15:57:47.833,52.0100,21
57468417124922,15:57:48.417,52.0200,9
57468417124922,15:57:48.417,52.0300,28
57475122909879,15:57:55.122,52.0100,15
57485075722179,15:58:05.075,52.0200,45
57485075765013,15:58:05.075,52.0200,55
57485075765013,15:58:05.075,52.0200,1
57485075765013,15:58:05.075,52.0200,1
57485075765013,15:58:05.075,52.0200,93
57485075765013,15:58:05.075,52.0200,24
57485075798850,15:58:05.075,52.0200,75
57485075809689,15:58:05.075,52.0200,8
57489462911825,15:58:09.462,52.0250,5
57526712055722,15:58:46.712,52.0400,100
57526712082109,15:58:46.712,52.0400,5
57526712082109,15:58:46.712,52.0400,69
57526712102705,15:58:46.712,52.0400,31
57529233945233,15:58:49.233,52.0300,1
57529233945233,15:58:49.233,52.0300,23
57529233945233,15:58:49.233,52.0300,1
57529233945233,15:58:49.233,52.0300,75
57529234636872,15:58:49.234,52.0300,10
57554002311842,15:59:14.002,52.0400,2
57558048832113,15:59:18.048,52.0300,35
57558048859149,15:59:18.048,52.0300,65
57558048859149,15:59:18.048,52.0300,100
57563986986097,15:59:23.986,52.0300,197
57563986986097,15:59:23.986,52.0300,3
57563987301290,15:59:23.987,52.0300,97
57576695233712,15:59:36.695,52.0100,9
57594416253608,15:59:54.416,52.0000,1
57598004256359,15:59:58.004,51.9800,100
57600577563646,16:00:00.577,0.0000,0
