timestamp,time,price,volume
34200713042014,09:30:00.713,39.0100,917
34554519362131,09:35:54.519,39.1300,1
34584780562122,09:36:24.780,38.8600,20
34588728730077,09:36:28.728,38.8500,100
35441352702799,09:50:41.352,38.7600,25
35441352702799,09:50:41.352,38.7800,75
35441352731839,09:50:41.352,38.7800,25
35441361304272,09:50:41.361,38.7800,100
35452611464974,09:50:52.611,38.8000,100
35746556161953,09:55:46.556,38.9600,2
35746563530486,09:55:46.563,38.9800,172
35746566745511,09:55:46.566,38.9600,98
35746566745511,09:55:46.566,38.9600,2
35746566780761,09:55:46.566,38.9600,72
35746854469646,09:55:46.854,38.9400,100
35764367302148,09:56:04.367,38.9500,100
37989818527667,10:33:09.818,38.9200,1
39304710589092,10:55:04.710,39.0000,7
39542257911621,10:59:02.257,39.0100,1
39635768153067,11:00:35.768,39.0100,7
39914475521263,11:05:14.475,38.9800,7
39933131644922,11:05:33.131,38.9700,2
39933885953581,11:05:33.885,38.9700,98
40661342573937,11:17:41.342,38.9000,100
40909103430088,11:21:49.103,38.8600,1
40909103457037,11:21:49.103,38.8600,5
40909105231829,11:21:49.105,38.8400,15
40909120088818,11:21:49.120,38.8600,5
40986379740411,11:23:06.379,38.8500,5
41046445799676,11:24:06.445,38.8500,2
41118668382797,11:25:18.668,38.8800,5
41118669357710,11:25:18.669,38.9100,100
41119330720761,11:25:19.330,38.9400,100
41300764237556,11:28:20.764,38.9000,20
41878545383643,11:37:58.545,38.8700,20
41878546729825,11:37:58.546,38.8500,6
42248774602100,11:44:08.774,38.8500,1
42248774602100,11:44:08.774,38.8500,1
42620868890204,11:50:20.868,38.8300,100
42894404151562,11:54:54.404,38.8300,100
42894404861405,11:54:54.404,38.8300,100
43266667401845,12:01:06.667,38.8500,6
43266667401845,12:01:06.667,38.8500,6
43266667405106,12:01:06.667,38.8500,100
43266669956217,12:01:06.669,38.8600,20
43266669964633,12:01:06.669,38.8600,20
43266670340839,12:01:06.670,38.8600,20
43266670566201,12:01:06.670,38.8600,20
43296526038325,12:01:36.526,38.8500,20
43296556365830,12:01:36.556,38.8600,100
43814449119273,12:10:14.449,38.8700,1
43814449119273,12:10:14.449,38.8700,1
43815150190577,12:10:15.150,38.9600,2
44250804764503,12:17:30.804,38.9700,8
44959264694834,12:29:19.264,39.0500,1
45125833351639,12:32:05.833,39.0600,3
46537640713245,12:55:37.640,39.0000,20
46538643891147,12:55:38.643,38.9600,6
46538727705589,12:55:38.727,38.9300,100
47582828798533,13:13:02.828,38.9300,10
47899800595066,13:18:19.800,38.9600,2
48666539663730,13:31:06.539,38.9500,7
48666540046086,13:31:06.540,38.9600,1
48666540046086,13:31:06.540,38.9600,1
48666540046086,13:31:06.540,38.9600,1
48666540046086,13:31:06.540,38.9600,4
48876888800895,13:34:36.888,39.0300,3
49190793841655,13:39:50.793,38.9600,5
49221200207612,13:40:21.200,39.0800,100
49267833078870,13:41:07.833,39.1200,100
49327305986482,13:42:07.305,39.1400,1
49327306737174,13:42:07.306,39.1500,100
49623889989103,13:47:03.889,39.2000,3
49623893174305,13:47:03.893,39.2000,3
49889852923321,13:51:29.852,39.2100,2
50090531821750,13:54:50.531,39.1700,20
50399070693296,13:59:59.070,39.1600,20
50399070693296,13:59:59.070,39.1600,40
50402715676115,14:00:02.715,39.1500,11
50409091238529,14:00:09.091,39.2200,1
50413396754567,14:00:13.396,39.2500,59
50413397058044,14:00:13.397,39.2500,41
50413397058044,14:00:13.397,39.2500,18
50413397397909,14:00:13.397,39.2500,59
50413397457155,14:00:13.397,39.2500,23
50413397457155,14:00:13.397,39.2500,36
50413397511720,14:00:13.397,39.2500,64
50664486880464,14:04:24.486,39.4000,100
51177879747269,14:12:57.879,39.5000,40
51177919084327,14:12:57.919,39.5200,1
51177919084327,14:12:57.919,39.5200,99
51664930691134,14:21:04.930,39.5500,3
51664933208389,14:21:04.933,39.5500,3
53215907668016,14:46:55.907,39.4100,100
53229902828445,14:47:09.902,39.3900,11
53240229862935,14:47:20.229,39.4500,100
53596846890692,14:53:16.846,39.4700,1
53596846890692,14:53:16.846,39.4700,1
53596846890692,14:53:16.846,39.4800,98
54064922481180,15:01:04.922,39.4700,7
54200814299007,15:03:20.814,39.4200,20
54200814299007,15:03:20.814,39.4200,80
54211741107778,15:03:31.741,39.4000,5
54212116523429,15:03:32.116,39.4200,98
54487971804749,15:08:07.971,39.4000,12
54487971804749,15:08:07.971,39.4000,88
54487971830974,15:08:07.971,39.4000,12
54487971830974,15:08:07.971,39.4000,10
54487971830974,15:08:07.971,39.4000,18
54599404883803,15:09:59.404,39.3800,20
54643478566257,15:10:43.478,39.3400,6
54688847280392,15:11:28.847,39.3300,8
54948663803671,15:15:48.663,39.3800,100
54948663828888,15:15:48.663,39.3800,2
54948663828888,15:15:48.663,39.3800,15
54948663828888,15:15:48.663,39.3800,100
55060154450328,15:17:40.154,39.3400,5
55202021379976,15:20:02.021,39.3700,8
55202021929503,15:20:02.021,39.3800,100
55202585802424,15:20:02.585,39.3800,10
55320616384912,15:22:00.616,39.3600,20
55593944984862,15:26:33.944,39.3600,9
55593945052935,15:26:33.945,39.3700,100
55593945052935,15:26:33.945,39.3700,8
55593945107991,15:26:33.945,39.3800,1
55593945107991,15:26:33.945,39.3800,1
55681034824210,15:28:01.034,39.3900,100
56204811654634,15:36:44.811,39.2600,20
56242555868960,15:37:22.555,39.2400,8
56372556047682,15:39:32.556,39.2900,3
56375569882469,15:39:35.569,39.3000,3
56375569932977,15:39:35.569,39.3000,3
56375570160048,15:39:35.570,39.3100,100
56429018945644,15:40:29.018,39.2800,2
56429019044312,15:40:29.019,39.2800,18
56429019044312,15:40:29.019,39.2800,100
56429019044312,15:40:29.019,39.2800,5
56712122031230,15:45:12.122,39.3000,100
56712122031230,15:45:12.122,39.3100,1
56712122031230,15:45:12.122,39.3100,100
56712122031230,15:45:12.122,39.3200,100
56712122031230,15:45:12.122,39.3200,99
56737424625966,15:45:37.424,39.3300,11
56745036688646,15:45:45.036,39.3300,89
56762663767094,15:46:02.663,39.3300,100
56862558709077,15:47:42.558,39.3300,58
57003310041611,15:50:03.310,39.3200,1
57003310068121,15:50:03.310,39.3200,39
57003310068121,15:50:03.310,39.3200,6
57003310068121,15:50:03.310,39.3200,5
57003310600868,15:50:03.310,39.3100,6
57003310600868,15:50:03.310,39.3100,8
57017440529366,15:50:17.440,39.3100,3
57116501490869,15:51:56.501,39.2700,88
57117747040139,15:51:57.747,39.2500,100
57118988053548,15:51:58.988,39.2500,11
57171472448110,15:52:51.472,39.2200,2
57246128927123,15:54:06.128,39.2500,100
57253475329275,15:54:13.475,39.3100,7
57302873517760,15:55:02.873,39.2900,100
57306548721226,15:55:06.548,39.3100,7
57324069772578,15:55:24.069,39.3100,10
57325480060114,15:55:25.480,39.3200,13
57351030301605,15:55:51.030,39.3200,2
57351030498585,15:55:51.030,39.3200,3
57351480169528,15:55:51.480,39.3200,11
57355591851384,15:55:55.591,39.3200,2
57405959694418,15:56:45.959,39.2900,100
57446489949649,15:57:26.489,39.3100,4
57446520165244,15:57:26.520,39.2900,100
57468029767156,15:57:48.029,39.3100,5
57492489589375,15:58:12.489,39.3100,4
57492489589375,15:58:12.489,39.3100,6
57513301527939,15:58:33.301,39.2900,100
57513301630053,15:58:33.301,39.2800,53
57513301644451,15:58:33.301,39.2800,47
57513301644451,15:58:33.301,39.2800,53
57513301721309,15:58:33.301,39.2800,47
57542627628326,15:59:02.627,39.2700,15
57543506516350,15:59:03.506,39.2800,11
57550506694459,15:59:10.506,39.2800,11
57551451755750,15:59:11.451,39.2800,30
57551457757338,15:59:11.457,39.2800,48
57551457757338,15:59:11.457,39.2800,52
57551465809803,15:59:11.465,39.2800,30
57553092507720,15:59:13.092,39.2800,18
57553092507720,15:59:13.092,39.2800,15
57556512824747,15:59:16.512,39.3000,5
57557512518139,15:59:17.512,39.3000,9
57563513065422,15:59:23.513,39.3000,5
57571512418212,15:59:31.512,39.2900,15
57574164249023,15:59:34.164,39.3000,100
57576522104325,15:59:36.522,39.3000,5
57576522549882,15:59:36.522,39.3100,5
57583537957950,15:59:43.537,39.3200,12
57589542527217,15:59:49.542,39.3100,9
57595540249115,15:59:55.540,39.3200,5
57597732914457,15:59:57.732,39.3200,5
57597755850613,15:59:57.755,39.2800,100
57597755850613,15:59:57.755,39.2800,100
57597755850613,15:59:57.755,39.2800,10
57597755850613,15:59:57.755,39.2800,40
57599121120751,15:59:59.121,39.3400,100
57599121120751,15:59:59.121,39.3400,20
57599146710124,15:59:59.146,39.3400,41
57600773165640,16:00:00.773,39.3000,9698
