timestamp,time,price,volume
34200457758796,09:30:00.457,0.0000,0
34438539371351,09:33:58.539,5.4200,12
34462163950437,09:34:22.163,5.3900,100
34462164157309,09:34:22.164,5.3900,100
34462165287826,09:34:22.165,5.3800,100
34463737608422,09:34:23.737,5.3700,1399
34463737637240,09:34:23.737,5.3700,596
34463740265747,09:34:23.740,5.3700,88
34463740294639,09:34:23.740,5.3700,12
34463740294639,09:34:23.740,5.3700,100
34463740326522,09:34:23.740,5.3700,112
34472185199776,09:34:32.185,5.3600,400
34472185199776,09:34:32.185,5.3600,100
34472187087508,09:34:32.187,5.3600,10
34495554361178,09:34:55.554,5.3400,1
34495554364365,09:34:55.554,5.3400,20
34495554398693,09:34:55.554,5.3400,10
34522032236890,09:35:22.032,5.3500,100
34522032236890,09:35:22.032,5.3500,100
34522032236890,09:35:22.032,5.3500,100
34522033379409,09:35:22.033,5.3500,100
34642021548922,09:37:22.021,5.3500,4
34671145660693,09:37:51.145,5.3400,39
34671145660693,09:37:51.145,5.3400,100
34671145660693,09:37:51.145,5.3400,100
34675436259797,09:37:55.436,5.3300,100
34680578588683,09:38:00.578,5.3400,200
34680578588683,09:38:00.578,5.3400,22
34715061378632,09:38:35.061,5.3600,100
34722549475184,09:38:42.549,5.3600,100
34722550239795,09:38:42.550,5.3600,100
34722550239795,09:38:42.550,5.3600,100
34722550239795,09:38:42.550,5.3600,100
34740012890243,09:39:00.012,5.3600,100
34740012890243,09:39:00.012,5.3600,100
34759370641052,09:39:19.370,5.3700,100
34759372613016,09:39:19.372,5.3700,100
34807576088082,09:40:07.576,5.3600,100
34807576088082,09:40:07.576,5.3600,22
34807576088082,09:40:07.576,5.3600,78
34807576121260,09:40:07.576,5.3600,22
34817000956231,09:40:17.000,5.3600,100
34817000956231,09:40:17.000,5.3600,100
34882842264818,09:41:22.842,5.3600,88
34940280047939,09:42:20.280,5.3400,1000
34963039425784,09:42:43.039,5.3400,30
34979843484031,09:42:59.843,5.3500,100
34979843484031,09:42:59.843,5.3500,100
34979843484031,09:42:59.843,5.3500,100
35011454913829,09:43:31.454,5.3500,5
35098534267353,09:44:58.534,5.3100,200
35098534267353,09:44:58.534,5.3100,100
35110238079536,09:45:10.238,5.3200,100
35110238079536,09:45:10.238,5.3200,100
35110238108223,09:45:10.238,5.3200,100
35130072777955,09:45:30.072,5.3200,300
35130072777955,09:45:30.072,5.3200,100
35130072777955,09:45:30.072,5.3200,100
35130072777955,09:45:30.072,5.3200,100
35191181870651,09:46:31.181,5.3100,300
35191181870651,09:46:31.181,5.3100,100
35191181870651,09:46:31.181,5.3100,100
35191244926621,09:46:31.244,5.3000,288
35215131217722,09:46:55.131,5.3000,200
35215131217722,09:46:55.131,5.3000,100
35247602064946,09:47:27.602,5.3000,100
35247602064946,09:47:27.602,5.3000,100
35290982083861,09:48:10.982,5.3000,5
35395223508879,09:49:55.223,5.2800,100
35710941531615,09:55:10.941,5.2800,300
35710941531615,09:55:10.941,5.2800,100
35710941531615,09:55:10.941,5.2800,100
35741038081505,09:55:41.038,5.2800,100
35748247707848,09:55:48.247,5.2700,100
35748247707848,09:55:48.247,5.2700,100
35761385701189,09:56:01.385,5.2700,400
35761385701189,09:56:01.385,5.2700,100
35761396485046,09:56:01.396,5.2700,100
35761396485046,09:56:01.396,5.2700,100
35761396485046,09:56:01.396,5.2700,45
35761396485046,09:56:01.396,5.2700,100
35761396485046,09:56:01.396,5.2700,100
35761396485046,09:56:01.396,5.2800,100
35761396485046,09:56:01.396,5.2800,100
35761396485046,09:56:01.396,5.2800,100
35761396485046,09:56:01.396,5.2800,100
35761396485046,09:56:01.396,5.2800,100
35761396485046,09:56:01.396,5.2800,100
35761396485046,09:56:01.396,5.2800,100
35761396485046,09:56:01.396,5.2800,100
35761396485046,09:56:01.396,5.2800,100
35761396485046,09:56:01.396,5.2800,100
35761396485046,09:56:01.396,5.2800,100
35761397625116,09:56:01.397,5.2800,100
35761399228582,09:56:01.399,5.2800,400
35761399228582,09:56:01.399,5.2800,100
35761399228582,09:56:01.399,5.2800,100
35761399228582,09:56:01.399,5.2800,100
35761399228582,09:56:01.399,5.2800,100
35761399228582,09:56:01.399,5.2800,100
35761702645001,09:56:01.702,5.2800,206
35788622690371,09:56:28.622,5.2800,100
35788622690371,09:56:28.622,5.2800,100
35788623219560,09:56:28.623,5.2800,200
35788623219560,09:56:28.623,5.2800,100
35788624607833,09:56:28.624,5.2800,52
35788624607833,09:56:28.624,5.2800,100
35788624763821,09:56:28.624,5.2800,100
35788624763821,09:56:28.624,5.2800,100
35788624763821,09:56:28.624,5.2800,100
35788624763821,09:56:28.624,5.2800,100
35788624763821,09:56:28.624,5.2800,45
35808161167180,09:56:48.161,5.2900,100
35808161167180,09:56:48.161,5.2900,100
35877286561105,09:57:57.286,5.3000,300
35895566389450,09:58:15.566,5.3100,43
35979230638936,09:59:39.230,5.3100,88
35979230732379,09:59:39.230,5.3100,12
35979230732379,09:59:39.230,5.3100,400
36029938016799,10:00:29.938,5.2850,100
36030438023883,10:00:30.438,5.2850,100
36073314020783,10:01:13.314,5.2850,100
36086448143628,10:01:26.448,5.2900,100
36086448143628,10:01:26.448,5.2900,200
36086448143628,10:01:26.448,5.2900,100
36086450833369,10:01:26.450,5.3000,100
36086451837993,10:01:26.451,5.3000,100
36098977172522,10:01:38.977,5.3100,100
36157025061303,10:02:37.025,5.3100,600
36158256074795,10:02:38.256,5.3000,100
36219561506310,10:03:39.561,5.3000,100
36282205251450,10:04:42.205,5.2950,100
36282213596427,10:04:42.213,5.3000,100
36282213596427,10:04:42.213,5.3000,100
36282213596427,10:04:42.213,5.3000,100
36282213596427,10:04:42.213,5.3000,100
36283213015371,10:04:43.213,5.3050,100
36288247235665,10:04:48.247,5.3100,100
36306856371440,10:05:06.856,5.3150,100
36352062805860,10:05:52.062,5.3000,100
36500251514454,10:08:20.251,5.2950,5
36506253363426,10:08:26.253,5.2900,100
36601494496141,10:10:01.494,5.2900,200
36601494496141,10:10:01.494,5.2900,100
36601495025814,10:10:01.495,5.2900,100
36601495025814,10:10:01.495,5.2900,64
36601495025814,10:10:01.495,5.2900,100
36601495025814,10:10:01.495,5.2900,100
36601495025814,10:10:01.495,5.2900,100
36601495438251,10:10:01.495,5.2900,100
36601495438251,10:10:01.495,5.2900,100
36601495438251,10:10:01.495,5.2900,62
36601496300223,10:10:01.496,5.2900,100
36622246027508,10:10:22.246,5.2800,100
36641244512088,10:10:41.244,5.2700,10
36641244512088,10:10:41.244,5.2700,100
36744444131235,10:12:24.444,5.2700,100
36744444131235,10:12:24.444,5.2700,100
36787103661145,10:13:07.103,5.2700,5
36875458619924,10:14:35.458,5.2600,100
36941962651221,10:15:41.962,5.2600,100
36989133135736,10:16:29.133,5.2600,100
36989134298173,10:16:29.134,5.2650,100
37016112014721,10:16:56.112,5.2800,100
37016112014721,10:16:56.112,5.2800,100
37016112014721,10:16:56.112,5.2800,100
37016112014721,10:16:56.112,5.2800,100
37016113700731,10:16:56.113,5.2800,200
37016113703203,10:16:56.113,5.2800,100
37016113703203,10:16:56.113,5.2800,100
37016113703203,10:16:56.113,5.2800,100
37024475114375,10:17:04.475,5.2800,100
37036300359638,10:17:16.300,5.2900,100
37054894540366,10:17:34.894,5.3000,100
37054894899578,10:17:34.894,5.3000,100
37054894899578,10:17:34.894,5.3000,100
37054894899578,10:17:34.894,5.3000,100
37054894899578,10:17:34.894,5.3000,73
37054894899578,10:17:34.894,5.3000,200
37054894899578,10:17:34.894,5.3000,100
37054894899578,10:17:34.894,5.3000,100
37056613562120,10:17:36.613,5.3000,100
37056613562120,10:17:36.613,5.3000,100
37056613562120,10:17:36.613,5.3000,100
37056613562120,10:17:36.613,5.3000,100
37064533906562,10:17:44.533,5.3000,100
37064533906562,10:17:44.533,5.3000,69
37092798164521,10:18:12.798,5.3000,6
37122640906848,10:18:42.640,5.2900,100
37130167561518,10:18:50.167,5.2900,100
37222492641027,10:20:22.492,5.3000,100
37222492641027,10:20:22.492,5.3000,100
37353641723248,10:22:33.641,5.3100,100
37406831126194,10:23:26.831,5.2900,100
37494251177125,10:24:54.251,5.2950,100
37548378128794,10:25:48.378,5.3000,100
37548378128794,10:25:48.378,5.3000,200
37548378128794,10:25:48.378,5.3000,100
37548378128794,10:25:48.378,5.3000,29
37548378128794,10:25:48.378,5.3000,100
37587147600563,10:26:27.147,5.3100,100
37587147771379,10:26:27.147,5.3100,100
37714698046663,10:28:34.698,5.3200,6
37929536969932,10:32:09.536,5.3150,100
37930036974872,10:32:10.036,5.3150,100
37930536973325,10:32:10.536,5.3150,100
37931036968755,10:32:11.036,5.3150,100
37931536969549,10:32:11.536,5.3150,100
37943467819644,10:32:23.467,5.3200,94
37943467819644,10:32:23.467,5.3200,100
37943467819644,10:32:23.467,5.3200,100
37943467819644,10:32:23.467,5.3200,100
37943467819644,10:32:23.467,5.3200,100
37943467819644,10:32:23.467,5.3200,100
37943467989601,10:32:23.467,5.3200,100
37943468023971,10:32:23.468,5.3200,100
37943978961010,10:32:23.978,5.3300,100
37943978961010,10:32:23.978,5.3300,100
37943978961010,10:32:23.978,5.3300,100
37982147560939,10:33:02.147,5.3400,5
38098083944055,10:34:58.083,5.3400,12
38098083944055,10:34:58.083,5.3400,88
38098253106686,10:34:58.253,5.3400,12
38098253106686,10:34:58.253,5.3400,100
38098253106686,10:34:58.253,5.3400,88
38158309132332,10:35:58.309,5.3400,12
38158309132332,10:35:58.309,5.3400,100
38158309132332,10:35:58.309,5.3400,88
38158309179479,10:35:58.309,5.3400,12
38158309642918,10:35:58.309,5.3400,100
38165258016999,10:36:05.258,5.3400,100
38165258016999,10:36:05.258,5.3400,100
38165258016999,10:36:05.258,5.3400,100
38166098942564,10:36:06.098,5.3400,100
38231461561607,10:37:11.461,5.3400,100
38231461561607,10:37:11.461,5.3400,100
38280363168725,10:38:00.363,5.3400,5
38335091602548,10:38:55.091,5.3400,100
38335091602548,10:38:55.091,5.3400,100
38545129951304,10:42:25.129,5.3400,100
38545129951304,10:42:25.129,5.3400,600
38558628771938,10:42:38.628,5.3350,100
38632536677638,10:43:52.536,5.3300,12
38632536882847,10:43:52.536,5.3300,88
38632536882847,10:43:52.536,5.3300,700
38632536882847,10:43:52.536,5.3300,100
38665522228647,10:44:25.522,5.3300,100
38695352549660,10:44:55.352,5.3400,100
38786807658581,10:46:26.807,5.3400,92
38892308780537,10:48:12.308,5.3200,355
38892308971107,10:48:12.308,5.3200,100
38955170415946,10:49:15.170,5.3200,100
38955170415946,10:49:15.170,5.3200,100
38955170415946,10:49:15.170,5.3200,100
39208058198210,10:53:28.058,5.3300,6
39251271993869,10:54:11.271,5.3300,100
39251271993869,10:54:11.271,5.3300,100
39251272394732,10:54:11.272,5.3300,100
39251272432731,10:54:11.272,5.3300,100
39251272432731,10:54:11.272,5.3300,100
39251389625871,10:54:11.389,5.3400,100
39269700372823,10:54:29.700,5.3400,100
39269700372823,10:54:29.700,5.3400,100
39291559404817,10:54:51.559,5.3400,100
39304861497478,10:55:04.861,5.3550,100
39304861497478,10:55:04.861,5.3500,100
39304861523358,10:55:04.861,5.3500,100
39396560968641,10:56:36.560,5.3400,100
39491543283875,10:58:11.543,5.3500,5
39619803037270,11:00:19.803,5.3450,100
39633916038773,11:00:33.916,5.3450,100
39662954373077,11:01:02.954,5.3500,100
39662954373077,11:01:02.954,5.3500,100
39662954373077,11:01:02.954,5.3500,100
39663463426584,11:01:03.463,5.3600,100
39788735773118,11:03:08.735,5.3700,5
40092226720846,11:08:12.226,5.3700,6
40286312725061,11:11:26.312,5.3650,100
40298621499393,11:11:38.621,5.3600,100
40298622413122,11:11:38.622,5.3600,100
40298622413122,11:11:38.622,5.3600,15
40298622413122,11:11:38.622,5.3600,85
40298622463195,11:11:38.622,5.3600,15
40298622463195,11:11:38.622,5.3600,100
40298622958067,11:11:38.622,5.3600,100
40402813186825,11:13:22.813,5.3600,5
40427346070116,11:13:47.346,5.3600,95
40427346070116,11:13:47.346,5.3600,200
40427346070116,11:13:47.346,5.3600,100
40427346070116,11:13:47.346,5.3600,100
40427346070116,11:13:47.346,5.3600,100
40427346316309,11:13:47.346,5.3600,100
40533390156399,11:15:33.390,5.3600,100
40705913678426,11:18:25.913,5.3600,6
40746000403098,11:19:06.000,5.3600,94
40957038155713,11:22:37.038,5.3600,14
40957038155713,11:22:37.038,5.3600,5
41083625267964,11:24:43.625,5.3500,100
41083625267964,11:24:43.625,5.3500,100
41107980006790,11:25:07.980,5.3400,100
41221529331077,11:27:01.529,5.3400,100
41221529331077,11:27:01.529,5.3400,100
41286520640316,11:28:06.520,5.3350,6
41397583843651,11:29:57.583,5.3300,100
41397583870149,11:29:57.583,5.3300,600
41461042774336,11:31:01.042,5.3200,55
41461043199451,11:31:01.043,5.3200,545
41461043199451,11:31:01.043,5.3200,100
41461230881786,11:31:01.230,5.3100,100
41604061816011,11:33:24.061,5.3150,5
41775844810559,11:36:15.844,5.3100,100
41888599847279,11:38:08.599,5.3100,100
41888599922316,11:38:08.599,5.3100,71
41888599922316,11:38:08.599,5.3100,24
41888850799867,11:38:08.850,5.3100,3
42037948903965,11:40:37.948,5.3000,100
42173661538764,11:42:53.661,5.3100,100
42173661569031,11:42:53.661,5.3100,94
42173661569031,11:42:53.661,5.3100,100
42173661569031,11:42:53.661,5.3100,100
42173661569031,11:42:53.661,5.3100,100
42173661569031,11:42:53.661,5.3100,100
42173661569031,11:42:53.661,5.3100,100
42173661569031,11:42:53.661,5.3100,100
42173661569031,11:42:53.661,5.3100,100
42173661569031,11:42:53.661,5.3100,100
42173662135928,11:42:53.662,5.3200,100
42173672523654,11:42:53.672,5.3200,100
42173672523654,11:42:53.672,5.3200,100
42173672523654,11:42:53.672,5.3200,100
42173672557495,11:42:53.672,5.3200,100
42186081330893,11:43:06.081,5.3300,6
42186081360167,11:43:06.081,5.3300,94
42186081360167,11:43:06.081,5.3300,1
42300848022196,11:45:00.848,5.3350,200
42355200062742,11:45:55.200,5.3400,100
42355200062742,11:45:55.200,5.3400,100
42385824381777,11:46:25.824,5.3400,200
42385824381777,11:46:25.824,5.3400,100
42385824496624,11:46:25.824,5.3400,56
42467606044814,11:47:47.606,5.3350,100
42492900083042,11:48:12.900,5.3400,5
42578155882379,11:49:38.155,5.3400,95
42578155882379,11:49:38.155,5.3400,100
42642660400460,11:50:42.660,5.3400,79
42642660400460,11:50:42.660,5.3400,100
42642660400460,11:50:42.660,5.3400,200
42789018065628,11:53:09.018,5.3350,6
42882850294184,11:54:42.850,5.3400,100
43036484266890,11:57:16.484,5.3500,100
43101452105509,11:58:21.452,5.3450,5
43200734006436,12:00:00.734,5.3450,200
43201234009847,12:00:01.234,5.3450,100
43201234011310,12:00:01.234,5.3450,100
43202698007845,12:00:02.698,5.3450,200
43203198011797,12:00:03.198,5.3450,100
43204701014864,12:00:04.701,5.3450,100
43204701016182,12:00:04.701,5.3450,100
43205201009691,12:00:05.201,5.3450,200
43205701008301,12:00:05.701,5.3450,200
43206201012506,12:00:06.201,5.3450,100
43356344767643,12:02:36.344,5.3500,300
43356344767643,12:02:36.344,5.3500,100
43356344767643,12:02:36.344,5.3500,100
43356344767643,12:02:36.344,5.3500,100
43356344767643,12:02:36.344,5.3500,48
43356344767643,12:02:36.344,5.3500,6
43356344809632,12:02:36.344,5.3500,94
43356344809632,12:02:36.344,5.3500,100
43407483941003,12:03:27.483,5.3700,100
43407483941003,12:03:27.483,5.3700,100
43407483941003,12:03:27.483,5.3700,100
43407483972840,12:03:27.483,5.3700,25
43412560662074,12:03:32.560,5.3650,100
43448830834334,12:04:08.830,5.3600,100
43481339271412,12:04:41.339,5.3600,7
43481339271412,12:04:41.339,5.3600,3
43481339271412,12:04:41.339,5.3600,4
43481339271412,12:04:41.339,5.3600,5
43547736407938,12:05:47.736,5.3550,100
43653238896592,12:07:33.238,5.3500,100
43653238896592,12:07:33.238,5.3500,100
43653238896592,12:07:33.238,5.3500,100
43653238896592,12:07:33.238,5.3500,100
43680199047231,12:08:00.199,5.3400,100
43718844634256,12:08:38.844,5.3450,6
43725228276984,12:08:45.228,5.3400,100
43743095744241,12:09:03.095,5.3400,100
43743095744241,12:09:03.095,5.3400,100
43743095744241,12:09:03.095,5.3400,100
43743095744241,12:09:03.095,5.3400,100
43743641014378,12:09:03.641,5.3450,200
43806425861553,12:10:06.425,5.3500,100
43929749424463,12:12:09.749,5.3500,13
43929749424463,12:12:09.749,5.3500,87
43929752607121,12:12:09.752,5.3550,100
43993625078871,12:13:13.625,5.3600,5
44018463677475,12:13:38.463,5.3600,95
44018463677475,12:13:38.463,5.3600,100
44018463677475,12:13:38.463,5.3600,100
44085289672808,12:14:45.289,5.3600,300
44085289672808,12:14:45.289,5.3600,100
44085289687218,12:14:45.289,5.3600,600
44185231093905,12:16:25.231,5.3600,100
44188197635154,12:16:28.197,5.3600,80
44280167533530,12:18:00.167,5.3600,100
44280167533530,12:18:00.167,5.3600,100
44313429318919,12:18:33.429,5.3700,6
44341316045874,12:19:01.316,5.3500,100
44374857957270,12:19:34.857,5.3600,100
44534447492456,12:22:14.447,5.3700,100
44546057076606,12:22:26.057,5.3800,100
44553982778421,12:22:33.982,5.3800,100
44559264149605,12:22:39.264,5.3800,100
44559264149605,12:22:39.264,5.3800,100
44892243719521,12:28:12.243,5.3800,5
44915899351701,12:28:35.899,5.3700,400
44915899351701,12:28:35.899,5.3700,100
44958246383340,12:29:18.246,5.3600,73
44960828013044,12:29:20.828,5.3550,100
45054646584974,12:30:54.646,5.3600,100
45054646584974,12:30:54.646,5.3600,100
45054646584974,12:30:54.646,5.3600,100
45054646584974,12:30:54.646,5.3600,100
45054646584974,12:30:54.646,5.3600,100
45054646584974,12:30:54.646,5.3600,100
45054646923830,12:30:54.646,5.3600,100
45092239021037,12:31:32.239,5.3700,100
45102858796431,12:31:42.858,5.3700,100
45143636125594,12:32:23.636,5.3700,100
45185406118139,12:33:05.406,5.3700,6
45388459019009,12:36:28.459,5.3600,200
45503964802650,12:38:23.964,5.3600,100
45503964802650,12:38:23.964,5.3600,100
45503964802650,12:38:23.964,5.3600,100
45504008310747,12:38:24.008,5.3700,15
45512575605825,12:38:32.575,5.3700,5
45542150826130,12:39:02.150,5.3600,100
45542150851282,12:39:02.150,5.3600,41
45542150981975,12:39:02.150,5.3600,300
45542304309490,12:39:02.304,5.3550,100
45564836560442,12:39:24.836,5.3600,100
45565927195470,12:39:25.927,5.3600,100
45565927195470,12:39:25.927,5.3600,100
45565927195470,12:39:25.927,5.3600,100
45710046146885,12:41:50.046,5.3600,100
45710046146885,12:41:50.046,5.3600,100
45710046146885,12:41:50.046,5.3600,100
45710046497343,12:41:50.046,5.3600,100
45710046497343,12:41:50.046,5.3600,100
45710046497343,12:41:50.046,5.3600,100
45710046528101,12:41:50.046,5.3600,100
45710050614389,12:41:50.050,5.3600,100
45710051168817,12:41:50.051,5.3600,100
45710051168817,12:41:50.051,5.3600,300
45710051168817,12:41:50.051,5.3600,200
45710051168817,12:41:50.051,5.3600,100
45771739801979,12:42:51.739,5.3600,100
45788877219932,12:43:08.877,5.3650,6
45953965681434,12:45:53.965,5.3600,100
45953965681434,12:45:53.965,5.3600,100
45953965681434,12:45:53.965,5.3600,300
45953965810811,12:45:53.965,5.3600,100
45953965813673,12:45:53.965,5.3600,100
45953965865197,12:45:53.965,5.3600,200
46001563188461,12:46:41.563,5.3700,100
46010643248844,12:46:50.643,5.3700,100
46010643248844,12:46:50.643,5.3700,100
46010643248844,12:46:50.643,5.3700,100
46084747944358,12:48:04.747,5.3800,5
46110525046804,12:48:30.525,5.3750,200
46409859718631,12:53:29.859,5.3750,5
46526173377336,12:55:26.173,5.3700,100
46539222409493,12:55:39.222,5.3700,600
46539222439010,12:55:39.222,5.3700,10
46574148574515,12:56:14.148,5.3700,100
46574148574515,12:56:14.148,5.3700,100
46574148574515,12:56:14.148,5.3700,100
46574148628812,12:56:14.148,5.3700,89
46574148687060,12:56:14.148,5.3700,11
46574148734139,12:56:14.148,5.3700,100
46689640047287,12:58:09.640,5.3800,6
46690109821520,12:58:10.109,5.3800,33
46690110475932,12:58:10.110,5.3800,61
46690270053193,12:58:10.270,5.3800,100
46865255001711,13:01:05.255,5.3800,34
46865255001711,13:01:05.255,5.3800,100
46865255001711,13:01:05.255,5.3800,12
46865255001711,13:01:05.255,5.3800,16
46865255001711,13:01:05.255,5.3800,16
46865255401623,13:01:05.255,5.3800,84
46865255401623,13:01:05.255,5.3800,100
46865255531659,13:01:05.255,5.3800,100
46865412876503,13:01:05.412,5.3700,100
46865413061415,13:01:05.413,5.3700,100
46985922703679,13:03:05.922,5.3750,5
47243661446201,13:07:23.661,5.3800,100
47243661446201,13:07:23.661,5.3800,100
47243661446201,13:07:23.661,5.3800,100
47243661446201,13:07:23.661,5.3800,100
47244163315236,13:07:24.163,5.3900,100
47244163315236,13:07:24.163,5.3900,100
47296075981524,13:08:16.075,5.4000,6
47410247544549,13:10:10.247,5.3900,100
47410247544549,13:10:10.247,5.3900,300
47459300022880,13:10:59.300,5.3850,200
47469602551505,13:11:09.602,5.3900,100
47604223822154,13:13:24.223,5.3850,5
47708217438727,13:15:08.217,5.3700,100
47708217438727,13:15:08.217,5.3700,100
47708217438727,13:15:08.217,5.3700,100
47867430259902,13:17:47.430,5.3700,51
47867430306741,13:17:47.430,5.3700,49
47867430306741,13:17:47.430,5.3700,4
47867430306741,13:17:47.430,5.3700,14
47868530877823,13:17:48.530,5.3700,200
47883494906785,13:18:03.494,5.3750,5
47935157197230,13:18:55.157,5.3700,400
48070618861916,13:21:10.618,5.3600,100
48070618861916,13:21:10.618,5.3600,69
48203313730420,13:23:23.313,5.3700,6
48270765804815,13:24:30.765,5.3700,94
48270765804815,13:24:30.765,5.3700,100
48481317385849,13:28:01.317,5.3800,5
48482175444509,13:28:02.175,5.3800,95
48482175444509,13:28:02.175,5.3800,100
48710176000587,13:31:50.176,5.3800,784
48710176032363,13:31:50.176,5.3800,16
48710176032363,13:31:50.176,5.3800,100
48816388103846,13:33:36.388,5.3750,6
48995404544313,13:36:35.404,5.3700,300
48995404694321,13:36:35.404,5.3700,100
48995405399799,13:36:35.405,5.3700,100
48995405399799,13:36:35.405,5.3700,100
48995406526518,13:36:35.406,5.3700,100
48995406780029,13:36:35.406,5.3700,100
48995406780029,13:36:35.406,5.3700,200
48995406780029,13:36:35.406,5.3700,100
48995406780029,13:36:35.406,5.3700,200
48995406780029,13:36:35.406,5.3700,300
48995406780029,13:36:35.406,5.3700,100
48995406780029,13:36:35.406,5.3700,400
48995406780029,13:36:35.406,5.3700,100
48995406780029,13:36:35.406,5.3700,200
48995406780029,13:36:35.406,5.3700,100
48995406780029,13:36:35.406,5.3700,100
48995406780029,13:36:35.406,5.3700,100
48995408343919,13:36:35.408,5.3700,100
48995928011515,13:36:35.928,5.3750,100
49093971408525,13:38:13.971,5.3800,5
49370411494161,13:42:50.411,5.3800,95
49370411494161,13:42:50.411,5.3800,100
49370411494161,13:42:50.411,5.3800,100
49370411494161,13:42:50.411,5.3800,100
49370411494161,13:42:50.411,5.3800,800
49370411494161,13:42:50.411,5.3800,100
49370413807806,13:42:50.413,5.3900,1
49370413833373,13:42:50.413,5.3900,99
49370413833373,13:42:50.413,5.3900,1
49370413846885,13:42:50.413,5.3900,99
49370419871815,13:42:50.419,5.3900,100
49370420034969,13:42:50.420,5.3900,100
49370439914821,13:42:50.439,5.3900,100
49372160610323,13:42:52.160,5.3900,25
49378247854063,13:42:58.247,5.3900,100
49378403037914,13:42:58.403,5.3900,5
49389997286354,13:43:09.997,5.3800,500
49389997286354,13:43:09.997,5.3800,200
49411015659622,13:43:31.015,5.3800,100
49411015659622,13:43:31.015,5.3800,100
49694784658059,13:48:14.784,5.3600,100
49694785785372,13:48:14.785,5.3600,200
49694786269709,13:48:14.786,5.3600,500
49737380998323,13:48:57.380,5.3600,100
49822889473933,13:50:22.889,5.3700,100
50007039599100,13:53:27.039,5.3650,5
50032696360196,13:53:52.696,5.3600,100
50032696360196,13:53:52.696,5.3600,100
50032696360196,13:53:52.696,5.3600,200
50032697047782,13:53:52.697,5.3600,100
50032697379801,13:53:52.697,5.3600,200
50032697379801,13:53:52.697,5.3600,19
50214799156480,13:56:54.799,5.3500,71
50214800328613,13:56:54.800,5.3500,29
50216036804755,13:56:56.036,5.3500,200
50216036804755,13:56:56.036,5.3500,30
50292755868852,13:58:12.755,5.3600,6
50347876121537,13:59:07.876,5.3500,100
50347876121537,13:59:07.876,5.3500,98
50383674228815,13:59:43.674,5.3500,171
50383674580724,13:59:43.674,5.3500,129
50383674580724,13:59:43.674,5.3500,100
50389878580757,13:59:49.878,5.3600,100
50396756161581,13:59:56.756,5.3650,100
50396756161581,13:59:56.756,5.3600,19
50396756161581,13:59:56.756,5.3600,300
50402702954312,14:00:02.702,5.3600,100
50402830770378,14:00:02.830,5.3600,25
50402830858722,14:00:02.830,5.3600,75
50402830858722,14:00:02.830,5.3600,50
50402830974850,14:00:02.830,5.3600,50
50402830974850,14:00:02.830,5.3600,7
50403164752612,14:00:03.164,5.3600,100
50403201740039,14:00:03.201,5.3600,500
50403201963198,14:00:03.201,5.3600,854
50408998417549,14:00:08.998,5.3700,100
50410101696517,14:00:10.101,5.3800,100
50410101704349,14:00:10.101,5.3800,100
50410101875357,14:00:10.101,5.3800,100
50410102748046,14:00:10.102,5.3800,100
50410102748046,14:00:10.102,5.3800,300
50410102748046,14:00:10.102,5.3800,100
50410102748046,14:00:10.102,5.3800,100
50410102748046,14:00:10.102,5.3800,900
50410905379287,14:00:10.905,5.3800,100
50411067115925,14:00:11.067,5.3800,100
50411067124572,14:00:11.067,5.3800,100
50411067568220,14:00:11.067,5.3800,100
50446554462393,14:00:46.554,5.3600,100
50451077539943,14:00:51.077,5.3700,100
50451109067341,14:00:51.109,5.3700,100
50451109067341,14:00:51.109,5.3700,200
50464387362788,14:01:04.387,5.3700,100
50602075269873,14:03:22.075,5.3700,5
50653279602301,14:04:13.279,5.3700,95
50653279602301,14:04:13.279,5.3700,100
50653279602301,14:04:13.279,5.3700,5
50653279641225,14:04:13.279,5.3700,195
50663799570403,14:04:23.799,5.3700,200
50663860657358,14:04:23.860,5.3700,200
50663860657358,14:04:23.860,5.3700,100
50697023420634,14:04:57.023,5.3800,100
50697023420634,14:04:57.023,5.3800,100
50705319150037,14:05:05.319,5.3800,9
50901994005077,14:08:21.994,5.3900,6
50988119088764,14:09:48.119,5.3800,100
50988119088764,14:09:48.119,5.3800,46
50988119105784,14:09:48.119,5.3800,54
50988119105784,14:09:48.119,5.3800,446
50988119121708,14:09:48.119,5.3800,54
50988119121708,14:09:48.119,5.3800,27
51032271478656,14:10:32.271,5.3700,100
51032271478656,14:10:32.271,5.3700,100
51032271827574,14:10:32.271,5.3700,100
51032271827574,14:10:32.271,5.3700,100
51032271827574,14:10:32.271,5.3700,13
51032271827574,14:10:32.271,5.3700,19
51041223232916,14:10:41.223,5.3700,37
51045500442813,14:10:45.500,5.3700,100
51045500442813,14:10:45.500,5.3700,63
51053423872104,14:10:53.423,5.3800,100
51154581092266,14:12:34.581,5.3900,100
51154581092266,14:12:34.581,5.3900,100
51154581092266,14:12:34.581,5.3900,100
51154581092266,14:12:34.581,5.3900,100
51181708858914,14:13:01.708,5.4000,100
51183667993877,14:13:03.667,5.4000,100
51183667993877,14:13:03.667,5.4000,200
51183668061574,14:13:03.668,5.4000,100
51183668533875,14:13:03.668,5.4000,100
51183668533875,14:13:03.668,5.4000,100
51203667781261,14:13:23.667,5.4000,100
51203668699503,14:13:23.668,5.4000,76
51203668820410,14:13:23.668,5.4000,67
51203668829653,14:13:23.668,5.4000,33
51203673366325,14:13:23.673,5.4000,100
51203673366325,14:13:23.673,5.4000,200
51203698280799,14:13:23.698,5.4000,100
51300175519084,14:15:00.175,5.4050,100
51485783528237,14:18:05.783,5.4050,5
51514468376960,14:18:34.468,5.4000,100
51539640393112,14:18:59.640,5.4000,100
51593811563891,14:19:53.811,5.4000,200
51593811563891,14:19:53.811,5.4000,100
51593812299388,14:19:53.812,5.4000,51
51820783126622,14:23:40.783,5.3950,6
51863506494085,14:24:23.506,5.3900,100
51863506494085,14:24:23.506,5.3900,25
51863506494085,14:24:23.506,5.3900,89
51995259412844,14:26:35.259,5.3800,49
51995714679955,14:26:35.714,5.3800,100
51995714679955,14:26:35.714,5.3800,100
51997062971196,14:26:37.062,5.3850,100
52082635619265,14:28:02.635,5.3800,100
52149644872464,14:29:09.644,5.3900,62
52149644872464,14:29:09.644,5.3900,100
52149644872464,14:29:09.644,5.3900,100
52149644872464,14:29:09.644,5.3900,100
52149644872464,14:29:09.644,5.3900,100
52149644872464,14:29:09.644,5.3900,1000
52149644872464,14:29:09.644,5.3900,100
52149644872464,14:29:09.644,5.3900,100
52149644872464,14:29:09.644,5.3900,100
52285314184882,14:31:25.314,5.3900,100
52408060425476,14:33:28.060,5.3950,6
52412335025318,14:33:32.335,5.3900,100
52412335025318,14:33:32.335,5.3900,25
52412335025318,14:33:32.335,5.3900,100
52412335025318,14:33:32.335,5.3900,72
52496498994566,14:34:56.498,5.3900,160
52496498994566,14:34:56.498,5.3900,100
52496498994566,14:34:56.498,5.3900,100
52496498994566,14:34:56.498,5.3900,100
52496498994566,14:34:56.498,5.3900,100
52515555023938,14:35:15.555,5.3950,100
52516055023336,14:35:16.055,5.3950,100
52559559322139,14:35:59.559,5.3900,100
52579130939858,14:36:19.130,5.3900,100
52579130939858,14:36:19.130,5.3900,100
52579130939858,14:36:19.130,5.3900,100
52579130939858,14:36:19.130,5.3900,100
52588256003872,14:36:28.256,5.3950,100
52701481258852,14:38:21.481,5.4000,100
52701481258852,14:38:21.481,5.4000,300
52701481258852,14:38:21.481,5.4000,100
52701481258852,14:38:21.481,5.4000,100
52701481258852,14:38:21.481,5.4000,100
52709733483319,14:38:29.733,5.4000,200
52709733521071,14:38:29.733,5.4000,200
52711443213445,14:38:31.443,5.4000,5
52729333211488,14:38:49.333,5.4000,100
52733250578357,14:38:53.250,5.4000,100
52735821961187,14:38:55.821,5.4000,100
52763487127606,14:39:23.487,5.4000,100
52763487175475,14:39:23.487,5.4000,27
52763487175475,14:39:23.487,5.4000,9
52763646952866,14:39:23.646,5.3900,100
52763646981022,14:39:23.646,5.3900,200
52763646981022,14:39:23.646,5.3900,200
52803057412772,14:40:03.057,5.3800,100
52823800930831,14:40:23.800,5.3700,100
52823801071673,14:40:23.801,5.3700,100
52865927241685,14:41:05.927,5.3700,70
52869945134980,14:41:09.945,5.3700,30
52869945134980,14:41:09.945,5.3700,100
52869945134980,14:41:09.945,5.3700,14
52869945134980,14:41:09.945,5.3700,100
52869945134980,14:41:09.945,5.3700,156
52869945242325,14:41:09.945,5.3700,44
52869945242325,14:41:09.945,5.3700,100
52980260410342,14:43:00.260,5.3700,100
52980260410342,14:43:00.260,5.3700,100
52983454003528,14:43:03.454,5.3600,100
53080964217866,14:44:40.964,5.3700,100
53089623879714,14:44:49.623,5.3700,100
53089623879714,14:44:49.623,5.3700,100
53089623879714,14:44:49.623,5.3700,9
53089623892659,14:44:49.623,5.3700,91
53089623892659,14:44:49.623,5.3700,100
53180350819088,14:46:20.350,5.3800,100
53180359943864,14:46:20.359,5.3800,100
53216220177083,14:46:56.220,5.3900,100
53216220432547,14:46:56.220,5.3900,100
53216220432547,14:46:56.220,5.3900,100
53216220558693,14:46:56.220,5.3900,100
53259239786074,14:47:39.239,5.4000,100
53259239786074,14:47:39.239,5.4000,100
53259239786074,14:47:39.239,5.4000,700
53259241019947,14:47:39.241,5.4000,800
53259241019947,14:47:39.241,5.4000,100
53292559009487,14:48:12.559,5.4000,6
53299960182306,14:48:19.960,5.3900,200
53299960182306,14:48:19.960,5.3900,100
53299960226718,14:48:19.960,5.3900,1
53299960226718,14:48:19.960,5.3900,1
53409122936420,14:50:09.122,5.3900,200
53409123017864,14:50:09.123,5.3900,100
53409123017864,14:50:09.123,5.3900,100
53409123017864,14:50:09.123,5.3900,100
53424682486700,14:50:24.682,5.3900,100
53424682486700,14:50:24.682,5.3900,43
53424682531694,14:50:24.682,5.3900,143
53424682549422,14:50:24.682,5.3900,143
53424682905826,14:50:24.682,5.3900,200
53424682905826,14:50:24.682,5.3900,100
53424682905826,14:50:24.682,5.3900,100
53424682905826,14:50:24.682,5.3900,100
53424682905826,14:50:24.682,5.3900,200
53424682905826,14:50:24.682,5.3900,114
53424767501559,14:50:24.767,5.3900,100
53424767501559,14:50:24.767,5.3900,100
53424767501559,14:50:24.767,5.3900,100
53452692502209,14:50:52.692,5.3900,100
53452693585319,14:50:52.693,5.3900,14
53452693585319,14:50:52.693,5.3900,9
53485336301814,14:51:25.336,5.3900,100
53529011611153,14:52:09.011,5.3900,100
53529011611153,14:52:09.011,5.3900,168
53529011624739,14:52:09.011,5.3900,132
53529011624739,14:52:09.011,5.3900,100
53529011624739,14:52:09.011,5.3900,100
53545081495374,14:52:25.081,5.4000,60
53545081539088,14:52:25.081,5.4000,40
53596974618698,14:53:16.974,5.4000,100
53600671470440,14:53:20.671,5.4050,5
53617788321211,14:53:37.788,5.4000,100
53621479266330,14:53:41.479,5.4000,100
53657143013989,14:54:17.143,5.4000,200
53657143013989,14:54:17.143,5.4000,100
53657143013989,14:54:17.143,5.4000,400
53657143013989,14:54:17.143,5.4000,100
53657143013989,14:54:17.143,5.4000,100
53670531067466,14:54:30.531,5.4000,78
53766767768353,14:56:06.767,5.4000,22
53766767768353,14:56:06.767,5.4000,78
53883740294087,14:58:03.740,5.4050,100
53900708492564,14:58:20.708,5.4100,100
53900708492564,14:58:20.708,5.4100,100
53900708492564,14:58:20.708,5.4100,100
53900708492564,14:58:20.708,5.4100,100
53900708492564,14:58:20.708,5.4100,100
53900708492564,14:58:20.708,5.4100,100
53900708644249,14:58:20.708,5.4100,100
53900708644249,14:58:20.708,5.4100,100
53900708862120,14:58:20.708,5.4100,100
53943403622137,14:59:03.403,5.4200,100
53960358358769,14:59:20.358,5.4200,100
54004447414287,15:00:04.447,5.4200,200
54004447414287,15:00:04.447,5.4200,100
54004447414287,15:00:04.447,5.4200,200
54004447455410,15:00:04.447,5.4200,18
54004447839181,15:00:04.447,5.4200,100
54004447839181,15:00:04.447,5.4200,100
54178312692351,15:02:58.312,5.4150,5
54297997752526,15:04:57.997,5.4150,1
54507173765263,15:08:27.173,5.4200,5
54643868600199,15:10:43.868,5.4100,200
54643868600199,15:10:43.868,5.4100,100
54643868600199,15:10:43.868,5.4100,100
54643868600199,15:10:43.868,5.4100,13
54643868600199,15:10:43.868,5.4100,23
54643868600199,15:10:43.868,5.4100,100
54643868600199,15:10:43.868,5.4100,100
54643868924960,15:10:43.868,5.4100,200
54643868993930,15:10:43.868,5.4100,400
54643869000517,15:10:43.869,5.4100,100
54643869181765,15:10:43.869,5.4100,50
54783945722373,15:13:03.945,5.4100,6
54899498297702,15:14:59.498,5.4100,100
54913600988737,15:15:13.600,5.4100,14
54913600988737,15:15:13.600,5.4100,200
54913600988737,15:15:13.600,5.4100,100
54913600988737,15:15:13.600,5.4100,100
54913600988737,15:15:13.600,5.4100,100
54913600988737,15:15:13.600,5.4100,100
54913600988737,15:15:13.600,5.4100,100
54913600988737,15:15:13.600,5.4100,100
54913600988737,15:15:13.600,5.4100,16
54913601028981,15:15:13.601,5.4100,84
54913601042911,15:15:13.601,5.4100,84
54913601141760,15:15:13.601,5.4100,100
54913601141760,15:15:13.601,5.4100,100
54913601141760,15:15:13.601,5.4100,16
54913601726345,15:15:13.601,5.4100,100
54932925090776,15:15:32.925,5.4200,100
54935356955449,15:15:35.356,5.4200,100
54935356955449,15:15:35.356,5.4200,22
54935356985790,15:15:35.356,5.4200,78
54935356985790,15:15:35.356,5.4200,100
55086401103441,15:18:06.401,5.4300,5
55341224855802,15:22:21.224,5.4200,200
55341224855802,15:22:21.224,5.4200,100
55341224855802,15:22:21.224,5.4200,700
55341224894640,15:22:21.224,5.4200,3
55342169203000,15:22:22.169,5.4100,400
55342169203000,15:22:22.169,5.4100,100
55342169203000,15:22:22.169,5.4100,400
55342191180852,15:22:22.191,5.4100,100
55350253187399,15:22:30.253,5.4050,100
55370076568302,15:22:50.076,5.4050,100
55403704544705,15:23:23.704,5.4100,6
55553394273648,15:25:53.394,5.4100,294
55553394273648,15:25:53.394,5.4100,200
55553394273648,15:25:53.394,5.4100,100
55553394273648,15:25:53.394,5.4100,100
55553394273648,15:25:53.394,5.4100,100
55553394273648,15:25:53.394,5.4100,100
55553394273648,15:25:53.394,5.4100,100
55553394273648,15:25:53.394,5.4100,100
55553394273648,15:25:53.394,5.4200,2000
55553394273648,15:25:53.394,5.4200,100
55553394273648,15:25:53.394,5.4200,500
55553394273648,15:25:53.394,5.4200,100
55553394273648,15:25:53.394,5.4200,100
55553394273648,15:25:53.394,5.4200,300
55553394273648,15:25:53.394,5.4200,100
55553394273648,15:25:53.394,5.4200,100
55553394273648,15:25:53.394,5.4200,100
55553394273648,15:25:53.394,5.4200,100
55553394273648,15:25:53.394,5.4200,100
55553394273648,15:25:53.394,5.4200,300
55553395168519,15:25:53.395,5.4200,100
55567055144836,15:26:07.055,5.4200,100
55567066434068,15:26:07.066,5.4200,36
55567146344902,15:26:07.146,5.4200,58
55595312606387,15:26:35.312,5.4100,100
55675585317721,15:27:55.585,5.4200,100
55680091496103,15:28:00.091,5.4200,10
55729572973318,15:28:49.572,5.4300,33
55803508823371,15:30:03.508,5.4200,100
55803508823371,15:30:03.508,5.4200,100
55803508823371,15:30:03.508,5.4200,11
55803509152934,15:30:03.509,5.4200,100
55803509152934,15:30:03.509,5.4200,100
55803509649577,15:30:03.509,5.4200,100
55805289452841,15:30:05.289,5.4150,3
55805504022158,15:30:05.504,5.4100,100
55807176987657,15:30:07.176,5.4150,1
55807684430918,15:30:07.684,5.4150,96
55807684430918,15:30:07.684,5.4150,4
55843431477554,15:30:43.431,5.4100,100
55898071099497,15:31:38.071,5.4150,100
55974929055940,15:32:54.929,5.4100,100
55974929055940,15:32:54.929,5.4100,100
55974929055940,15:32:54.929,5.4100,100
56009284645144,15:33:29.284,5.4150,100
56032800442058,15:33:52.800,5.4100,100
56040319005743,15:34:00.319,5.4100,170
56040324222732,15:34:00.324,5.4000,100
56108721657600,15:35:08.721,5.3900,100
56108721657600,15:35:08.721,5.3900,332
56108721657600,15:35:08.721,5.3900,100
56108721657600,15:35:08.721,5.3900,100
56108721657600,15:35:08.721,5.3900,100
56108721657600,15:35:08.721,5.3900,100
56108721657600,15:35:08.721,5.3900,100
56108721657600,15:35:08.721,5.3900,100
56108721657600,15:35:08.721,5.3900,300
56122876386245,15:35:22.876,5.3850,100
56122876386245,15:35:22.876,5.3800,200
56122876386245,15:35:22.876,5.3800,100
56141122757160,15:35:41.122,5.3800,7
56148104641938,15:35:48.104,5.3800,100
56204297098436,15:36:44.297,5.3800,100
56223691657984,15:37:03.691,5.3700,100
56232883239267,15:37:12.883,5.3700,100
56233152997019,15:37:13.152,5.3750,100
56238958653728,15:37:18.958,5.3700,100
56238992976025,15:37:18.992,5.3700,100
56238992976025,15:37:18.992,5.3700,100
56294448559100,15:38:14.448,5.3600,100
56299384696307,15:38:19.384,5.3500,100
56299390041584,15:38:19.390,5.3500,100
56300629031346,15:38:20.629,5.3500,100
56364256457151,15:39:24.256,5.3500,100
56400167237148,15:40:00.167,5.3250,100
56400167237148,15:40:00.167,5.3300,100
56400167237148,15:40:00.167,5.3300,100
56400167237148,15:40:00.167,5.3300,100
56400167411873,15:40:00.167,5.3300,100
56400167693084,15:40:00.167,5.3300,100
56407494003191,15:40:07.494,5.3400,600
56407494003191,15:40:07.494,5.3400,300
56407494003191,15:40:07.494,5.3400,100
56407494003191,15:40:07.494,5.3400,100
56407494003191,15:40:07.494,5.3400,100
56407494003191,15:40:07.494,5.3400,100
56407494003191,15:40:07.494,5.3400,100
56413446888144,15:40:13.446,5.3400,32
56413448100069,15:40:13.448,5.3400,14
56434014294690,15:40:34.014,5.3500,100
56437442070360,15:40:37.442,5.3500,100
56451033867436,15:40:51.033,5.3500,100
56451033867436,15:40:51.033,5.3500,32
56454026499155,15:40:54.026,5.3500,95
56501482972480,15:41:41.482,5.3450,100
56501482972480,15:41:41.482,5.3450,100
56501503709557,15:41:41.503,5.3500,100
56501503709557,15:41:41.503,5.3500,100
56501503709557,15:41:41.503,5.3500,78
56501503808660,15:41:41.503,5.3500,322
56501503808660,15:41:41.503,5.3500,100
56511433001998,15:41:51.433,5.3550,100
56511453641700,15:41:51.453,5.3600,700
56516149881567,15:41:56.149,5.3600,300
56516149881567,15:41:56.149,5.3600,300
56566055965916,15:42:46.055,5.3700,100
56570178748591,15:42:50.178,5.3700,100
56592682590985,15:43:12.682,5.3700,100
56592693077291,15:43:12.693,5.3700,110
56594072205823,15:43:14.072,5.3700,90
56594072205823,15:43:14.072,5.3700,10
56703965946616,15:45:03.965,5.3650,100
56731507348183,15:45:31.507,5.3600,104
56731507348183,15:45:31.507,5.3600,300
56731507348183,15:45:31.507,5.3600,100
56731507348183,15:45:31.507,5.3600,100
56731507348183,15:45:31.507,5.3600,200
56731507348183,15:45:31.507,5.3600,100
56731507348183,15:45:31.507,5.3600,300
56731507348183,15:45:31.507,5.3600,100
56731507348183,15:45:31.507,5.3600,100
56796176292255,15:46:36.176,5.3550,7
56832381062614,15:47:12.381,5.3500,200
56832381062614,15:47:12.381,5.3500,100
56832381062614,15:47:12.381,5.3500,100
56834469306241,15:47:14.469,5.3450,100
56834469306241,15:47:14.469,5.3450,100
56834485590604,15:47:14.485,5.3500,200
56834485590604,15:47:14.485,5.3500,100
56834485590604,15:47:14.485,5.3500,100
56837059905280,15:47:17.059,5.3600,200
56837059905280,15:47:17.059,5.3600,100
56837059905280,15:47:17.059,5.3600,100
56837059905280,15:47:17.059,5.3600,100
56837059905280,15:47:17.059,5.3600,100
56837059905280,15:47:17.059,5.3600,100
56837059905280,15:47:17.059,5.3600,100
56837059905280,15:47:17.059,5.3600,100
56837059905280,15:47:17.059,5.3600,100
56838774472901,15:47:18.774,5.3700,100
56838774472901,15:47:18.774,5.3700,100
56838774472901,15:47:18.774,5.3700,100
56838774472901,15:47:18.774,5.3700,100
56838774472901,15:47:18.774,5.3700,100
56838774472901,15:47:18.774,5.3700,100
56845137884039,15:47:25.137,5.3700,100
56897783175262,15:48:17.783,5.3750,100
56897783175262,15:48:17.783,5.3750,100
56897783175262,15:48:17.783,5.3800,200
56897783175262,15:48:17.783,5.3800,300
56897783175262,15:48:17.783,5.3800,100
56897783175262,15:48:17.783,5.3800,100
56897783175262,15:48:17.783,5.3800,100
56897783803388,15:48:17.783,5.3800,33
57000960008220,15:50:00.960,5.3750,100
57007512765004,15:50:07.512,5.3750,100
57044914104796,15:50:44.914,5.3700,100
57066301820031,15:51:06.301,5.3700,100
57066301820031,15:51:06.301,5.3700,100
57066301820031,15:51:06.301,5.3700,100
57066301820031,15:51:06.301,5.3700,100
57066495015322,15:51:06.495,5.3600,100
57068004714552,15:51:08.004,5.3600,200
57073919105943,15:51:13.919,5.3650,100
57120142280398,15:52:00.142,5.3650,100
57120243519875,15:52:00.243,5.3650,5
57158460977012,15:52:38.460,5.3600,100
57175711591625,15:52:55.711,5.3600,100
57200084398046,15:53:20.084,5.3650,100
57305375209236,15:55:05.375,5.3700,100
57305375209236,15:55:05.375,5.3700,100
57305375209236,15:55:05.375,5.3700,100
57305375209236,15:55:05.375,5.3700,100
57305375209236,15:55:05.375,5.3700,100
57305375209236,15:55:05.375,5.3700,100
57305375209236,15:55:05.375,5.3700,100
57305375209236,15:55:05.375,5.3700,100
57305375209236,15:55:05.375,5.3700,100
57305375209236,15:55:05.375,5.3700,100
57308960639125,15:55:08.960,5.3750,200
57319037675196,15:55:19.037,5.3750,100
57330776664951,15:55:30.776,5.3700,200
57330776664951,15:55:30.776,5.3700,100
57330776664951,15:55:30.776,5.3700,52
57330776664951,15:55:30.776,5.3700,100
57330776664951,15:55:30.776,5.3700,1800
57330776664951,15:55:30.776,5.3700,7
57330799799418,15:55:30.799,5.3650,100
57363555121376,15:56:03.555,5.3600,100
57363555121376,15:56:03.555,5.3600,100
57367238171376,15:56:07.238,5.3650,100
57367238171376,15:56:07.238,5.3650,100
57367238171376,15:56:07.238,5.3650,100
57367238171376,15:56:07.238,5.3650,100
57372762898713,15:56:12.762,5.3650,100
57372762898713,15:56:12.762,5.3650,100
57380484979711,15:56:20.484,5.3600,100
57399873975017,15:56:39.873,5.3650,100
57416779806152,15:56:56.779,5.3650,100
57493833538943,15:58:13.833,5.3600,100
57493833538943,15:58:13.833,5.3600,100
57493833538943,15:58:13.833,5.3600,100
57493833538943,15:58:13.833,5.3600,100
57493833538943,15:58:13.833,5.3600,300
57493833538943,15:58:13.833,5.3600,100
57493833800999,15:58:13.833,5.3600,100
57493867826687,15:58:13.867,5.3600,100
57493871086611,15:58:13.871,5.3600,200
57493871983507,15:58:13.871,5.3600,100
57516479393011,15:58:36.479,5.3700,100
57517529909819,15:58:37.529,5.3750,99
57537312556829,15:58:57.312,5.3700,60
57559213048982,15:59:19.213,5.3750,10
57568010187992,15:59:28.010,5.3750,100
57590103892293,15:59:50.103,5.3750,6
57590766438456,15:59:50.766,5.3750,200
57596034497267,15:59:56.034,5.3700,100
57600553438502,16:00:00.553,0.0000,0
