timestamp,time,price,volume
28248090173679,07:50:48.090,8.9300,6
28423828646439,07:53:43.828,8.9300,494
29299369998193,08:08:19.369,8.8700,3400
29328141143239,08:08:48.141,8.8700,2700
29411406742575,08:10:11.406,8.8700,3000
31477047244551,08:44:37.047,8.8700,500
31759270272212,08:49:19.270,8.8700,50
31759270272212,08:49:19.270,8.8700,50
31759270832414,08:49:19.270,8.8700,100
31916570277309,08:51:56.570,8.8700,4800
31916576624937,08:51:56.576,8.8700,5050
31916576624937,08:51:56.576,8.8800,100
31916576624937,08:51:56.576,8.8800,50
31916576671016,08:51:56.576,8.8800,150
31916577080843,08:51:56.577,8.8800,100
31916577080843,08:51:56.577,8.8800,50
31916577169763,08:51:56.577,8.8800,100
31916577665066,08:51:56.577,8.8800,100
31916578247015,08:51:56.578,8.8800,100
31916578574231,08:51:56.578,8.8800,100
31916578805470,08:51:56.578,8.8800,100
31916578888258,08:51:56.578,8.8800,100
31916579104353,08:51:56.579,8.8800,100
31916579129846,08:51:56.579,8.8800,100
31916579399322,08:51:56.579,8.8800,100
31916579400454,08:51:56.579,8.8800,100
31916579651993,08:51:56.579,8.8800,100
31916579729022,08:51:56.579,8.8800,100
31916579957403,08:51:56.579,8.8800,100
31916579964911,08:51:56.579,8.8800,100
31916580270278,08:51:56.580,8.8800,100
31916580506324,08:51:56.580,8.8800,100
31916580584527,08:51:56.580,8.8800,100
31916580803679,08:51:56.580,8.8800,100
31916580819962,08:51:56.580,8.8800,100
31916580881448,08:51:56.580,8.8800,100
31916581094338,08:51:56.581,8.8800,100
31916581170484,08:51:56.581,8.8800,100
31916581381773,08:51:56.581,8.8800,100
31916581383010,08:51:56.581,8.8800,100
31916581457672,08:51:56.581,8.8800,100
31916581532618,08:51:56.581,8.8800,100
31916581611058,08:51:56.581,8.8800,100
31916581649855,08:51:56.581,8.8800,100
31916581686440,08:51:56.581,8.8800,100
31916581761203,08:51:56.581,8.8800,100
31916581835412,08:51:56.581,8.8800,100
31916581909331,08:51:56.581,8.8800,100
31916581936134,08:51:56.581,8.8800,100
31916581985699,08:51:56.581,8.8800,100
31916582063441,08:51:56.582,8.8800,100
31916582097843,08:51:56.582,8.8800,100
31916582139050,08:51:56.582,8.8800,100
31916582213205,08:51:56.582,8.8800,100
31916582247091,08:51:56.582,8.8800,100
31916582286499,08:51:56.582,8.8800,100
31916582359424,08:51:56.582,8.8800,100
31916582392967,08:51:56.582,8.8800,100
31916582441036,08:51:56.582,8.8800,100
31916582515523,08:51:56.582,8.8800,100
31916582547742,08:51:56.582,8.8800,100
31916582595269,08:51:56.582,8.8800,100
31916582672221,08:51:56.582,8.8800,100
31916582690624,08:51:56.582,8.8800,100
31916582744845,08:51:56.582,8.8800,100
31916582816641,08:51:56.582,8.8800,100
31916582842835,08:51:56.582,8.8800,100
31916582893405,08:51:56.582,8.8800,100
31916582968799,08:51:56.582,8.8800,100
31916583008580,08:51:56.583,8.8800,100
31916583045131,08:51:56.583,8.8800,100
31916583122327,08:51:56.583,8.8800,100
31916583154373,08:51:56.583,8.8800,100
31916583197048,08:51:56.583,8.8800,100
31916583274490,08:51:56.583,8.8800,100
31916583298975,08:51:56.583,8.8800,100
31916583351517,08:51:56.583,8.8800,100
31916583426238,08:51:56.583,8.8800,100
31916583454149,08:51:56.583,8.8800,100
31916583503076,08:51:56.583,8.8800,100
31916583576829,08:51:56.583,8.8800,100
31916583611139,08:51:56.583,8.8800,100
31916583653565,08:51:56.583,8.8800,100
31916583728057,08:51:56.583,8.8800,100
31916583766474,08:51:56.583,8.8800,100
31916583802297,08:51:56.583,8.8800,100
31916583876761,08:51:56.583,8.8800,100
31916583915396,08:51:56.583,8.8800,100
31916583951744,08:51:56.583,8.8800,100
31916584026420,08:51:56.584,8.8800,100
31916584058665,08:51:56.584,8.8800,100
31916584104192,08:51:56.584,8.8800,100
31916584178118,08:51:56.584,8.8800,100
31916584213958,08:51:56.584,8.8800,100
31916584254483,08:51:56.584,8.8800,100
31916584327637,08:51:56.584,8.8800,100
31916584357987,08:51:56.584,8.8800,100
31916584405737,08:51:56.584,8.8800,100
31916584482170,08:51:56.584,8.8800,100
31916584508815,08:51:56.584,8.8800,100
31916584559930,08:51:56.584,8.8800,100
31916584635969,08:51:56.584,8.8800,100
31916584661660,08:51:56.584,8.8800,100
31916584712654,08:51:56.584,8.8800,100
31916584786396,08:51:56.584,8.8800,100
31916584813749,08:51:56.584,8.8800,100
31916584865347,08:51:56.584,8.8800,100
31916584942771,08:51:56.584,8.8800,100
31916584972662,08:51:56.584,8.8800,100
31916585015341,08:51:56.585,8.8800,100
31916585091392,08:51:56.585,8.8800,100
31916585166408,08:51:56.585,8.8800,100
31916585239954,08:51:56.585,8.8800,100
31916585270393,08:51:56.585,8.8800,100
31916585316382,08:51:56.585,8.8800,100
31916585392178,08:51:56.585,8.8800,100
31916585490815,08:51:56.585,8.8800,100
31916585565102,08:51:56.585,8.8800,100
31916585640500,08:51:56.585,8.8800,100
31916585714494,08:51:56.585,8.8800,100
31916585790560,08:51:56.585,8.8800,100
31916585863293,08:51:56.585,8.8800,100
31916585937148,08:51:56.585,8.8800,100
31916586012266,08:51:56.586,8.8800,100
31916586092365,08:51:56.586,8.8800,100
31916586168173,08:51:56.586,8.8800,100
31916586243514,08:51:56.586,8.8800,100
31916586317338,08:51:56.586,8.8800,100
31916586349438,08:51:56.586,8.8800,100
31916586391652,08:51:56.586,8.8800,100
31916586464100,08:51:56.586,8.8800,100
31916586540585,08:51:56.586,8.8800,100
31916586615137,08:51:56.586,8.8800,100
31916586692511,08:51:56.586,8.8800,100
31916586767727,08:51:56.586,8.8800,100
31916586838239,08:51:56.586,8.8800,100
31916586912969,08:51:56.586,8.8800,100
31916586985632,08:51:56.586,8.8800,100
31916587059821,08:51:56.587,8.8800,100
31916587131093,08:51:56.587,8.8800,50
31916587540457,08:51:56.587,8.8800,50
31916587540457,08:51:56.587,8.8800,50
31916587978099,08:51:56.587,8.8800,50
31916587978099,08:51:56.587,8.8800,50
31916588415472,08:51:56.588,8.8800,50
31916588415472,08:51:56.588,8.8800,50
31916588852062,08:51:56.588,8.8800,50
31916588852062,08:51:56.588,8.8800,50
31916589290055,08:51:56.589,8.8800,50
31916589290055,08:51:56.589,8.8800,50
31968437803747,08:52:48.437,8.8800,50
31968437803747,08:52:48.437,8.8800,100
31968437803747,08:52:48.437,8.8800,5450
31968449803890,08:52:48.449,8.8800,100
31968449803890,08:52:48.449,8.8800,4300
32611838113858,09:03:31.838,8.8700,100
32611838131282,09:03:31.838,8.8700,900
32995571207194,09:09:55.571,8.8600,100
32995571232154,09:09:55.571,8.8600,100
32995571306925,09:09:55.571,8.8600,100
32995571417873,09:09:55.571,8.8600,100
32995571638453,09:09:55.571,8.8600,100
32995571701249,09:09:55.571,8.8600,100
32995571733697,09:09:55.571,8.8600,100
32995571804159,09:09:55.571,8.8600,100
33672337336547,09:21:12.337,8.8500,100
33672337825871,09:21:12.337,8.8500,100
33672338147709,09:21:12.338,8.8500,100
33672338147709,09:21:12.338,8.8500,100
33672338308753,09:21:12.338,8.8500,100
33672738754158,09:21:12.738,8.8600,100
33682287807092,09:21:22.287,8.8600,100
33698257183810,09:21:38.257,8.8500,100
33698257679077,09:21:38.257,8.8500,100
33801125571997,09:23:21.125,8.8500,100
33814979958680,09:23:34.979,8.8300,500
33815033720268,09:23:35.033,8.8300,100
33815034231414,09:23:35.034,8.8300,100
33815034728789,09:23:35.034,8.8300,100
33816529793097,09:23:36.529,8.8200,300
33894483873355,09:24:54.483,8.8100,500
34080098246866,09:28:00.098,8.8000,100
34080098246866,09:28:00.098,8.8000,100
34080098246866,09:28:00.098,8.8000,2800
34080098246866,09:28:00.098,8.8000,1200
34110255899091,09:28:30.255,8.8100,30
34199781058895,09:29:59.781,8.8100,100
34200887619715,09:30:00.887,8.8000,162034
34200918990565,09:30:00.918,8.8000,53
34200918990565,09:30:00.918,8.8000,200
34200929718950,09:30:00.929,8.7900,2250
34201034435981,09:30:01.034,8.7900,100
34201156362091,09:30:01.156,8.7900,100
34201156894925,09:30:01.156,8.7900,100
34201156954726,09:30:01.156,8.7900,100
34201185449117,09:30:01.185,8.7900,100
34201195475949,09:30:01.195,8.7900,800
34201387549064,09:30:01.387,8.7900,100
34201394377264,09:30:01.394,8.7900,61
34201457789628,09:30:01.457,8.8000,800
34201457789628,09:30:01.457,8.8000,100
34201457789628,09:30:01.457,8.8000,700
34201532931418,09:30:01.532,8.8000,300
34201532931418,09:30:01.532,8.8000,400
34201532931418,09:30:01.532,8.8000,200
34201543863705,09:30:01.543,8.8300,100
34201548351254,09:30:01.548,8.8300,300
34201555138532,09:30:01.555,8.8400,2022
34201555138532,09:30:01.555,8.8400,5
34201555138532,09:30:01.555,8.8400,200
34201598100585,09:30:01.598,8.8400,100
34201628150245,09:30:01.628,8.8300,600
34201751327088,09:30:01.751,8.8400,70
34201833775877,09:30:01.833,8.8200,600
34201839716741,09:30:01.839,8.8300,400
34202138091581,09:30:02.138,8.8400,30
34202138091581,09:30:02.138,8.8400,300
34202139614624,09:30:02.139,8.8500,132
34202778370194,09:30:02.778,8.8400,100
34203421108922,09:30:03.421,8.8300,100
34203421108922,09:30:03.421,8.8300,700
34203730482052,09:30:03.730,8.8300,400
34203731669140,09:30:03.731,8.8400,200
34203731669140,09:30:03.731,8.8400,100
34203731669140,09:30:03.731,8.8400,100
34207534602565,09:30:07.534,8.8300,100
34207534602565,09:30:07.534,8.8300,100
34207534961303,09:30:07.534,8.8300,600
34207538008455,09:30:07.538,8.8200,100
34207538008455,09:30:07.538,8.8200,100
34207538008455,09:30:07.538,8.8200,100
34207538008455,09:30:07.538,8.8200,100
34207538008455,09:30:07.538,8.8200,100
34207538011295,09:30:07.538,8.8200,100
34207538931671,09:30:07.538,8.8200,300
34207538931671,09:30:07.538,8.8200,100
34207538931671,09:30:07.538,8.8200,300
34207540896300,09:30:07.540,8.8200,100
34209445802690,09:30:09.445,8.8200,100
34209445802690,09:30:09.445,8.8200,99
34209646043140,09:30:09.646,8.8200,200
34210449254594,09:30:10.449,8.8250,600
34211471093967,09:30:11.471,8.8200,500
34211471093967,09:30:11.471,8.8200,100
34211471093967,09:30:11.471,8.8200,300
34212129573853,09:30:12.129,8.8300,100
34212129573853,09:30:12.129,8.8300,100
34212129573853,09:30:12.129,8.8300,600
34212129573853,09:30:12.129,8.8300,500
34212129573853,09:30:12.129,8.8300,400
34212129573853,09:30:12.129,8.8300,100
34212129573853,09:30:12.129,8.8300,100
34212130096384,09:30:12.130,8.8300,100
34212130675366,09:30:12.130,8.8300,100
34212131195008,09:30:12.131,8.8300,100
34212131739617,09:30:12.131,8.8300,100
34212265074801,09:30:12.265,8.8200,294
34214963262432,09:30:14.963,8.8300,500
34214963262432,09:30:14.963,8.8300,100
34214963262432,09:30:14.963,8.8300,200
34214963262432,09:30:14.963,8.8300,100
34214963262432,09:30:14.963,8.8300,500
34214963262432,09:30:14.963,8.8300,300
34214963262432,09:30:14.963,8.8300,900
34214963262432,09:30:14.963,8.8300,100
34214963774618,09:30:14.963,8.8300,100
34214963868167,09:30:14.963,8.8300,100
34214965380992,09:30:14.965,8.8350,100
34214965380992,09:30:14.965,8.8400,400
34214965380992,09:30:14.965,8.8400,200
34215997201070,09:30:15.997,8.8400,100
34215997201070,09:30:15.997,8.8400,100
34218300987943,09:30:18.300,8.8450,1200
34222082397276,09:30:22.082,8.8500,100
34222082397276,09:30:22.082,8.8500,600
34222082397276,09:30:22.082,8.8500,465
34222082424990,09:30:22.082,8.8500,35
34222082424990,09:30:22.082,8.8500,35
34224726537604,09:30:24.726,8.8450,100
34224726537604,09:30:24.726,8.8400,400
34224726537604,09:30:24.726,8.8400,100
34224726537604,09:30:24.726,8.8400,100
34224726537604,09:30:24.726,8.8400,600
34224726537604,09:30:24.726,8.8400,400
34225063052085,09:30:25.063,8.8500,100
34225063052085,09:30:25.063,8.8500,100
34225063052085,09:30:25.063,8.8500,100
34225073318484,09:30:25.073,8.8500,500
34225073318484,09:30:25.073,8.8500,200
34225073318484,09:30:25.073,8.8500,51
34229928434333,09:30:29.928,8.8500,349
34229928434333,09:30:29.928,8.8500,600
34229928434333,09:30:29.928,8.8500,100
34229958951859,09:30:29.958,8.8500,600
34238341641666,09:30:38.341,8.8450,100
34238341641666,09:30:38.341,8.8400,500
34238341641666,09:30:38.341,8.8400,100
34238341641666,09:30:38.341,8.8400,100
34238341671119,09:30:38.341,8.8400,100
34238341962698,09:30:38.341,8.8400,100
34240959889147,09:30:40.959,8.8400,500
34251129412037,09:30:51.129,8.8500,100
34251129412037,09:30:51.129,8.8500,100
34251129412037,09:30:51.129,8.8500,300
34251153942921,09:30:51.153,8.8500,600
34251153942921,09:30:51.153,8.8500,300
34251153942921,09:30:51.153,8.8500,100
34251154523501,09:30:51.154,8.8500,100
34251154523501,09:30:51.154,8.8500,100
34251154523501,09:30:51.154,8.8500,100
34251154523501,09:30:51.154,8.8500,100
34251154523501,09:30:51.154,8.8500,200
34251154523501,09:30:51.154,8.8500,65
34251491850811,09:30:51.491,8.8500,100
34251491850811,09:30:51.491,8.8500,100
34251491850811,09:30:51.491,8.8500,100
34251491850811,09:30:51.491,8.8500,200
34251492175094,09:30:51.492,8.8500,200
34252672460639,09:30:52.672,8.8600,2000
34252672460639,09:30:52.672,8.8600,110
34252672460639,09:30:52.672,8.8600,500
34252672460639,09:30:52.672,8.8600,100
34252672486480,09:30:52.672,8.8600,200
34252673368556,09:30:52.673,8.8600,200
34252889483242,09:30:52.889,8.8600,100
34254006657057,09:30:54.006,8.8600,200
34254006657057,09:30:54.006,8.8600,200
34254006657057,09:30:54.006,8.8600,200
34254006657057,09:30:54.006,8.8600,100
34254006657057,09:30:54.006,8.8600,100
34254006657057,09:30:54.006,8.8600,600
34257080071798,09:30:57.080,8.8700,100
34257080071798,09:30:57.080,8.8700,200
34257080071798,09:30:57.080,8.8700,100
34257080071798,09:30:57.080,8.8700,100
34257080071798,09:30:57.080,8.8700,500
34257080071798,09:30:57.080,8.8700,100
34257080071798,09:30:57.080,8.8700,300
34257080071798,09:30:57.080,8.8700,300
34257081749576,09:30:57.081,8.8700,100
34257081749576,09:30:57.081,8.8700,300
34257081749576,09:30:57.081,8.8700,100
34257081749576,09:30:57.081,8.8700,200
34257638253879,09:30:57.638,8.8700,100
34257638253879,09:30:57.638,8.8700,100
34257638253879,09:30:57.638,8.8700,100
34257638253879,09:30:57.638,8.8700,100
34257638253879,09:30:57.638,8.8700,5200
34257640530893,09:30:57.640,8.8700,200
34257640530893,09:30:57.640,8.8700,200
34260781965306,09:31:00.781,8.8750,900
34261040869644,09:31:01.040,8.8800,100
34261040869644,09:31:01.040,8.8800,2200
34261040869644,09:31:01.040,8.8800,200
34261040869644,09:31:01.040,8.8800,600
34261040869644,09:31:01.040,8.8800,900
34261042174397,09:31:01.042,8.8800,600
34261042174397,09:31:01.042,8.8800,100
34261042301191,09:31:01.042,8.8800,5100
34261042352289,09:31:01.042,8.8800,200
34261042352289,09:31:01.042,8.8800,200
34261042378754,09:31:01.042,8.8800,900
34261042378754,09:31:01.042,8.8800,200
34261044335107,09:31:01.044,8.8800,100
34261044335107,09:31:01.044,8.8800,1100
34261044335107,09:31:01.044,8.8800,1500
34261044335107,09:31:01.044,8.8800,300
34261044335107,09:31:01.044,8.8800,100
34261059462954,09:31:01.059,8.8800,100
34261551158991,09:31:01.551,8.8800,200
34264127865108,09:31:04.127,8.8800,100
34264127865108,09:31:04.127,8.8800,300
34265535828166,09:31:05.535,8.8700,200
34265535828166,09:31:05.535,8.8700,200
34265535828166,09:31:05.535,8.8700,500
34265535828166,09:31:05.535,8.8700,100
34265536011730,09:31:05.536,8.8700,1000
34271341205526,09:31:11.341,8.8800,200
34271341205526,09:31:11.341,8.8800,200
34271341205526,09:31:11.341,8.8800,400
34271341205526,09:31:11.341,8.8800,600
34271341647567,09:31:11.341,8.8800,200
34271341676714,09:31:11.341,8.8800,200
34271341676714,09:31:11.341,8.8800,100
34271341676714,09:31:11.341,8.8800,200
34271344621488,09:31:11.344,8.8800,1000
34271344621488,09:31:11.344,8.8800,200
34271346293619,09:31:11.346,8.8800,1000
34271346293619,09:31:11.346,8.8800,1000
34271346293619,09:31:11.346,8.8800,200
34271346293619,09:31:11.346,8.8800,300
34271346293619,09:31:11.346,8.8800,200
34271376393090,09:31:11.376,8.8800,1000
34271376393090,09:31:11.376,8.8800,200
34271405206824,09:31:11.405,8.8800,1200
34271405206824,09:31:11.405,8.8800,700
34271462312155,09:31:11.462,8.8800,100
34271462312155,09:31:11.462,8.8800,300
34271715845618,09:31:11.715,8.8800,100
34272055891929,09:31:12.055,8.8800,200
34272055891929,09:31:12.055,8.8800,100
34272055891929,09:31:12.055,8.8800,200
34272055891929,09:31:12.055,8.8800,100
34280135945196,09:31:20.135,8.8700,100
34281246836752,09:31:21.246,8.8800,200
34281246836752,09:31:21.246,8.8800,100
34281251985133,09:31:21.251,8.8800,900
34281259833415,09:31:21.259,8.8800,100
34281259833415,09:31:21.259,8.8800,100
34281261112788,09:31:21.261,8.8800,1100
34281261148849,09:31:21.261,8.8800,400
34281261148849,09:31:21.261,8.8800,200
34281339330736,09:31:21.339,8.8800,900
34281551488557,09:31:21.551,8.8800,200
34282130379742,09:31:22.130,8.8750,300
34282841832947,09:31:22.841,8.8800,200
34282841888842,09:31:22.841,8.8800,400
34282841888842,09:31:22.841,8.8800,200
34282860266867,09:31:22.860,8.8850,400
34282860266867,09:31:22.860,8.8800,1100
34282860266867,09:31:22.860,8.8800,200
34282860266867,09:31:22.860,8.8800,2400
34282860266867,09:31:22.860,8.8800,500
34282860266867,09:31:22.860,8.8800,100
34282860266867,09:31:22.860,8.8800,600
34282862068815,09:31:22.862,8.8800,800
34282863395613,09:31:22.863,8.8800,500
34282918882338,09:31:22.918,8.8800,200
34282918882338,09:31:22.918,8.8800,100
34282918882338,09:31:22.918,8.8800,209
34282945954920,09:31:22.945,8.8800,100
34282945954920,09:31:22.945,8.8800,200
34282952047504,09:31:22.952,8.8800,100
34283146769820,09:31:23.146,8.8800,100
34283146769820,09:31:23.146,8.8800,300
34283306110329,09:31:23.306,8.8800,200
34287240459131,09:31:27.240,8.8900,100
34287240487640,09:31:27.240,8.8900,200
34287240487640,09:31:27.240,8.8900,100
34287440134599,09:31:27.440,8.9000,105
34287440134599,09:31:27.440,8.9000,95
34287440172472,09:31:27.440,8.9000,5
34287440172472,09:31:27.440,8.9000,15800
34287440172472,09:31:27.440,8.9000,5400
34287440172472,09:31:27.440,8.9000,13400
34287440172472,09:31:27.440,8.9000,600
34287440172472,09:31:27.440,8.9000,105
34287440227754,09:31:27.440,8.9000,5695
34287440227754,09:31:27.440,8.9000,1400
34287440227754,09:31:27.440,8.9000,1300
34288836268682,09:31:28.836,8.9000,200
34288836268682,09:31:28.836,8.9000,209
34288836268682,09:31:28.836,8.9000,91
34291948044099,09:31:31.948,8.9000,9
34291948192536,09:31:31.948,8.9000,200
34291953594427,09:31:31.953,8.9000,600
34291953594427,09:31:31.953,8.9000,200
34294434883955,09:31:34.434,8.9000,200
34297470946393,09:31:37.470,8.9000,700
34297470946393,09:31:37.470,8.9000,200
34297470946393,09:31:37.470,8.9000,700
34297470946393,09:31:37.470,8.9000,100
34297470946393,09:31:37.470,8.9000,100
34297470946393,09:31:37.470,8.9000,200
34297578385742,09:31:37.578,8.9100,100
34298536835233,09:31:38.536,8.9000,300
34298536835233,09:31:38.536,8.9000,100
34298536835233,09:31:38.536,8.9000,300
34298536835233,09:31:38.536,8.9000,300
34298536835233,09:31:38.536,8.9000,700
34298536835233,09:31:38.536,8.9000,2900
34298536835233,09:31:38.536,8.9000,100
34298536835233,09:31:38.536,8.9000,400
34298589266649,09:31:38.589,8.9000,1106
34298589266649,09:31:38.589,8.9000,300
34298594484664,09:31:38.594,8.9000,100
34298642084273,09:31:38.642,8.9000,300
34301289603133,09:31:41.289,8.9000,300
34301289603133,09:31:41.289,8.9000,100
34301289603133,09:31:41.289,8.9000,2000
34301289721908,09:31:41.289,8.9000,100
34301297699533,09:31:41.297,8.9000,1500
34301297699533,09:31:41.297,8.9000,1500
34301297699533,09:31:41.297,8.9000,100
34301297699533,09:31:41.297,8.9000,300
34301298037315,09:31:41.298,8.9000,1500
34301298037315,09:31:41.298,8.9000,300
34301302986845,09:31:41.302,8.9000,100
34303660289717,09:31:43.660,8.8900,200
34303660289717,09:31:43.660,8.8900,1900
34303660289717,09:31:43.660,8.8900,1900
34303660289717,09:31:43.660,8.8900,1100
34303660289717,09:31:43.660,8.8900,1100
34303660289717,09:31:43.660,8.8900,700
34303660289717,09:31:43.660,8.8900,300
34303662910238,09:31:43.662,8.8900,1200
34305007995162,09:31:45.007,8.8900,500
34305007995162,09:31:45.007,8.8900,400
34305007995162,09:31:45.007,8.8900,600
34305007995162,09:31:45.007,8.8900,300
34305007995162,09:31:45.007,8.8900,300
34305007995162,09:31:45.007,8.8900,1000
34306586673126,09:31:46.586,8.8900,800
34310137777539,09:31:50.137,8.9000,100
34310320773550,09:31:50.320,8.9000,200
34311232566334,09:31:51.232,8.8900,100
34311232566334,09:31:51.232,8.8900,1000
34311232566334,09:31:51.232,8.8900,100
34320100306357,09:32:00.100,8.8900,100
34320103244832,09:32:00.103,8.8800,100
34322351120842,09:32:02.351,8.8900,200
34323560523210,09:32:03.560,8.8800,100
34323560523210,09:32:03.560,8.8800,400
34323699477541,09:32:03.699,8.8900,1000
34323699553984,09:32:03.699,8.8900,300
34323699553984,09:32:03.699,8.8900,100
34325135221921,09:32:05.135,8.8900,1700
34325147437223,09:32:05.147,8.8900,400
34326699453189,09:32:06.699,8.8900,800
34326699453189,09:32:06.699,8.8900,100
34326699453189,09:32:06.699,8.8900,1500
34326699453189,09:32:06.699,8.8900,100
34326699453189,09:32:06.699,8.8900,300
34326699453189,09:32:06.699,8.8900,300
34326699794604,09:32:06.699,8.8900,90
34326699794604,09:32:06.699,8.8900,100
34326699794604,09:32:06.699,8.8900,300
34326699794604,09:32:06.699,8.8900,100
34327454027672,09:32:07.454,8.8850,1100
34327604311666,09:32:07.604,8.8900,1090
34327604311666,09:32:07.604,8.8900,100
34327604311666,09:32:07.604,8.8900,300
34327604311666,09:32:07.604,8.8900,300
34327604311666,09:32:07.604,8.8900,300
34327604311666,09:32:07.604,8.8900,10
34327604381441,09:32:07.604,8.8900,90
34327604381441,09:32:07.604,8.8900,100
34327604381441,09:32:07.604,8.8900,14400
34327604381441,09:32:07.604,8.8900,537
34327605209222,09:32:07.605,8.8900,300
34327605236884,09:32:07.605,8.8900,100
34327605277450,09:32:07.605,8.8900,100
34327606560439,09:32:07.606,8.8900,500
34327606560439,09:32:07.606,8.8900,1400
34327608661550,09:32:07.608,8.8900,100
34327608661550,09:32:07.608,8.8900,300
34327608661550,09:32:07.608,8.8900,600
34327608661550,09:32:07.608,8.8900,800
34328608295132,09:32:08.608,8.9000,300
34328608295132,09:32:08.608,8.9000,100
34328608295132,09:32:08.608,8.9000,900
34330844223788,09:32:10.844,8.8950,100
34336596942620,09:32:16.596,8.9000,100
34336603619997,09:32:16.603,8.8900,200
34336603619997,09:32:16.603,8.8900,300
34336603619997,09:32:16.603,8.8900,300
34336603619997,09:32:16.603,8.8900,100
34336603619997,09:32:16.603,8.8900,400
34336604028057,09:32:16.604,8.8900,1100
34336604028057,09:32:16.604,8.8900,100
34336604028057,09:32:16.604,8.8900,1000
34336604028057,09:32:16.604,8.8900,300
34336604028057,09:32:16.604,8.8900,100
34336604028057,09:32:16.604,8.8900,200
34336604028057,09:32:16.604,8.8900,400
34337057838994,09:32:17.057,8.8900,200
34337057838994,09:32:17.057,8.8900,300
34337973075784,09:32:17.973,8.8900,100
34337973075784,09:32:17.973,8.8900,100
34337973075784,09:32:17.973,8.8900,1500
34337973075784,09:32:17.973,8.8900,300
34339822251614,09:32:19.822,8.8800,1700
34339822251614,09:32:19.822,8.8800,300
34339822251614,09:32:19.822,8.8800,500
34339822251614,09:32:19.822,8.8800,400
34339822251614,09:32:19.822,8.8800,100
34339822251614,09:32:19.822,8.8800,200
34339822251614,09:32:19.822,8.8800,1200
34339822251614,09:32:19.822,8.8800,100
34339822251614,09:32:19.822,8.8800,1500
34339822251614,09:32:19.822,8.8800,200
34339822251614,09:32:19.822,8.8800,900
34339822251614,09:32:19.822,8.8800,100
34339822251614,09:32:19.822,8.8800,1200
34339822251614,09:32:19.822,8.8800,700
34339822251614,09:32:19.822,8.8800,800
34339822251614,09:32:19.822,8.8800,100
34339824258728,09:32:19.824,8.8800,400
34339824258728,09:32:19.824,8.8800,100
34350343173061,09:32:30.343,8.8800,100
34350344615946,09:32:30.344,8.8800,600
34350344615946,09:32:30.344,8.8800,400
34350344615946,09:32:30.344,8.8800,600
34350344615946,09:32:30.344,8.8800,100
34350352874376,09:32:30.352,8.8850,300
34350440414487,09:32:30.440,8.8900,100
34356576735501,09:32:36.576,8.8850,6200
34356577180153,09:32:36.577,8.8850,200
34360036352140,09:32:40.036,8.8900,200
34360037746377,09:32:40.037,8.8900,700
34360037746377,09:32:40.037,8.8900,400
34360037746377,09:32:40.037,8.8900,200
34360037746377,09:32:40.037,8.8900,500
34360037746377,09:32:40.037,8.8900,100
34364976216246,09:32:44.976,8.9000,100
34364976244054,09:32:44.976,8.9000,300
34364976244054,09:32:44.976,8.9000,300
34364976244054,09:32:44.976,8.9000,100
34364976244054,09:32:44.976,8.9000,200
34364977426635,09:32:44.977,8.9000,300
34364977426635,09:32:44.977,8.9000,64
34364977426635,09:32:44.977,8.9000,400
34364977426635,09:32:44.977,8.9000,200
34364977426635,09:32:44.977,8.9000,400
34364977673592,09:32:44.977,8.9000,1800
34364977673592,09:32:44.977,8.9000,100
34364977773125,09:32:44.977,8.9000,100
34364977773125,09:32:44.977,8.9000,400
34373630945833,09:32:53.630,8.9000,100
34373632377261,09:32:53.632,8.9000,400
34373632377261,09:32:53.632,8.9000,100
34373632377261,09:32:53.632,8.9000,7600
34373634155565,09:32:53.634,8.9000,335
34373634155565,09:32:53.634,8.9000,400
34373634155565,09:32:53.634,8.9000,500
34373634155565,09:32:53.634,8.9000,2600
34373634155565,09:32:53.634,8.9000,200
34373634155565,09:32:53.634,8.9000,1400
34373634249911,09:32:53.634,8.9000,1600
34373634249911,09:32:53.634,8.9000,400
34373634249911,09:32:53.634,8.9000,300
34373634249911,09:32:53.634,8.9000,1600
34373634249911,09:32:53.634,8.9000,2600
34373634249911,09:32:53.634,8.9000,70
34373635059938,09:32:53.635,8.9000,1200
34373635059938,09:32:53.635,8.9000,400
34373635059938,09:32:53.635,8.9000,100
34373635059938,09:32:53.635,8.9000,2058
34373635761475,09:32:53.635,8.9000,600
34373657688543,09:32:53.657,8.9000,100
34379243141690,09:32:59.243,8.8950,400
34382537768750,09:33:02.537,8.9000,334
34382538157409,09:33:02.538,8.9000,366
34382538157409,09:33:02.538,8.9000,300
34382538346833,09:33:02.538,8.9000,1600
34382539140730,09:33:02.539,8.9000,1200
34382539177535,09:33:02.539,8.9000,200
34382539184242,09:33:02.539,8.9000,2700
34382539219297,09:33:02.539,8.9000,144
34382539234071,09:33:02.539,8.9000,450
34382666727459,09:33:02.666,8.9100,100
34382666756659,09:33:02.666,8.9100,1800
34382666756659,09:33:02.666,8.9100,100
34382666756659,09:33:02.666,8.9100,100
34382666756659,09:33:02.666,8.9100,100
34382820423803,09:33:02.820,8.9100,400
34382820423803,09:33:02.820,8.9100,13
34383028181005,09:33:03.028,8.9200,300
34383028181005,09:33:03.028,8.9200,17442
34383028181005,09:33:03.028,8.9200,1500
34383131987673,09:33:03.131,8.9300,1700
34383132683632,09:33:03.132,8.9300,400
34383133042609,09:33:03.133,8.9300,700
34383135028496,09:33:03.135,8.9300,3200
34383229712399,09:33:03.229,8.9400,100
34383230883634,09:33:03.230,8.9400,2300
34383230883634,09:33:03.230,8.9400,100
34383230883634,09:33:03.230,8.9400,1080
34383230935952,09:33:03.230,8.9400,300
34383231424127,09:33:03.231,8.9400,300
34383235821108,09:33:03.235,8.9400,100
34383235821108,09:33:03.235,8.9400,500
34383235821108,09:33:03.235,8.9400,1800
34383235821108,09:33:03.235,8.9400,60
34383266306266,09:33:03.266,8.9400,600
34383266306266,09:33:03.266,8.9400,18113
34383266306266,09:33:03.266,8.9400,3600
34383266306266,09:33:03.266,8.9400,73
34383266306266,09:33:03.266,8.9400,500
34383266306266,09:33:03.266,8.9400,1400
34383299489998,09:33:03.299,8.9300,827
34383299573125,09:33:03.299,8.9300,73
34383299573125,09:33:03.299,8.9300,500
34383299573125,09:33:03.299,8.9300,1600
34383299573125,09:33:03.299,8.9300,1600
34383299748337,09:33:03.299,8.9300,300
34383299748337,09:33:03.299,8.9300,400
34383299748337,09:33:03.299,8.9300,300
34383299748337,09:33:03.299,8.9300,500
34383334964344,09:33:03.334,8.9250,100
34383437112620,09:33:03.437,8.9250,200
34383580197038,09:33:03.580,8.9200,1000
34383580197038,09:33:03.580,8.9200,7000
34383580197038,09:33:03.580,8.9200,500
34383580197038,09:33:03.580,8.9200,1500
34383630969709,09:33:03.630,8.9200,80
34383630969709,09:33:03.630,8.9200,500
34392141329892,09:33:12.141,8.9300,100
34392141460114,09:33:12.141,8.9300,500
34392141460114,09:33:12.141,8.9300,200
34395812444998,09:33:15.812,8.9350,100
34395812444998,09:33:15.812,8.9350,100
34399467754420,09:33:19.467,8.9350,600
34399467754420,09:33:19.467,8.9350,100
34399474682835,09:33:19.474,8.9400,3600
34408907582902,09:33:28.907,8.9400,500
34408907582902,09:33:28.907,8.9400,400
34408907582902,09:33:28.907,8.9400,300
34408907582902,09:33:28.907,8.9400,300
34408907582902,09:33:28.907,8.9400,300
34409061821753,09:33:29.061,8.9400,100
34409125922808,09:33:29.125,8.9400,1300
34409131522354,09:33:29.131,8.9400,200
34409131522354,09:33:29.131,8.9400,200
34409132174867,09:33:29.132,8.9400,100
34409181858947,09:33:29.181,8.9350,100
34410133036543,09:33:30.133,8.9400,500
34410133036543,09:33:30.133,8.9400,1900
34410133036543,09:33:30.133,8.9400,1900
34410133036543,09:33:30.133,8.9400,2800
34410133036543,09:33:30.133,8.9400,500
34410133036543,09:33:30.133,8.9400,573
34410133070419,09:33:30.133,8.9400,927
34410133070419,09:33:30.133,8.9400,100
34410133259268,09:33:30.133,8.9400,100
34410133259268,09:33:30.133,8.9400,80
34410133259268,09:33:30.133,8.9400,100
34410133259268,09:33:30.133,8.9400,320
34410880717981,09:33:30.880,8.9400,3500
34410880717981,09:33:30.880,8.9400,600
34414543321979,09:33:34.543,8.9450,300
34414983004095,09:33:34.983,8.9400,600
34414983004095,09:33:34.983,8.9400,200
34414983004095,09:33:34.983,8.9400,400
34414983004095,09:33:34.983,8.9400,400
34414983004095,09:33:34.983,8.9400,400
34414983004095,09:33:34.983,8.9400,478
34414983004095,09:33:34.983,8.9400,100
34419221446629,09:33:39.221,8.9450,600
34419221446629,09:33:39.221,8.9400,800
34422134801800,09:33:42.134,8.9400,600
34422134801800,09:33:42.134,8.9400,2000
34422135261280,09:33:42.135,8.9400,400
34422135261280,09:33:42.135,8.9400,200
34423065491997,09:33:43.065,8.9500,7
34423065491997,09:33:43.065,8.9500,160
34423065491997,09:33:43.065,8.9500,1000
34423065491997,09:33:43.065,8.9500,1500
34423065491997,09:33:43.065,8.9500,2800
34426221242429,09:33:46.221,8.9600,500
34429152347503,09:33:49.152,8.9700,100
34429152384901,09:33:49.152,8.9700,100
34429152384901,09:33:49.152,8.9700,600
34429152384901,09:33:49.152,8.9700,400
34429466013481,09:33:49.466,8.9750,600
34432513451805,09:33:52.513,8.9750,600
34432513451805,09:33:52.513,8.9700,2157
34432665357995,09:33:52.665,8.9750,188
34433041352002,09:33:53.041,8.9700,600
34433041352002,09:33:53.041,8.9700,2300
34433041352002,09:33:53.041,8.9700,2300
34433041352002,09:33:53.041,8.9700,1800
34433041352002,09:33:53.041,8.9700,337
34433041352002,09:33:53.041,8.9700,100
34433041352002,09:33:53.041,8.9700,100
34433041352002,09:33:53.041,8.9700,200
34433041352002,09:33:53.041,8.9700,900
34433046787229,09:33:53.046,8.9650,400
34433050283207,09:33:53.050,8.9700,200
34433050283207,09:33:53.050,8.9700,400
34433659017137,09:33:53.659,8.9700,100
34436789759115,09:33:56.789,8.9650,600
34436789759115,09:33:56.789,8.9650,400
34436789759115,09:33:56.789,8.9600,1900
34436789759115,09:33:56.789,8.9600,600
34436789759115,09:33:56.789,8.9600,1500
34436789759115,09:33:56.789,8.9600,1600
34436789759115,09:33:56.789,8.9600,400
34436789759115,09:33:56.789,8.9600,100
34436789759115,09:33:56.789,8.9600,100
34436789759115,09:33:56.789,8.9600,1000
34436789759115,09:33:56.789,8.9600,200
34436789759115,09:33:56.789,8.9600,3000
34436789759115,09:33:56.789,8.9600,100
34436789759115,09:33:56.789,8.9600,600
34436789759115,09:33:56.789,8.9600,400
34436789759115,09:33:56.789,8.9600,2000
34436789759115,09:33:56.789,8.9600,100
34436789759115,09:33:56.789,8.9600,400
34436789759115,09:33:56.789,8.9600,100
34436789759115,09:33:56.789,8.9600,1500
34436789759115,09:33:56.789,8.9600,700
34436789759115,09:33:56.789,8.9600,200
34436827061344,09:33:56.827,8.9600,100
34438017578384,09:33:58.017,8.9550,600
34441632116539,09:34:01.632,8.9500,600
34441632116539,09:34:01.632,8.9500,100
34441632116539,09:34:01.632,8.9500,100
34441632116539,09:34:01.632,8.9500,1800
34441632116539,09:34:01.632,8.9500,1800
34441632116539,09:34:01.632,8.9500,400
34441632116539,09:34:01.632,8.9500,100
34441632116539,09:34:01.632,8.9500,200
34441669980086,09:34:01.669,8.9500,100
34441674067929,09:34:01.674,8.9500,400
34441674067929,09:34:01.674,8.9500,100
34441674586255,09:34:01.674,8.9500,200
34441674586255,09:34:01.674,8.9500,100
34441674903054,09:34:01.674,8.9500,100
34441676391138,09:34:01.676,8.9500,200
34441676420515,09:34:01.676,8.9500,200
34441676420515,09:34:01.676,8.9500,97
34441676420515,09:34:01.676,8.9500,2400
34441676420515,09:34:01.676,8.9500,1117
34441676420515,09:34:01.676,8.9500,700
34441707518008,09:34:01.707,8.9500,1500
34441707518008,09:34:01.707,8.9500,400
34441707518008,09:34:01.707,8.9500,3000
34441707518008,09:34:01.707,8.9500,100
34441707518008,09:34:01.707,8.9500,700
34441707518008,09:34:01.707,8.9500,2400
34441707518008,09:34:01.707,8.9500,200
34441707518008,09:34:01.707,8.9500,100
34441963867841,09:34:01.963,8.9450,300
34441970716967,09:34:01.970,8.9450,300
34442945014747,09:34:02.945,8.9450,100
34442945018326,09:34:02.945,8.9450,100
34445996503499,09:34:05.996,8.9500,5000
34445996503499,09:34:05.996,8.9500,700
34445996503499,09:34:05.996,8.9500,200
34445996503499,09:34:05.996,8.9500,100
34445996906017,09:34:05.996,8.9500,100
34450215055588,09:34:10.215,8.9550,300
34457286484680,09:34:17.286,8.9500,700
34457286484680,09:34:17.286,8.9500,200
34457286484680,09:34:17.286,8.9500,100
34457286484680,09:34:17.286,8.9500,100
34457286484680,09:34:17.286,8.9500,100
34457286484680,09:34:17.286,8.9500,100
34457315240136,09:34:17.315,8.9500,100
34458642988617,09:34:18.642,8.9500,100
34460831226759,09:34:20.831,8.9500,600
34460831226759,09:34:20.831,8.9500,200
34460831226759,09:34:20.831,8.9500,1200
34460831687319,09:34:20.831,8.9500,600
34471728038576,09:34:31.728,8.9450,300
34472215784997,09:34:32.215,8.9450,300
34472222358999,09:34:32.222,8.9450,500
34479341072082,09:34:39.341,8.9400,600
34479341072082,09:34:39.341,8.9400,200
34479341138617,09:34:39.341,8.9400,1100
34479341138617,09:34:39.341,8.9400,500
34479341138617,09:34:39.341,8.9400,1423
34479342067910,09:34:39.342,8.9400,377
34479342067910,09:34:39.342,8.9400,100
34479342067910,09:34:39.342,8.9400,100
34479342067910,09:34:39.342,8.9400,100
34479342067910,09:34:39.342,8.9400,100
34479342067910,09:34:39.342,8.9400,23
34479342839847,09:34:39.342,8.9400,477
34480030035130,09:34:40.030,8.9350,300
34480119192756,09:34:40.119,8.9350,100
34480345453532,09:34:40.345,8.9350,300
34480556029305,09:34:40.556,8.9350,100
34482370672207,09:34:42.370,8.9350,500
34482370672207,09:34:42.370,8.9350,100
34483280342030,09:34:43.280,8.9350,100
34483281892076,09:34:43.281,8.9350,100
34485733039462,09:34:45.733,8.9350,300
34490399071320,09:34:50.399,8.9300,500
34490399071320,09:34:50.399,8.9300,100
34493400117863,09:34:53.400,8.9300,1700
34493400117863,09:34:53.400,8.9300,500
34493400117863,09:34:53.400,8.9300,100
34493400117863,09:34:53.400,8.9300,100
34493400117863,09:34:53.400,8.9300,18
34493400183022,09:34:53.400,8.9300,1
34493400197910,09:34:53.400,8.9300,81
34493416512006,09:34:53.416,8.9200,300
34493416512006,09:34:53.416,8.9200,100
34493416694773,09:34:53.416,8.9200,300
34493416694773,09:34:53.416,8.9200,100
34493416916467,09:34:53.416,8.9200,700
34493416916467,09:34:53.416,8.9200,2400
34493416916467,09:34:53.416,8.9200,100
34493416916467,09:34:53.416,8.9200,300
34493416916467,09:34:53.416,8.9200,700
34493416916467,09:34:53.416,8.9200,200
34493420684391,09:34:53.420,8.9200,1800
34493437619565,09:34:53.437,8.9200,493
34493437672442,09:34:53.437,8.9200,100
34493437672442,09:34:53.437,8.9200,700
34494077071817,09:34:54.077,8.9250,200
34494426404667,09:34:54.426,8.9250,600
34494426404667,09:34:54.426,8.9200,100
34499616763241,09:34:59.616,8.9250,400
34501436568927,09:35:01.436,8.9250,300
34501436568927,09:35:01.436,8.9200,300
34501436568927,09:35:01.436,8.9200,400
34501436568927,09:35:01.436,8.9200,300
34503247990464,09:35:03.247,8.9300,108
34505122321813,09:35:05.122,8.9250,300
34505462843596,09:35:05.462,8.9250,100
34505462843596,09:35:05.462,8.9250,300
34505462843596,09:35:05.462,8.9250,300
34507815392875,09:35:07.815,8.9250,100
34507815392875,09:35:07.815,8.9250,100
34507816666453,09:35:07.816,8.9250,200
34509481244074,09:35:09.481,8.9250,600
34511878073505,09:35:11.878,8.9300,100
34516506586119,09:35:16.506,8.9250,100
34516506586119,09:35:16.506,8.9250,100
34516506586119,09:35:16.506,8.9200,400
34516506586119,09:35:16.506,8.9200,100
34516506586119,09:35:16.506,8.9200,100
34516506586119,09:35:16.506,8.9200,500
34520523406851,09:35:20.523,8.9250,6
34522228355443,09:35:22.228,8.9200,700
34522228355443,09:35:22.228,8.9200,100
34522228355443,09:35:22.228,8.9200,100
34522228355443,09:35:22.228,8.9200,100
34522228355443,09:35:22.228,8.9200,100
34522228355443,09:35:22.228,8.9200,500
34522228355443,09:35:22.228,8.9200,1800
34522228355443,09:35:22.228,8.9200,200
34522228355443,09:35:22.228,8.9200,2400
34522228355443,09:35:22.228,8.9200,639
34522228355443,09:35:22.228,8.9200,1200
34522228355443,09:35:22.228,8.9200,200
34522228355443,09:35:22.228,8.9200,100
34524417598907,09:35:24.417,8.9150,300
34524417598907,09:35:24.417,8.9150,400
34524424462660,09:35:24.424,8.9150,300
34524649624737,09:35:24.649,8.9200,400
34525152513504,09:35:25.152,8.9250,300
34526136190944,09:35:26.136,8.9200,200
34526136190944,09:35:26.136,8.9200,1700
34526136190944,09:35:26.136,8.9200,700
34526136190944,09:35:26.136,8.9200,200
34527286066527,09:35:27.286,8.9100,100
34531941018289,09:35:31.941,8.9100,600
34531941018289,09:35:31.941,8.9100,200
34531941018289,09:35:31.941,8.9100,100
34531941018289,09:35:31.941,8.9100,100
34541496073738,09:35:41.496,8.9050,600
34554509766377,09:35:54.509,8.9050,100
34554884248125,09:35:54.884,8.9050,300
34554903975127,09:35:54.903,8.9050,100
34561514711309,09:36:01.514,8.9100,700
34561514711309,09:36:01.514,8.9100,100
34561516026614,09:36:01.516,8.9100,100
34561516026614,09:36:01.516,8.9100,700
34561516026614,09:36:01.516,8.9100,605
34563247683875,09:36:03.247,8.9100,108
34569275990487,09:36:09.275,8.9100,695
34569276028775,09:36:09.276,8.9100,5
34569276028775,09:36:09.276,8.9100,65
34569278119319,09:36:09.278,8.9100,1600
34569278119319,09:36:09.278,8.9100,100
34569279311742,09:36:09.279,8.9100,300
34569279311742,09:36:09.279,8.9100,400
34570818713295,09:36:10.818,8.9050,600
34617213203742,09:36:57.213,8.9100,100
34617213203742,09:36:57.213,8.9100,100
34617213203742,09:36:57.213,8.9100,100
34617213203742,09:36:57.213,8.9100,100
34617213203742,09:36:57.213,8.9100,400
34617213495485,09:36:57.213,8.9100,100
34622805562991,09:37:02.805,8.9100,700
34622805562991,09:37:02.805,8.9100,200
34622805562991,09:37:02.805,8.9100,200
34622805562991,09:37:02.805,8.9100,300
34622805562991,09:37:02.805,8.9100,100
34622805562991,09:37:02.805,8.9100,500
34622805562991,09:37:02.805,8.9100,735
34622805562991,09:37:02.805,8.9100,900
34622805562991,09:37:02.805,8.9100,400
34622805562991,09:37:02.805,8.9100,165
34622805594205,09:37:02.805,8.9100,300
34622805594205,09:37:02.805,8.9100,200
34622805594982,09:37:02.805,8.9100,500
34622805809946,09:37:02.805,8.9100,235
34622805960931,09:37:02.805,8.9100,800
34622806205910,09:37:02.806,8.9150,400
34622806357872,09:37:02.806,8.9150,800
34622806752128,09:37:02.806,8.9150,800
34622807152480,09:37:02.807,8.9150,165
34622808334075,09:37:02.808,8.9150,635
34622808718720,09:37:02.808,8.9150,800
34622809118122,09:37:02.809,8.9150,800
34622809510876,09:37:02.809,8.9150,800
34622809904859,09:37:02.809,8.9150,565
34622809904859,09:37:02.809,8.9150,100
34622810810545,09:37:02.810,8.9150,135
34622811190045,09:37:02.811,8.9150,800
34623248553369,09:37:03.248,8.9200,108
34623322539812,09:37:03.322,8.9200,592
34623322539812,09:37:03.322,8.9200,900
34623322539812,09:37:03.322,8.9200,800
34623322539812,09:37:03.322,8.9200,2230
34623322599365,09:37:03.322,8.9200,500
34623322599365,09:37:03.322,8.9200,170
34623322623876,09:37:03.322,8.9200,670
34623322630992,09:37:03.322,8.9200,60
34623322630992,09:37:03.322,8.9200,440
34623322723818,09:37:03.322,8.9200,170
34623324075843,09:37:03.324,8.9200,330
34623324075843,09:37:03.324,8.9200,800
34623851839154,09:37:03.851,8.9250,300
34625329541000,09:37:05.329,8.9250,100
34625329541000,09:37:05.329,8.9250,200
34630776836261,09:37:10.776,8.9300,300
34630776836261,09:37:10.776,8.9300,1600
34630776836261,09:37:10.776,8.9300,400
34630776836261,09:37:10.776,8.9300,200
34630776836261,09:37:10.776,8.9300,700
34630776888068,09:37:10.776,8.9300,700
34630776888068,09:37:10.776,8.9300,200
34630776888068,09:37:10.776,8.9300,1000
34631072309224,09:37:11.072,8.9350,100
34634231056135,09:37:14.231,8.9400,3000
34634231056135,09:37:14.231,8.9400,3000
34634231056135,09:37:14.231,8.9400,400
34634231056135,09:37:14.231,8.9400,700
34634231056135,09:37:14.231,8.9400,200
34634231056135,09:37:14.231,8.9400,100
34634231056135,09:37:14.231,8.9400,2600
34634231056135,09:37:14.231,8.9400,300
34634231056135,09:37:14.231,8.9400,100
34634231085393,09:37:14.231,8.9400,600
34634231085393,09:37:14.231,8.9400,800
34640341057591,09:37:20.341,8.9450,100
34641876990370,09:37:21.876,8.9450,600
34641876990370,09:37:21.876,8.9400,800
34641876990370,09:37:21.876,8.9400,2200
34641876990370,09:37:21.876,8.9400,1700
34641876990370,09:37:21.876,8.9400,2333
34641877027178,09:37:21.877,8.9400,300
34641877036008,09:37:21.877,8.9400,567
34641877036008,09:37:21.877,8.9400,700
34641877036008,09:37:21.877,8.9400,300
34641877358772,09:37:21.877,8.9400,567
34644072808062,09:37:24.072,8.9450,100
34645775050708,09:37:25.775,8.9450,100
34647212566862,09:37:27.212,8.9450,400
34653873119179,09:37:33.873,8.9450,100
34668175334412,09:37:48.175,8.9500,700
34668175363805,09:37:48.175,8.9500,400
34668175363805,09:37:48.175,8.9500,700
34668175363805,09:37:48.175,8.9500,200
34668175363805,09:37:48.175,8.9500,1600
34668175363805,09:37:48.175,8.9500,6400
34668175363805,09:37:48.175,8.9500,200
34668175363805,09:37:48.175,8.9500,100
34668175363805,09:37:48.175,8.9500,100
34668175363805,09:37:48.175,8.9500,3900
34668175363805,09:37:48.175,8.9500,2300
34668175363805,09:37:48.175,8.9500,3000
34668175363805,09:37:48.175,8.9500,300
34668175363805,09:37:48.175,8.9500,100
34668175363805,09:37:48.175,8.9500,1200
34668175402281,09:37:48.175,8.9500,500
34668175402281,09:37:48.175,8.9500,100
34668175402281,09:37:48.175,8.9500,100
34668175402281,09:37:48.175,8.9500,1900
34668175402281,09:37:48.175,8.9500,700
34668175437410,09:37:48.175,8.9500,400
34668175772336,09:37:48.175,8.9500,3000
34668175772336,09:37:48.175,8.9500,3000
34668175772336,09:37:48.175,8.9500,300
34668175772336,09:37:48.175,8.9500,100
34668175772336,09:37:48.175,8.9500,200
34668175772336,09:37:48.175,8.9500,900
34668175772336,09:37:48.175,8.9500,380
34668176420856,09:37:48.176,8.9500,1524
34668176503499,09:37:48.176,8.9500,1476
34668176503499,09:37:48.176,8.9500,48
34668176511934,09:37:48.176,8.9500,100
34668176579864,09:37:48.176,8.9500,152
34668179936078,09:37:48.179,8.9500,600
34668179936078,09:37:48.179,8.9500,300
34668179936078,09:37:48.179,8.9500,100
34668179936078,09:37:48.179,8.9500,742
34668180025525,09:37:48.180,8.9500,1300
34668196616574,09:37:48.196,8.9500,100
34668213064037,09:37:48.213,8.9500,1800
34668233377453,09:37:48.233,8.9500,6000
34668233382224,09:37:48.233,8.9500,400
34668233422797,09:37:48.233,8.9500,3658
34668234040218,09:37:48.234,8.9500,900
34668234267279,09:37:48.234,8.9500,3700
34675482027082,09:37:55.482,8.9500,600
34675482280672,09:37:55.482,8.9500,300
34675482280672,09:37:55.482,8.9500,2000
34675482280672,09:37:55.482,8.9500,500
34675482280672,09:37:55.482,8.9500,200
34675482280672,09:37:55.482,8.9500,200
34675482280672,09:37:55.482,8.9500,700
34675482464689,09:37:55.482,8.9500,100
34675482464689,09:37:55.482,8.9500,900
34683249545384,09:38:03.249,8.9600,108
34683249872240,09:38:03.249,8.9600,1892
34683249872240,09:38:03.249,8.9600,1900
34683249872240,09:38:03.249,8.9600,100
34683249872240,09:38:03.249,8.9600,100
34683249884204,09:38:03.249,8.9600,900
34683790647206,09:38:03.790,8.9700,100
34684604528028,09:38:04.604,8.9650,400
34684604528028,09:38:04.604,8.9650,400
34684604970697,09:38:04.604,8.9650,200
34684604970697,09:38:04.604,8.9650,400
34684869643827,09:38:04.869,8.9650,400
34684869643827,09:38:04.869,8.9700,4400
34684869643827,09:38:04.869,8.9700,700
34684869643827,09:38:04.869,8.9700,100
34684869643827,09:38:04.869,8.9700,1800
34684869643827,09:38:04.869,8.9700,200
34684869643827,09:38:04.869,8.9700,1000
34684869643827,09:38:04.869,8.9700,400
34684869663849,09:38:04.869,8.9700,8700
34684869681185,09:38:04.869,8.9700,100
34684870687103,09:38:04.870,8.9700,100
34684870687103,09:38:04.870,8.9700,700
34684870710708,09:38:04.870,8.9700,300
34684870739106,09:38:04.870,8.9700,100
34684870852912,09:38:04.870,8.9700,400
34684870852912,09:38:04.870,8.9700,100
34684870852912,09:38:04.870,8.9700,3200
34684870852912,09:38:04.870,8.9700,300
34684870852912,09:38:04.870,8.9700,1000
34684871028527,09:38:04.871,8.9700,714
34699310632251,09:38:19.310,8.9700,100
34699310632251,09:38:19.310,8.9700,800
34699310632251,09:38:19.310,8.9700,700
34699310632251,09:38:19.310,8.9700,100
34699310632251,09:38:19.310,8.9700,300
34699310755617,09:38:19.310,8.9700,100
34699310755617,09:38:19.310,8.9700,100
34699310755617,09:38:19.310,8.9700,710
34699310781741,09:38:19.310,8.9700,390
34699310781741,09:38:19.310,8.9700,10
34699310849267,09:38:19.310,8.9700,100
34699310899737,09:38:19.310,8.9700,300
34699310899737,09:38:19.310,8.9700,100
34699311198696,09:38:19.311,8.9700,300
34699312242897,09:38:19.312,8.9700,100
34701074312128,09:38:21.074,8.9700,700
34701074312128,09:38:21.074,8.9700,100
34701074312128,09:38:21.074,8.9700,100
34701074312128,09:38:21.074,8.9700,100
34701074735912,09:38:21.074,8.9700,100
34701074735912,09:38:21.074,8.9700,100
34701074735912,09:38:21.074,8.9700,200
34701074735912,09:38:21.074,8.9700,500
34701076145991,09:38:21.076,8.9700,400
34701076145991,09:38:21.076,8.9700,100
34701076145991,09:38:21.076,8.9700,200
34702215028750,09:38:22.215,8.9700,100
34702216040468,09:38:22.216,8.9700,100
34702216680804,09:38:22.216,8.9700,100
34702216680804,09:38:22.216,8.9700,200
34702216680804,09:38:22.216,8.9700,1000
34702222072612,09:38:22.222,8.9700,3000
34702222072612,09:38:22.222,8.9700,900
34702222072612,09:38:22.222,8.9700,33
34703955548645,09:38:23.955,8.9700,1000
34703955548645,09:38:23.955,8.9700,100
34703955548645,09:38:23.955,8.9700,1100
34703955650458,09:38:23.955,8.9700,1700
34703955659882,09:38:23.955,8.9700,100
34703955745883,09:38:23.955,8.9700,900
34703955745883,09:38:23.955,8.9700,100
34703955745883,09:38:23.955,8.9700,2800
34703955745883,09:38:23.955,8.9700,300
34703955745883,09:38:23.955,8.9700,200
34703955745883,09:38:23.955,8.9700,1000
34703955745883,09:38:23.955,8.9700,1500
34703955809288,09:38:23.955,8.9700,800
34703957191804,09:38:23.957,8.9700,2000
34703957191804,09:38:23.957,8.9700,300
34703957191804,09:38:23.957,8.9700,1000
34703957353137,09:38:23.957,8.9750,400
34703957530737,09:38:23.957,8.9750,4100
34703957530737,09:38:23.957,8.9700,200
34703957530737,09:38:23.957,8.9700,500
34703957530737,09:38:23.957,8.9700,1000
34703957672524,09:38:23.957,8.9700,2800
34703957672524,09:38:23.957,8.9700,500
34703957672524,09:38:23.957,8.9700,1000
34703957672524,09:38:23.957,8.9700,200
34703957672524,09:38:23.957,8.9700,1000
34703957672524,09:38:23.957,8.9700,1000
34703957672524,09:38:23.957,8.9700,1059
34703959167780,09:38:23.959,8.9750,400
34703959651129,09:38:23.959,8.9750,8600
34703959651129,09:38:23.959,8.9700,200
34703959651129,09:38:23.959,8.9700,2800
34703959651129,09:38:23.959,8.9700,1000
34703959651129,09:38:23.959,8.9700,700
34703961514948,09:38:23.961,8.9700,300
34703961540722,09:38:23.961,8.9700,600
34703961540722,09:38:23.961,8.9700,2800
34703961540722,09:38:23.961,8.9700,200
34703961540722,09:38:23.961,8.9700,1000
34703961540722,09:38:23.961,8.9700,100
34703961540722,09:38:23.961,8.9700,100
34703961540722,09:38:23.961,8.9700,3700
34703961607381,09:38:23.961,8.9700,200
34703964408369,09:38:23.964,8.9700,900
34703964408369,09:38:23.964,8.9700,2800
34703964408369,09:38:23.964,8.9700,2800
34703964408369,09:38:23.964,8.9700,200
34703964408369,09:38:23.964,8.9700,1100
34703964408369,09:38:23.964,8.9700,400
34703964408369,09:38:23.964,8.9700,100
34706455485876,09:38:26.455,8.9700,1100
34706455485876,09:38:26.455,8.9700,100
34706455485876,09:38:26.455,8.9700,200
34706455666186,09:38:26.455,8.9700,100
34706455666186,09:38:26.455,8.9700,100
34706455832945,09:38:26.455,8.9700,900
34706455832945,09:38:26.455,8.9700,300
34706455832945,09:38:26.455,8.9700,1000
34706455832945,09:38:26.455,8.9700,1100
34706455832945,09:38:26.455,8.9700,500
34711779568620,09:38:31.779,8.9700,1000
34711779568620,09:38:31.779,8.9700,100
34711779568620,09:38:31.779,8.9700,1000
34711779568620,09:38:31.779,8.9700,1200
34711779568620,09:38:31.779,8.9700,200
34717266300101,09:38:37.266,8.9700,100
34717266300101,09:38:37.266,8.9700,100
34717266300101,09:38:37.266,8.9700,600
34717266300101,09:38:37.266,8.9700,500
34717266300101,09:38:37.266,8.9700,600
34717266300101,09:38:37.266,8.9700,100
34717266300101,09:38:37.266,8.9700,349
34717266465540,09:38:37.266,8.9700,300
34717266533328,09:38:37.266,8.9700,1000
34717266533328,09:38:37.266,8.9700,200
34717266533328,09:38:37.266,8.9700,4300
34717266533328,09:38:37.266,8.9700,1100
34717266712641,09:38:37.266,8.9700,1100
34717267022220,09:38:37.267,8.9700,500
34717267022220,09:38:37.267,8.9700,1830
34717267657482,09:38:37.267,8.9700,100
34718358010534,09:38:38.358,8.9700,1100
34718358010534,09:38:38.358,8.9700,100
34718358206133,09:38:38.358,8.9700,100
34718358206133,09:38:38.358,8.9700,1100
34718358206133,09:38:38.358,8.9700,100
34718358417260,09:38:38.358,8.9700,1000
34718358417260,09:38:38.358,8.9700,300
34718358417260,09:38:38.358,8.9700,400
34718358417260,09:38:38.358,8.9700,1100
34718358417260,09:38:38.358,8.9700,400
34718894186616,09:38:38.894,8.9700,100
34718894186616,09:38:38.894,8.9700,709
34718894360624,09:38:38.894,8.9700,1300
34718894420976,09:38:38.894,8.9700,1000
34718894420976,09:38:38.894,8.9700,3900
34718894420976,09:38:38.894,8.9700,200
34718894420976,09:38:38.894,8.9700,1100
34718894420976,09:38:38.894,8.9700,400
34718894518355,09:38:38.894,8.9700,1000
34718894518355,09:38:38.894,8.9700,200
34718894518355,09:38:38.894,8.9700,200
34718894518355,09:38:38.894,8.9700,500
34718894660282,09:38:38.894,8.9700,100
34718899238106,09:38:38.899,8.9700,200
34718901048607,09:38:38.901,8.9700,2400
34718901048607,09:38:38.901,8.9700,200
34718901048607,09:38:38.901,8.9700,1100
34718901048607,09:38:38.901,8.9700,400
34718902101124,09:38:38.902,8.9700,2300
34718902101124,09:38:38.902,8.9700,1000
34718902101124,09:38:38.902,8.9700,200
34718902101124,09:38:38.902,8.9700,900
34718902101124,09:38:38.902,8.9700,885
34718902101124,09:38:38.902,8.9700,420
34718902101124,09:38:38.902,8.9700,1100
34718902101124,09:38:38.902,8.9700,400
34722214919467,09:38:42.214,8.9700,1100
34722214919467,09:38:42.214,8.9700,100
34722215074727,09:38:42.215,8.9700,100
34722215074727,09:38:42.215,8.9700,1100
34722215074727,09:38:42.215,8.9700,100
34722215573195,09:38:42.215,8.9700,1100
34722215573195,09:38:42.215,8.9700,300
34722216175906,09:38:42.216,8.9750,400
34722216175906,09:38:42.216,8.9750,200
34722216175906,09:38:42.216,8.9750,400
34722216175906,09:38:42.216,8.9800,4030
34722216181628,09:38:42.216,8.9700,200
34722216181628,09:38:42.216,8.9700,200
34722216181628,09:38:42.216,8.9700,200
34722216181628,09:38:42.216,8.9700,1100
34722216181628,09:38:42.216,8.9700,400
34722216181628,09:38:42.216,8.9700,500
34722216582555,09:38:42.216,8.9800,4970
34722216582555,09:38:42.216,8.9800,1541
34722216582555,09:38:42.216,8.9800,600
34722216582555,09:38:42.216,8.9800,1600
34722216582555,09:38:42.216,8.9800,200
34722216582555,09:38:42.216,8.9800,1700
34722216582555,09:38:42.216,8.9800,500
34722216585993,09:38:42.216,8.9800,15441
34722216633215,09:38:42.216,8.9800,200
34722216643314,09:38:42.216,8.9800,300
34722216643314,09:38:42.216,8.9800,500
34722216643314,09:38:42.216,8.9800,200
34722216643314,09:38:42.216,8.9800,500
34722216941475,09:38:42.216,8.9800,500
34722216941475,09:38:42.216,8.9800,500
34722217815963,09:38:42.217,8.9750,170
34722217815963,09:38:42.217,8.9750,230
34722217815963,09:38:42.217,8.9700,200
34722217815963,09:38:42.217,8.9700,1100
34722217815963,09:38:42.217,8.9700,100
34722217815963,09:38:42.217,8.9700,900
34722217815963,09:38:42.217,8.9700,100
34722217815963,09:38:42.217,8.9700,100
34722217815963,09:38:42.217,8.9700,100
34722217830932,09:38:42.217,8.9700,500
34722217830932,09:38:42.217,8.9700,300
34722217830932,09:38:42.217,8.9700,100
34722218124301,09:38:42.218,8.9700,500
34722218126817,09:38:42.218,8.9700,300
34722218897607,09:38:42.218,8.9700,1100
34722221241251,09:38:42.221,8.9700,200
34722221241251,09:38:42.221,8.9700,1100
34722221241251,09:38:42.221,8.9700,1700
34722221909095,09:38:42.221,8.9700,300
34722221909095,09:38:42.221,8.9700,500
34722221909095,09:38:42.221,8.9700,1100
34722572103273,09:38:42.572,8.9700,100
34722572129442,09:38:42.572,8.9700,100
34722572129442,09:38:42.572,8.9700,1100
34722572129442,09:38:42.572,8.9700,3600
34722572129442,09:38:42.572,8.9700,100
34722572140986,09:38:42.572,8.9700,500
34722572309586,09:38:42.572,8.9700,1000
34722572309586,09:38:42.572,8.9700,100
34722572309586,09:38:42.572,8.9700,300
34722572309586,09:38:42.572,8.9700,100
34722572309586,09:38:42.572,8.9700,400
34722572309586,09:38:42.572,8.9700,300
34722572309586,09:38:42.572,8.9700,200
34722572309586,09:38:42.572,8.9700,700
34722572309586,09:38:42.572,8.9700,200
34722572309586,09:38:42.572,8.9700,900
34722572309586,09:38:42.572,8.9700,400
34723857836327,09:38:43.857,8.9700,100
34725013564688,09:38:45.013,8.9700,1000
34725013564688,09:38:45.013,8.9700,1800
34725013564688,09:38:45.013,8.9700,700
34725013564688,09:38:45.013,8.9700,100
34725013752859,09:38:45.013,8.9700,100
34725013752859,09:38:45.013,8.9700,100
34725013752859,09:38:45.013,8.9700,1100
34725013894525,09:38:45.013,8.9700,1400
34725013956621,09:38:45.013,8.9700,1000
34725013956621,09:38:45.013,8.9700,200
34725013956621,09:38:45.013,8.9700,300
34725013956621,09:38:45.013,8.9700,400
34725013956621,09:38:45.013,8.9700,1100
34725013956621,09:38:45.013,8.9700,900
34725013956621,09:38:45.013,8.9700,400
34727308107410,09:38:47.308,8.9700,300
34728595268142,09:38:48.595,8.9700,200
34728676756472,09:38:48.676,8.9700,500
34728676927179,09:38:48.676,8.9700,100
34728677043170,09:38:48.677,8.9700,1200
34728677058699,09:38:48.677,8.9700,1400
34728677133980,09:38:48.677,8.9700,500
34728677133980,09:38:48.677,8.9700,300
34728677133980,09:38:48.677,8.9700,200
34728677133980,09:38:48.677,8.9700,1000
34728677133980,09:38:48.677,8.9700,200
34728677133980,09:38:48.677,8.9700,500
34728677133980,09:38:48.677,8.9700,200
34728677133980,09:38:48.677,8.9700,1100
34728677133980,09:38:48.677,8.9700,400
34728677377495,09:38:48.677,8.9700,100
34728678044630,09:38:48.678,8.9700,1200
34728678364621,09:38:48.678,8.9700,1000
34728678364621,09:38:48.678,8.9700,1000
34728678364621,09:38:48.678,8.9700,300
34728678364621,09:38:48.678,8.9700,1100
34728678364621,09:38:48.678,8.9700,200
34731593030769,09:38:51.593,8.9700,300
34731593030769,09:38:51.593,8.9700,100
34731593030769,09:38:51.593,8.9700,300
34731593567192,09:38:51.593,8.9700,1100
34731593567192,09:38:51.593,8.9700,300
34731702265550,09:38:51.702,8.9750,300
34738638398180,09:38:58.638,8.9800,600
34738638398180,09:38:58.638,8.9800,100
34738638398180,09:38:58.638,8.9800,500
34738638398180,09:38:58.638,8.9800,600
34739045277752,09:38:59.045,8.9800,200
34739045302126,09:38:59.045,8.9800,300
34739045302126,09:38:59.045,8.9800,600
34739068346624,09:38:59.068,8.9800,100
34739068346624,09:38:59.068,8.9800,100
34739068346624,09:38:59.068,8.9800,100
34740157473003,09:39:00.157,8.9750,600
34740157473003,09:39:00.157,8.9750,400
34740157473003,09:39:00.157,8.9700,200
34740157473003,09:39:00.157,8.9700,1100
34740157473003,09:39:00.157,8.9700,600
34740157473003,09:39:00.157,8.9700,400
34740157473003,09:39:00.157,8.9700,800
34740157473003,09:39:00.157,8.9700,200
34740157473003,09:39:00.157,8.9700,2700
34740157473003,09:39:00.157,8.9700,1600
34740157473003,09:39:00.157,8.9700,885
34740157473003,09:39:00.157,8.9700,100
34740158914089,09:39:00.158,8.9700,100
34740158914089,09:39:00.158,8.9700,2000
34740158914089,09:39:00.158,8.9700,1100
34740158914089,09:39:00.158,8.9700,500
34740659305228,09:39:00.659,8.9700,1100
34740659305228,09:39:00.659,8.9700,929
34740672213536,09:39:00.672,8.9700,300
34740764200587,09:39:00.764,8.9700,100
34741000875700,09:39:01.000,8.9700,100
34741750455852,09:39:01.750,8.9700,1100
34741750812442,09:39:01.750,8.9700,200
34742001334799,09:39:02.001,8.9700,500
34742001334799,09:39:02.001,8.9700,200
34743250015973,09:39:03.250,8.9700,108
34748287908573,09:39:08.287,8.9650,400
34748287908573,09:39:08.287,8.9700,400
34748287908573,09:39:08.287,8.9700,500
34748288121360,09:39:08.288,8.9700,1200
34748288121360,09:39:08.288,8.9700,600
34748288121360,09:39:08.288,8.9700,400
34748288121360,09:39:08.288,8.9700,800
34748288121360,09:39:08.288,8.9700,400
34748288841545,09:39:08.288,8.9700,100
34748288841545,09:39:08.288,8.9700,700
34748526118175,09:39:08.526,8.9700,100
34748548134879,09:39:08.548,8.9700,200
34750076627303,09:39:10.076,8.9700,100
34762096202219,09:39:22.096,8.9700,100
34762096202219,09:39:22.096,8.9700,2300
34762096202219,09:39:22.096,8.9700,300
34762096431867,09:39:22.096,8.9700,40
34762101722469,09:39:22.101,8.9700,500
34773362410766,09:39:33.362,8.9700,100
34773362410766,09:39:33.362,8.9700,100
34773935231365,09:39:33.935,8.9700,300
34775148017623,09:39:35.148,8.9700,200
34779077431006,09:39:39.077,8.9800,1500
34779077431006,09:39:39.077,8.9800,800
34779077431006,09:39:39.077,8.9800,100
34779077518710,09:39:39.077,8.9800,100
34779077518710,09:39:39.077,8.9800,300
34779077518710,09:39:39.077,8.9800,500
34779077566909,09:39:39.077,8.9800,100
34779077572981,09:39:39.077,8.9800,200
34779077885965,09:39:39.077,8.9800,200
34779078108895,09:39:39.078,8.9800,100
34779078209215,09:39:39.078,8.9800,100
34779078246467,09:39:39.078,8.9800,100
34779078266156,09:39:39.078,8.9800,100
34779078288564,09:39:39.078,8.9800,100
34779079374139,09:39:39.079,8.9800,100
34779079374139,09:39:39.079,8.9800,700
34779079374139,09:39:39.079,8.9800,100
34779079374139,09:39:39.079,8.9800,1000
34779079374139,09:39:39.079,8.9800,300
34781110016277,09:39:41.110,8.9800,1000
34781110016277,09:39:41.110,8.9800,1000
34781110016277,09:39:41.110,8.9800,100
34781110016277,09:39:41.110,8.9800,1200
34781112218984,09:39:41.112,8.9800,500
34781112218984,09:39:41.112,8.9800,100
34781985660063,09:39:41.985,8.9800,100
34781985660063,09:39:41.985,8.9800,100
34781986384712,09:39:41.986,8.9800,100
34781986384712,09:39:41.986,8.9800,100
34781986384712,09:39:41.986,8.9800,300
34781986384712,09:39:41.986,8.9800,100
34781986384712,09:39:41.986,8.9800,500
34781987404061,09:39:41.987,8.9800,200
34781987404061,09:39:41.987,8.9800,100
34781987404061,09:39:41.987,8.9800,300
34781987404061,09:39:41.987,8.9800,200
34781987404061,09:39:41.987,8.9800,1000
34781987404061,09:39:41.987,8.9800,700
34781987595682,09:39:41.987,8.9800,200
34781987623892,09:39:41.987,8.9800,400
34781987640822,09:39:41.987,8.9800,100
34781989065950,09:39:41.989,8.9800,1000
34781989065950,09:39:41.989,8.9800,200
34781995633166,09:39:41.995,8.9800,500
34781995633166,09:39:41.995,8.9800,300
34781995633166,09:39:41.995,8.9800,1000
34781995633166,09:39:41.995,8.9800,2000
34781995633166,09:39:41.995,8.9800,100
34781995633166,09:39:41.995,8.9800,1400
34781995711100,09:39:41.995,8.9800,100
34781995711100,09:39:41.995,8.9800,500
34781996337855,09:39:41.996,8.9800,800
34781997365784,09:39:41.997,8.9800,300
34781997365784,09:39:41.997,8.9800,1000
34781998780852,09:39:41.998,8.9800,5000
34781998780852,09:39:41.998,8.9800,1000
34781998780852,09:39:41.998,8.9800,300
34781998780852,09:39:41.998,8.9800,1000
34781998780852,09:39:41.998,8.9800,929
34781999004068,09:39:41.999,8.9800,500
34781999004068,09:39:41.999,8.9800,400
34781999004068,09:39:41.999,8.9800,300
34781999004068,09:39:41.999,8.9800,300
34781999883104,09:39:41.999,8.9800,100
34781999883104,09:39:41.999,8.9800,359
34787984137706,09:39:47.984,8.9850,300
34787984274874,09:39:47.984,8.9900,40
34787984274874,09:39:47.984,8.9900,1900
34787984274874,09:39:47.984,8.9900,2800
34787984274874,09:39:47.984,8.9900,1500
34787984274874,09:39:47.984,8.9900,400
34787984274874,09:39:47.984,8.9900,100
34787984274874,09:39:47.984,8.9900,100
34787984274874,09:39:47.984,8.9900,700
34787984274874,09:39:47.984,8.9900,300
34787984699836,09:39:47.984,8.9900,100
34787984699836,09:39:47.984,8.9900,100
34787984699836,09:39:47.984,8.9900,100
34787984699836,09:39:47.984,8.9900,1000
34787984699836,09:39:47.984,8.9900,300
34787984699836,09:39:47.984,8.9900,1900
34787985417389,09:39:47.985,8.9900,100
34787985491664,09:39:47.985,8.9900,100
34787985498059,09:39:47.985,8.9900,100
34787985646514,09:39:47.985,8.9900,100
34787985646514,09:39:47.985,8.9900,100
34787985778044,09:39:47.985,8.9900,100
34787985806373,09:39:47.985,8.9900,100
34787985964685,09:39:47.985,8.9900,500
34787985964685,09:39:47.985,8.9900,300
34787985964685,09:39:47.985,8.9900,200
34787985964685,09:39:47.985,8.9900,200
34787985964685,09:39:47.985,8.9900,1000
34787985964685,09:39:47.985,8.9900,300
34787985964685,09:39:47.985,8.9900,400
34788591363075,09:39:48.591,8.9900,200
34788591363075,09:39:48.591,8.9900,100
34788591363075,09:39:48.591,8.9900,1500
34788591363075,09:39:48.591,8.9900,100
34788591363075,09:39:48.591,8.9900,1100
34790217326581,09:39:50.217,8.9900,100
34795217264557,09:39:55.217,8.9900,100
34795952504704,09:39:55.952,8.9900,748
34795952504704,09:39:55.952,8.9900,152
34798616024097,09:39:58.616,8.9900,48
34798616024097,09:39:58.616,8.9900,652
34798617751352,09:39:58.617,8.9900,100
34799073204877,09:39:59.073,8.9850,100
34799188011613,09:39:59.188,8.9850,100
34799564014622,09:39:59.564,8.9850,300
34802241208687,09:40:02.241,8.9850,100
34803248436777,09:40:03.248,8.9900,108
34805590429216,09:40:05.590,8.9900,41
34806163561401,09:40:06.163,8.9900,559
34806163561401,09:40:06.163,8.9900,141
34807078425546,09:40:07.078,8.9900,59
34807078425546,09:40:07.078,8.9900,200
34807078425546,09:40:07.078,8.9900,200
34807078425546,09:40:07.078,8.9900,200
34807078425546,09:40:07.078,8.9900,141
34807078530482,09:40:07.078,8.9900,200
34807078530482,09:40:07.078,8.9900,200
34807078530482,09:40:07.078,8.9900,100
34807078530482,09:40:07.078,8.9900,59
34807078530482,09:40:07.078,8.9900,41
34807079613895,09:40:07.079,8.9900,700
34807079800395,09:40:07.079,8.9900,100
34807233361743,09:40:07.233,8.9900,100
34807233361743,09:40:07.233,8.9900,200
34809218293880,09:40:09.218,8.9900,100
34809218293880,09:40:09.218,8.9900,200
34809218293880,09:40:09.218,8.9900,200
34811871852063,09:40:11.871,8.9900,400
34811871852063,09:40:11.871,8.9900,100
34811871852063,09:40:11.871,8.9900,500
34811871852063,09:40:11.871,8.9900,200
34811871852063,09:40:11.871,8.9900,200
34811871852063,09:40:11.871,8.9900,400
34811871852063,09:40:11.871,8.9900,359
34811871852063,09:40:11.871,8.9900,900
34811871852063,09:40:11.871,8.9900,600
34811873433744,09:40:11.873,9.0000,90
34811873433744,09:40:11.873,9.0000,95
34811873433744,09:40:11.873,9.0000,2500
34811873433744,09:40:11.873,9.0000,1100
34811873433744,09:40:11.873,9.0000,2000
34811873433744,09:40:11.873,9.0000,100
34811873433744,09:40:11.873,9.0000,1
34811873433744,09:40:11.873,9.0000,200
34811873433744,09:40:11.873,9.0000,2500
34811873433744,09:40:11.873,9.0000,1000
34811873433744,09:40:11.873,9.0000,100
34811873433744,09:40:11.873,9.0000,700
34811873433744,09:40:11.873,9.0000,1000
34811873433744,09:40:11.873,9.0000,100
34811873433744,09:40:11.873,9.0000,100
34811873433744,09:40:11.873,9.0000,1600
34811873433744,09:40:11.873,9.0000,600
34811873433744,09:40:11.873,9.0000,100
34811873433744,09:40:11.873,9.0000,100
34811873433744,09:40:11.873,9.0000,1700
34811873433744,09:40:11.873,9.0000,1000
34811873433744,09:40:11.873,9.0000,280
34811873433744,09:40:11.873,9.0000,100
34811873433744,09:40:11.873,9.0000,100
34811873433744,09:40:11.873,9.0000,100
34811873433744,09:40:11.873,9.0000,100
34811873433744,09:40:11.873,9.0000,200
34811873433744,09:40:11.873,9.0000,200
34811873433744,09:40:11.873,9.0000,900
34811873462449,09:40:11.873,9.0000,8100
34811873462449,09:40:11.873,9.0000,2600
34811873462449,09:40:11.873,9.0000,7966
34811925742156,09:40:11.925,8.9900,1000
34811925742156,09:40:11.925,8.9900,700
34811925742156,09:40:11.925,8.9900,500
34811937928186,09:40:11.937,8.9900,200
34811955547584,09:40:11.955,8.9900,300
34811955547584,09:40:11.955,8.9900,600
34811976270320,09:40:11.976,8.9900,100
34821397627933,09:40:21.397,9.0000,100
34821397627933,09:40:21.397,9.0000,100
34821397627933,09:40:21.397,9.0000,100
34821397627933,09:40:21.397,9.0000,100
34821397627933,09:40:21.397,9.0000,100
34821397627933,09:40:21.397,9.0000,1000
34821397627933,09:40:21.397,9.0000,100
34821397627933,09:40:21.397,9.0000,100
34821397627933,09:40:21.397,9.0000,100
34821397627933,09:40:21.397,9.0000,100
34821397627933,09:40:21.397,9.0000,1000
34821397627933,09:40:21.397,9.0000,100
34821397627933,09:40:21.397,9.0000,200
34821397627933,09:40:21.397,9.0000,100
34821397627933,09:40:21.397,9.0000,6
34821397627933,09:40:21.397,9.0000,100
34821397627933,09:40:21.397,9.0000,900
34821397627933,09:40:21.397,9.0000,2700
34821397627933,09:40:21.397,9.0000,700
34821397627933,09:40:21.397,9.0000,4434
34821397627933,09:40:21.397,9.0000,1060
34821397794139,09:40:21.397,9.0000,200
34821531909979,09:40:21.531,9.0000,100
34821531909979,09:40:21.531,9.0000,100
34821531909979,09:40:21.531,9.0000,100
34821531909979,09:40:21.531,9.0000,100
34821531909979,09:40:21.531,9.0000,400
34830208731354,09:40:30.208,9.0000,600
34830208731354,09:40:30.208,9.0000,2000
34830208731354,09:40:30.208,9.0000,300
34830208731354,09:40:30.208,9.0000,100
34830208731354,09:40:30.208,9.0000,900
34830208731354,09:40:30.208,9.0000,200
34830208731354,09:40:30.208,9.0000,300
34830208731354,09:40:30.208,9.0000,100
34830208731354,09:40:30.208,9.0000,100
34830208731354,09:40:30.208,9.0000,200
34830568462322,09:40:30.568,8.9950,200
34830568462322,09:40:30.568,8.9900,400
34830568462322,09:40:30.568,8.9900,500
34830568462322,09:40:30.568,8.9900,100
34830568462322,09:40:30.568,8.9900,100
34830568462322,09:40:30.568,8.9900,400
34830568462322,09:40:30.568,8.9900,1588
34830568462322,09:40:30.568,8.9900,300
34830568462322,09:40:30.568,8.9900,300
34830568462322,09:40:30.568,8.9900,1012
34831683537817,09:40:31.683,8.9900,588
34831683537817,09:40:31.683,8.9900,1500
34831683537817,09:40:31.683,8.9900,1100
34831683537817,09:40:31.683,8.9900,200
34831683537817,09:40:31.683,8.9900,100
34831683537817,09:40:31.683,8.9900,500
34831683537817,09:40:31.683,8.9900,312
34831683945686,09:40:31.683,8.9900,500
34831683945686,09:40:31.683,8.9900,100
34831683945686,09:40:31.683,8.9900,1000
34831684097287,09:40:31.684,8.9900,200
34831684287430,09:40:31.684,8.9900,100
34831684287430,09:40:31.684,8.9900,100
34831685048013,09:40:31.685,8.9900,400
34831685888765,09:40:31.685,8.9900,300
34831881691170,09:40:31.881,8.9900,700
34831881691170,09:40:31.881,8.9900,100
34831881691170,09:40:31.881,8.9900,500
34832054505227,09:40:32.054,8.9900,100
34833310571230,09:40:33.310,8.9900,188
34833310571230,09:40:33.310,8.9900,1000
34836623658408,09:40:36.623,8.9800,1000
34836623658408,09:40:36.623,8.9800,1900
34836623658408,09:40:36.623,8.9800,400
34836623658408,09:40:36.623,8.9800,400
34836623658408,09:40:36.623,8.9800,400
34836623658408,09:40:36.623,8.9800,400
34836623658408,09:40:36.623,8.9800,4200
34836623658408,09:40:36.623,8.9800,500
34836623658408,09:40:36.623,8.9800,700
34836623658408,09:40:36.623,8.9800,100
34836623658408,09:40:36.623,8.9800,400
34836623658408,09:40:36.623,8.9800,200
34836623658408,09:40:36.623,8.9800,2800
34836623658408,09:40:36.623,8.9800,1300
34836625742859,09:40:36.625,8.9800,500
34836625742859,09:40:36.625,8.9800,400
34836625742859,09:40:36.625,8.9800,400
34836625742859,09:40:36.625,8.9800,400
34836625742859,09:40:36.625,8.9800,100
34836625742859,09:40:36.625,8.9800,700
34836625742859,09:40:36.625,8.9800,1100
34836628943926,09:40:36.628,8.9800,500
34836628943926,09:40:36.628,8.9800,400
34836628943926,09:40:36.628,8.9800,700
34836628943926,09:40:36.628,8.9800,400
34836628943926,09:40:36.628,8.9800,400
34836778200880,09:40:36.778,8.9800,200
34837782444031,09:40:37.782,8.9850,200
34837782444031,09:40:37.782,8.9800,500
34837782444031,09:40:37.782,8.9800,600
34837782444031,09:40:37.782,8.9800,400
34837782444031,09:40:37.782,8.9800,400
34837782444031,09:40:37.782,8.9800,200
34841144404384,09:40:41.144,8.9850,200
34841144404384,09:40:41.144,8.9800,200
34841144404384,09:40:41.144,8.9800,400
34841144404384,09:40:41.144,8.9800,400
34841144404384,09:40:41.144,8.9800,500
34841144404384,09:40:41.144,8.9800,2300
34841144404384,09:40:41.144,8.9800,500
34841144404384,09:40:41.144,8.9800,100
34841144404384,09:40:41.144,8.9800,300
34844601825961,09:40:44.601,8.9700,100
34859039731085,09:40:59.039,8.9700,1800
34859039731085,09:40:59.039,8.9700,1000
34859039731085,09:40:59.039,8.9700,100
34859039731085,09:40:59.039,8.9700,100
34859039731085,09:40:59.039,8.9700,100
34859039731085,09:40:59.039,8.9700,2000
34862036423478,09:41:02.036,8.9750,100
34863246307372,09:41:03.246,8.9750,57
34863246307372,09:41:03.246,8.9800,51
34897511499603,09:41:37.511,8.9700,1000
34897511499603,09:41:37.511,8.9700,100
34897511499603,09:41:37.511,8.9700,100
34897511499603,09:41:37.511,8.9700,900
34897511499603,09:41:37.511,8.9700,6700
34897511533640,09:41:37.511,8.9700,3300
34897511533640,09:41:37.511,8.9700,100
34897511533640,09:41:37.511,8.9700,200
34897511536296,09:41:37.511,8.9700,100
34897513103149,09:41:37.513,8.9650,100
34898512190496,09:41:38.512,8.9700,200
34898512724786,09:41:38.512,8.9700,100
34898512724786,09:41:38.512,8.9700,300
34898512749064,09:41:38.512,8.9700,200
34898512749064,09:41:38.512,8.9700,200
34900183813658,09:41:40.183,8.9700,100
34900183813658,09:41:40.183,8.9700,300
34901219796120,09:41:41.219,8.9700,1100
34901338999176,09:41:41.338,8.9700,600
34901338999176,09:41:41.338,8.9700,400
34901338999176,09:41:41.338,8.9700,1100
34901338999176,09:41:41.338,8.9700,300
34901543222064,09:41:41.543,8.9700,500
34901543222064,09:41:41.543,8.9700,600
34901543222064,09:41:41.543,8.9700,1100
34901543222064,09:41:41.543,8.9700,962
34901544054633,09:41:41.544,8.9700,200
34901544054633,09:41:41.544,8.9700,200
34901545765595,09:41:41.545,8.9700,400
34901547070795,09:41:41.547,8.9700,100
34901547070795,09:41:41.547,8.9700,300
34903351113964,09:41:43.351,8.9650,200
34903351113964,09:41:43.351,8.9650,400
34903351113964,09:41:43.351,8.9600,1500
34903351113964,09:41:43.351,8.9600,700
34903351113964,09:41:43.351,8.9600,400
34903351113964,09:41:43.351,8.9600,100
34903351113964,09:41:43.351,8.9600,100
34903351113964,09:41:43.351,8.9600,500
34903351113964,09:41:43.351,8.9600,197
34903351113964,09:41:43.351,8.9600,100
34903351113964,09:41:43.351,8.9600,100
34903351113964,09:41:43.351,8.9600,1400
34903352420036,09:41:43.352,8.9600,500
34903353114471,09:41:43.353,8.9600,100
34903372875108,09:41:43.372,8.9600,200
34903510258092,09:41:43.510,8.9600,500
34903510258092,09:41:43.510,8.9600,1500
34903510616643,09:41:43.510,8.9600,898
34903510733533,09:41:43.510,8.9600,202
34905018973574,09:41:45.018,8.9600,1400
34905018973574,09:41:45.018,8.9600,1100
34905018973574,09:41:45.018,8.9600,500
34905020309883,09:41:45.020,8.9600,500
34905020309883,09:41:45.020,8.9600,100
34905020309883,09:41:45.020,8.9600,1000
34905021012424,09:41:45.021,8.9600,200
34905021012424,09:41:45.021,8.9600,200
34909839843239,09:41:49.839,8.9500,100
34912286164479,09:41:52.286,8.9450,300
34914889241622,09:41:54.889,8.9400,1500
34914889241622,09:41:54.889,8.9400,75
34914891330309,09:41:54.891,8.9400,100
34914891330309,09:41:54.891,8.9400,700
34914891330309,09:41:54.891,8.9400,2100
34915006648484,09:41:55.006,8.9400,100
34919887014767,09:41:59.887,8.9450,100
34923246922122,09:42:03.246,8.9500,108
34923246963479,09:42:03.246,8.9500,892
34923247088847,09:42:03.247,8.9500,400
34940932330401,09:42:20.932,8.9550,200
34940932330401,09:42:20.932,8.9500,1100
34940932330401,09:42:20.932,8.9500,800
34940932330401,09:42:20.932,8.9500,100
34940932330401,09:42:20.932,8.9500,1900
34940932370741,09:42:20.932,8.9500,200
34941353293751,09:42:21.353,8.9450,500
34941353293751,09:42:21.353,8.9450,400
34941353293751,09:42:21.353,8.9450,408
34941353293751,09:42:21.353,8.9500,300
34941353293751,09:42:21.353,8.9500,2500
34941353293751,09:42:21.353,8.9500,400
34941353293751,09:42:21.353,8.9500,1900
34941353293751,09:42:21.353,8.9500,400
34941353293751,09:42:21.353,8.9500,500
34941353293751,09:42:21.353,8.9500,1100
34941353293751,09:42:21.353,8.9500,1036
34941353293751,09:42:21.353,8.9500,300
34941353293751,09:42:21.353,8.9500,700
34941353293751,09:42:21.353,8.9500,892
34941354060969,09:42:21.354,8.9500,100
34941354060969,09:42:21.354,8.9500,1300
34941354060969,09:42:21.354,8.9500,508
34941355200430,09:42:21.355,8.9500,1600
34941356293658,09:42:21.356,8.9500,500
34941356293658,09:42:21.356,8.9500,500
34941356293658,09:42:21.356,8.9500,2200
34946854308265,09:42:26.854,8.9450,200
34946854308265,09:42:26.854,8.9500,900
34946854587681,09:42:26.854,8.9500,200
34946869995333,09:42:26.869,8.9500,400
34946869995333,09:42:26.869,8.9500,200
34946871460652,09:42:26.871,8.9500,300
34951475363803,09:42:31.475,8.9500,100
34961886121556,09:42:41.886,8.9450,100
34963390357326,09:42:43.390,8.9450,100
34963390357326,09:42:43.390,8.9500,1000
34963390398379,09:42:43.390,8.9500,100
34975094746605,09:42:55.094,8.9600,100
34975094746605,09:42:55.094,8.9600,100
34975095151329,09:42:55.095,8.9600,400
34979845331132,09:42:59.845,8.9650,100
34979845331132,09:42:59.845,8.9700,100
34979845331132,09:42:59.845,8.9700,700
34979846287671,09:42:59.846,8.9700,400
34983247274899,09:43:03.247,8.9750,100
34983247274899,09:43:03.247,8.9800,8
34984086995842,09:43:04.086,8.9800,100
34984086995842,09:43:04.086,8.9800,200
34984086995842,09:43:04.086,8.9800,100
34984088943466,09:43:04.088,8.9800,500
34984088943466,09:43:04.088,8.9800,300
34984088943466,09:43:04.088,8.9800,100
34984088943466,09:43:04.088,8.9800,200
34992249747845,09:43:12.249,8.9750,200
34992249747845,09:43:12.249,8.9750,200
34996093529945,09:43:16.093,8.9750,134
34996093625201,09:43:16.093,8.9750,100
34996093658590,09:43:16.093,8.9750,966
34996093658590,09:43:16.093,8.9750,200
34996093658590,09:43:16.093,8.9700,400
34996093658590,09:43:16.093,8.9700,1100
34996093658590,09:43:16.093,8.9700,3200
34996093658590,09:43:16.093,8.9700,2200
34996093658590,09:43:16.093,8.9700,2200
34996093658590,09:43:16.093,8.9700,1700
34996093658590,09:43:16.093,8.9700,100
34996093658590,09:43:16.093,8.9700,100
34996093658590,09:43:16.093,8.9700,600
34996093658590,09:43:16.093,8.9700,1200
34996093658590,09:43:16.093,8.9700,400
34996093658590,09:43:16.093,8.9700,400
34996093658590,09:43:16.093,8.9700,100
34996093658590,09:43:16.093,8.9700,234
34996093707336,09:43:16.093,8.9700,67
34996094236435,09:43:16.094,8.9700,45
34996094302783,09:43:16.094,8.9700,30
34996095042974,09:43:16.095,8.9700,25
34996095042974,09:43:16.095,8.9700,75
34996095815566,09:43:16.095,8.9700,4200
34997092286697,09:43:17.092,8.9750,204
34997092286697,09:43:17.092,8.9750,196
34997092286697,09:43:17.092,8.9750,100
34997092286697,09:43:17.092,8.9800,100
34997092286697,09:43:17.092,8.9800,1300
34997092286697,09:43:17.092,8.9800,100
34997092286697,09:43:17.092,8.9800,1600
34997092286697,09:43:17.092,8.9800,300
34997092286697,09:43:17.092,8.9800,700
34997092286697,09:43:17.092,8.9800,400
34997092286697,09:43:17.092,8.9800,100
34997092286697,09:43:17.092,8.9800,300
34997092286697,09:43:17.092,8.9800,900
34997092822840,09:43:17.092,8.9800,100
34997092822840,09:43:17.092,8.9800,1100
34997092822840,09:43:17.092,8.9800,147
34997092866954,09:43:17.092,8.9800,1102
34997092937909,09:43:17.092,8.9800,235
34997093787371,09:43:17.093,8.9800,116
34997093787371,09:43:17.093,8.9800,100
34997094721908,09:43:17.094,8.9800,1600
35019792912060,09:43:39.792,8.9750,200
35019792912060,09:43:39.792,8.9700,680
35019793136346,09:43:39.793,8.9700,345
35019793136346,09:43:39.793,8.9700,100
35019793136346,09:43:39.793,8.9700,2100
35019793136346,09:43:39.793,8.9700,100
35019793136346,09:43:39.793,8.9700,171
35019793136346,09:43:39.793,8.9700,1800
35019793136346,09:43:39.793,8.9700,100
35019794009839,09:43:39.794,8.9700,500
35019794009839,09:43:39.794,8.9700,99
35019794039002,09:43:39.794,8.9700,1100
35019965502813,09:43:39.965,8.9550,300
35020793702787,09:43:40.793,8.9600,700
35020793845153,09:43:40.793,8.9600,100
35020793921248,09:43:40.793,8.9600,100
35043248262097,09:44:03.248,8.9550,108
35044391995340,09:44:04.391,8.9500,900
35044391995340,09:44:04.391,8.9500,700
35044391995340,09:44:04.391,8.9500,100
35044391995340,09:44:04.391,8.9500,300
35044391995340,09:44:04.391,8.9500,300
35044391995340,09:44:04.391,8.9500,100
35045393360788,09:44:05.393,8.9500,500
35047810059501,09:44:07.810,8.9400,100
35050069522032,09:44:10.069,8.9350,200
35050069522032,09:44:10.069,8.9350,400
35050069522032,09:44:10.069,8.9300,800
35050069522032,09:44:10.069,8.9300,1900
35050069522032,09:44:10.069,8.9300,600
35050069522032,09:44:10.069,8.9300,300
35050069522032,09:44:10.069,8.9300,600
35050069522032,09:44:10.069,8.9300,997
35050069522032,09:44:10.069,8.9300,100
35050069522032,09:44:10.069,8.9300,100
35050069655941,09:44:10.069,8.9300,300
35050070347970,09:44:10.070,8.9300,100
35051706679570,09:44:11.706,8.9200,700
35053065669842,09:44:13.065,8.9100,1000
35053065669842,09:44:13.065,8.9100,1100
35053065669842,09:44:13.065,8.9100,1100
35053065669842,09:44:13.065,8.9100,997
35053065669842,09:44:13.065,8.9100,1400
35053065777775,09:44:13.065,8.9100,600
35053703671763,09:44:13.703,8.9200,1100
35053703671763,09:44:13.703,8.9200,100
35053703671763,09:44:13.703,8.9200,100
35053703671763,09:44:13.703,8.9200,100
35074724483744,09:44:34.724,8.9250,100
35091354766738,09:44:51.354,8.9250,300
35091354766738,09:44:51.354,8.9300,1100
35091354766738,09:44:51.354,8.9300,100
35091354766738,09:44:51.354,8.9300,1300
35091354766738,09:44:51.354,8.9300,55
35091354798065,09:44:51.354,8.9300,2145
35091354798065,09:44:51.354,8.9300,1800
35091354798065,09:44:51.354,8.9300,100
35091354798065,09:44:51.354,8.9300,200
35091354798065,09:44:51.354,8.9300,600
35091355184619,09:44:51.355,8.9300,100
35091355184619,09:44:51.355,8.9300,6
35091355235094,09:44:51.355,8.9300,1094
35098933185437,09:44:58.933,8.9350,300
35098933185437,09:44:58.933,8.9400,500
35103248941029,09:45:03.248,8.9350,108
35136065184867,09:45:36.065,8.9350,100
35148961703751,09:45:48.961,8.9350,100
35151684835638,09:45:51.684,8.9350,200
35152516297218,09:45:52.516,8.9350,400
35163249395418,09:46:03.249,8.9400,108
35187860804695,09:46:27.860,8.9350,100
35189343698395,09:46:29.343,8.9400,700
35199043920446,09:46:39.043,8.9400,500
35199043920446,09:46:39.043,8.9400,1000
35199043920446,09:46:39.043,8.9400,100
35199043920446,09:46:39.043,8.9400,100
35199043920446,09:46:39.043,8.9400,100
35199043920446,09:46:39.043,8.9400,100
35199043920446,09:46:39.043,8.9400,600
35199043920446,09:46:39.043,8.9400,200
35199043920446,09:46:39.043,8.9400,4600
35199043920446,09:46:39.043,8.9400,600
35199043920446,09:46:39.043,8.9400,500
35199043920446,09:46:39.043,8.9400,3100
35199043920446,09:46:39.043,8.9400,3900
35199043920446,09:46:39.043,8.9400,800
35199043960063,09:46:39.043,8.9400,3000
35199043993745,09:46:39.043,8.9400,700
35199043993745,09:46:39.043,8.9400,700
35199043993745,09:46:39.043,8.9400,1600
35199044216252,09:46:39.044,8.9400,100
35199044216252,09:46:39.044,8.9400,2000
35199044216252,09:46:39.044,8.9400,600
35199044216252,09:46:39.044,8.9400,1073
35199044334815,09:46:39.044,8.9400,200
35199044334815,09:46:39.044,8.9400,1300
35199044334815,09:46:39.044,8.9400,100
35199044472577,09:46:39.044,8.9400,100
35199045299933,09:46:39.045,8.9450,400
35199047657121,09:46:39.047,8.9450,100
35199613366709,09:46:39.613,8.9500,100
35199613366709,09:46:39.613,8.9500,100
35199613366709,09:46:39.613,8.9500,115
35199638171569,09:46:39.638,8.9500,85
35215549560519,09:46:55.549,8.9500,300
35215549560519,09:46:55.549,8.9500,1400
35215549560519,09:46:55.549,8.9500,400
35215549560519,09:46:55.549,8.9500,500
35215549560519,09:46:55.549,8.9500,500
35215549560519,09:46:55.549,8.9500,700
35215549560519,09:46:55.549,8.9500,400
35215549780559,09:46:55.549,8.9500,900
35215549780559,09:46:55.549,8.9500,500
35215549808192,09:46:55.549,8.9500,1200
35215549808192,09:46:55.549,8.9500,200
35215549808192,09:46:55.549,8.9500,400
35223250116422,09:47:03.250,8.9600,108
35223250143264,09:47:03.250,8.9600,1492
35223250143264,09:47:03.250,8.9600,400
35223252147116,09:47:03.252,8.9600,500
35223252147116,09:47:03.252,8.9600,100
35223252147116,09:47:03.252,8.9600,100
35223252147116,09:47:03.252,8.9600,900
35223252520206,09:47:03.252,8.9600,100
35228428812587,09:47:08.428,8.9550,200
35229875796442,09:47:09.875,8.9600,100
35230376059012,09:47:10.376,8.9550,1100
35236225877499,09:47:16.225,8.9550,100
35236554440278,09:47:16.554,8.9550,100
35236656695115,09:47:16.656,8.9550,100
35245381073893,09:47:25.381,8.9550,100
35246520886269,09:47:26.520,8.9550,100
35246526163210,09:47:26.526,8.9550,100
35248780184660,09:47:28.780,8.9600,100
35248784632161,09:47:28.784,8.9550,100
35248855299041,09:47:28.855,8.9550,100
35250624907087,09:47:30.624,8.9550,200
35250624907087,09:47:30.624,8.9550,100
35250664395255,09:47:30.664,8.9550,100
35250689759115,09:47:30.689,8.9550,200
35251089533477,09:47:31.089,8.9550,100
35252124030898,09:47:32.124,8.9550,100
35257702480635,09:47:37.702,8.9500,1000
35257702480635,09:47:37.702,8.9500,100
35257702480635,09:47:37.702,8.9500,3800
35257702513796,09:47:37.702,8.9500,400
35257702513796,09:47:37.702,8.9500,10
35257702513796,09:47:37.702,8.9500,4000
35257702513796,09:47:37.702,8.9500,100
35257702516231,09:47:37.702,8.9500,100
35257702516231,09:47:37.702,8.9500,200
35259654586050,09:47:39.654,8.9450,100
35278194756007,09:47:58.194,8.9450,20
35283245839707,09:48:03.245,8.9500,108
35288393048297,09:48:08.393,8.9450,100
35291153046256,09:48:11.153,8.9450,100
35291153048092,09:48:11.153,8.9450,100
35291654042736,09:48:11.654,8.9450,100
35292668049392,09:48:12.668,8.9450,100
35293226047076,09:48:13.226,8.9450,100
35293750044070,09:48:13.750,8.9450,100
35295580767279,09:48:15.580,8.9500,1000
35295582112106,09:48:15.582,8.9500,200
35296870123051,09:48:16.870,8.9500,300
35306023377187,09:48:26.023,8.9500,900
35306023377187,09:48:26.023,8.9500,100
35306023377187,09:48:26.023,8.9500,100
35306024890724,09:48:26.024,8.9500,1000
35306024890724,09:48:26.024,8.9500,100
35306024890724,09:48:26.024,8.9500,400
35306025676285,09:48:26.025,8.9500,148
35306027726209,09:48:26.027,8.9500,500
35307294376532,09:48:27.294,8.9500,200
35307294376532,09:48:27.294,8.9500,2000
35307294376532,09:48:27.294,8.9500,1400
35307294376532,09:48:27.294,8.9500,100
35307297010026,09:48:27.297,8.9500,500
35307297010026,09:48:27.297,8.9500,100
35307297010026,09:48:27.297,8.9500,200
35307322059188,09:48:27.322,8.9500,100
35307326161756,09:48:27.326,8.9500,100
35308388871889,09:48:28.388,8.9500,1500
35308388871889,09:48:28.388,8.9500,300
35308388871889,09:48:28.388,8.9500,1400
35308388871889,09:48:28.388,8.9500,100
35308406278467,09:48:28.406,8.9500,400
35331151047748,09:48:51.151,8.9450,100
35331151049184,09:48:51.151,8.9450,600
35343246680200,09:49:03.246,8.9450,108
35398289176694,09:49:58.289,8.9450,200
35398289176694,09:49:58.289,8.9400,700
35403247907222,09:50:03.247,8.9450,108
35447898053241,09:50:47.898,8.9450,100
35450145068811,09:50:50.145,8.9450,100
35450145068811,09:50:50.145,8.9400,100
35454137072665,09:50:54.137,8.9500,300
35454137072665,09:50:54.137,8.9500,700
35454137072665,09:50:54.137,8.9500,100
35454137072665,09:50:54.137,8.9500,100
35454137072665,09:50:54.137,8.9500,942
35454143849496,09:50:54.143,8.9450,100
35457003320633,09:50:57.003,8.9400,300
35460017357889,09:51:00.017,8.9450,200
35460017357889,09:51:00.017,8.9400,100
35460017357889,09:51:00.017,8.9400,100
35462230542429,09:51:02.230,8.9450,200
35462230542429,09:51:02.230,8.9400,100
35463248076992,09:51:03.248,8.9450,108
35464396720877,09:51:04.396,8.9450,200
35469483579261,09:51:09.483,8.9450,100
35487357999374,09:51:27.357,8.9450,100
35523248481296,09:52:03.248,8.9450,108
35546545760608,09:52:26.545,8.9450,200
35546545760608,09:52:26.545,8.9450,100
35546545760608,09:52:26.545,8.9400,200
35546545760608,09:52:26.545,8.9400,2200
35546545760608,09:52:26.545,8.9400,2100
35546545760608,09:52:26.545,8.9400,2100
35546545760608,09:52:26.545,8.9400,1100
35546545760608,09:52:26.545,8.9400,1800
35546545760608,09:52:26.545,8.9400,1500
35546545760608,09:52:26.545,8.9400,100
35546545760608,09:52:26.545,8.9400,4000
35546545760608,09:52:26.545,8.9400,200
35546545760608,09:52:26.545,8.9400,640
35546545799027,09:52:26.545,8.9400,2700
35546545949739,09:52:26.545,8.9400,160
35546545949739,09:52:26.545,8.9400,3400
35546545949739,09:52:26.545,8.9400,500
35546545949739,09:52:26.545,8.9400,100
35546545949739,09:52:26.545,8.9400,3900
35546545949739,09:52:26.545,8.9400,200
35546545949739,09:52:26.545,8.9400,100
35546545949739,09:52:26.545,8.9400,100
35546545949739,09:52:26.545,8.9400,100
35546545949739,09:52:26.545,8.9400,200
35546545949739,09:52:26.545,8.9400,900
35546545949739,09:52:26.545,8.9400,600
35546545949739,09:52:26.545,8.9400,100
35546545949739,09:52:26.545,8.9400,200
35547546419536,09:52:27.546,8.9400,100
35547546542280,09:52:27.546,8.9400,200
35547546709213,09:52:27.546,8.9400,300
35547546946514,09:52:27.546,8.9400,3900
35547546946514,09:52:27.546,8.9400,1000
35547546946514,09:52:27.546,8.9400,500
35547546946514,09:52:27.546,8.9400,600
35547546946514,09:52:27.546,8.9400,2000
35547546946514,09:52:27.546,8.9400,1600
35547546946514,09:52:27.546,8.9400,2000
35547546946514,09:52:27.546,8.9400,2000
35547546946514,09:52:27.546,8.9400,600
35547546946514,09:52:27.546,8.9400,300
35547546946514,09:52:27.546,8.9400,100
35547546946514,09:52:27.546,8.9400,200
35547546946514,09:52:27.546,8.9400,100
35547548667196,09:52:27.548,8.9400,600
35547548667196,09:52:27.548,8.9400,1000
35547549694997,09:52:27.549,8.9400,2000
35547549694997,09:52:27.549,8.9400,100
35548562488338,09:52:28.562,8.9450,200
35548562488338,09:52:28.562,8.9400,2100
35548562488338,09:52:28.562,8.9400,600
35548562488338,09:52:28.562,8.9400,2000
35548562488338,09:52:28.562,8.9400,500
35548562488338,09:52:28.562,8.9400,100
35548564294132,09:52:28.564,8.9400,2200
35550836031353,09:52:30.836,8.9400,200
35550836061922,09:52:30.836,8.9400,1700
35553621372362,09:52:33.621,8.9350,100
35554436303267,09:52:34.436,8.9350,200
35554436303267,09:52:34.436,8.9300,3200
35554436303267,09:52:34.436,8.9300,800
35554436303267,09:52:34.436,8.9300,400
35554436303267,09:52:34.436,8.9300,600
35554436303267,09:52:34.436,8.9300,100
35554447788799,09:52:34.447,8.9300,100
35554447788799,09:52:34.447,8.9300,971
35554452487589,09:52:34.452,8.9300,429
35561836142699,09:52:41.836,8.9250,200
35561836142699,09:52:41.836,8.9200,200
35568120245938,09:52:48.120,8.9250,200
35583249135230,09:53:03.249,8.9300,108
35588993323669,09:53:08.993,8.9300,164
35588993922461,09:53:08.993,8.9300,836
35588993922461,09:53:08.993,8.9300,100
35588993922461,09:53:08.993,8.9300,800
35588993922461,09:53:08.993,8.9300,100
35588993962822,09:53:08.993,8.9300,700
35588993962822,09:53:08.993,8.9300,1136
35588995191460,09:53:08.995,8.9300,600
35589152834474,09:53:09.152,8.9300,600
35589152834474,09:53:09.152,8.9300,100
35589152834474,09:53:09.152,8.9300,400
35591023484262,09:53:11.023,8.9300,800
35591023509913,09:53:11.023,8.9300,206
35591194258312,09:53:11.194,8.9250,87
35608111233481,09:53:28.111,8.9300,400
35611849894439,09:53:31.849,8.9300,200
35618524439090,09:53:38.524,8.9300,100
35618791483421,09:53:38.791,8.9300,100
35619058156337,09:53:39.058,8.9300,100
35620660717529,09:53:40.660,8.9300,100
35621461872311,09:53:41.461,8.9300,100
35626535293235,09:53:46.535,8.9300,500
35626535293235,09:53:46.535,8.9300,100
35626535293235,09:53:46.535,8.9300,400
35626535293235,09:53:46.535,8.9300,100
35627068173854,09:53:47.068,8.9300,100
35628670984518,09:53:48.670,8.9300,600
35632408493598,09:53:52.408,8.9300,100
35634009956926,09:53:54.009,8.9300,100
35634009956926,09:53:54.009,8.9300,100
35639522303103,09:53:59.522,8.9300,100
35643249487164,09:54:03.249,8.9300,108
35651491638424,09:54:11.491,8.9300,200
35661068210743,09:54:21.068,8.9250,100
35661068210743,09:54:21.068,8.9300,92
35661068210743,09:54:21.068,8.9300,600
35661068210743,09:54:21.068,8.9300,1300
35661068210743,09:54:21.068,8.9300,208
35661320651683,09:54:21.320,8.9250,100
35661320651683,09:54:21.320,8.9300,100
35661573864008,09:54:21.573,8.9250,100
35661573864008,09:54:21.573,8.9300,100
35662530762719,09:54:22.530,8.9250,100
35662530762719,09:54:22.530,8.9300,1292
35662530762719,09:54:22.530,8.9300,500
35662530762719,09:54:22.530,8.9300,100
35662530762719,09:54:22.530,8.9300,100
35662530762719,09:54:22.530,8.9300,500
35662530762719,09:54:22.530,8.9300,100
35662530762719,09:54:22.530,8.9300,100
35662530762719,09:54:22.530,8.9300,100
35662530762719,09:54:22.530,8.9300,1300
35662530762719,09:54:22.530,8.9300,908
35662530962008,09:54:22.530,8.9300,92
35662530962008,09:54:22.530,8.9300,100
35662530962008,09:54:22.530,8.9300,500
35662536611149,09:54:22.536,8.9300,4400
35662536611149,09:54:22.536,8.9300,600
35662536611149,09:54:22.536,8.9300,600
35662536611149,09:54:22.536,8.9300,300
35662536611149,09:54:22.536,8.9300,1000
35662536611149,09:54:22.536,8.9300,200
35662536611149,09:54:22.536,8.9300,100
35662536611149,09:54:22.536,8.9300,114
35662536611149,09:54:22.536,8.9300,486
35662583609537,09:54:22.583,8.9350,400
35662584514061,09:54:22.584,8.9350,100
35662584514061,09:54:22.584,8.9400,200
35662584514061,09:54:22.584,8.9400,800
35663188745749,09:54:23.188,8.9350,100
35666359691924,09:54:26.359,8.9350,200
35666359691924,09:54:26.359,8.9400,200
35666359723507,09:54:26.359,8.9400,1900
35666359723507,09:54:26.359,8.9400,1000
35666359723507,09:54:26.359,8.9400,100
35666359723507,09:54:26.359,8.9400,1127
35667608852885,09:54:27.608,8.9350,2
35668646606792,09:54:28.646,8.9350,100
35668646606792,09:54:28.646,8.9400,3873
35668646606792,09:54:28.646,8.9400,527
35668647025959,09:54:28.647,8.9400,3973
35668647025959,09:54:28.647,8.9400,100
35668647025959,09:54:28.647,8.9400,100
35668647025959,09:54:28.647,8.9400,300
35668647025959,09:54:28.647,8.9400,100
35668647025959,09:54:28.647,8.9400,100
35668647025959,09:54:28.647,8.9400,100
35668647025959,09:54:28.647,8.9400,1000
35668647025959,09:54:28.647,8.9400,200
35668647025959,09:54:28.647,8.9400,100
35668647025959,09:54:28.647,8.9400,100
35668647159800,09:54:28.647,8.9400,300
35668647159800,09:54:28.647,8.9400,100
35668882182688,09:54:28.882,8.9450,393
35668882182688,09:54:28.882,8.9500,200
35668882182688,09:54:28.882,8.9500,2007
35668882210722,09:54:28.882,8.9500,1
35668882674079,09:54:28.882,8.9500,92
35668882674079,09:54:28.882,8.9500,3000
35668882674079,09:54:28.882,8.9500,700
35668882674079,09:54:28.882,8.9500,600
35668882674079,09:54:28.882,8.9500,100
35668882674079,09:54:28.882,8.9500,2000
35668882674079,09:54:28.882,8.9500,1800
35668882674079,09:54:28.882,8.9500,100
35668882674079,09:54:28.882,8.9500,200
35668882674079,09:54:28.882,8.9500,100
35668882674079,09:54:28.882,8.9500,100
35668882674079,09:54:28.882,8.9500,400
35668882674079,09:54:28.882,8.9500,100
35668882738023,09:54:28.882,8.9500,1100
35668882738023,09:54:28.882,8.9500,100
35668884481616,09:54:28.884,8.9500,200
35668884869023,09:54:28.884,8.9500,100
35668885194217,09:54:28.885,8.9500,100
35668885868919,09:54:28.885,8.9500,100
35668886236015,09:54:28.886,8.9500,100
35668887182916,09:54:28.887,8.9500,400
35668887182916,09:54:28.887,8.9500,100
35668887182916,09:54:28.887,8.9500,100
35669134111248,09:54:29.134,8.9500,1900
35669134111248,09:54:29.134,8.9500,100
35669134111248,09:54:29.134,8.9500,1000
35669134111248,09:54:29.134,8.9500,800
35669835006759,09:54:29.835,8.9450,100
35670389012268,09:54:30.389,8.9450,100
35670645814765,09:54:30.645,8.9500,100
35670990001295,09:54:30.990,8.9450,100
35671590006288,09:54:31.590,8.9450,100
35672190997795,09:54:32.190,8.9450,100
35672784002847,09:54:32.784,8.9450,100
35673393000127,09:54:33.393,8.9450,100
35679456674335,09:54:39.456,8.9450,200
35679456674335,09:54:39.456,8.9450,400
35679456674335,09:54:39.456,8.9400,4400
35679456674335,09:54:39.456,8.9400,1000
35679456674335,09:54:39.456,8.9400,1900
35679456674335,09:54:39.456,8.9400,1500
35679456674335,09:54:39.456,8.9400,2300
35679456674335,09:54:39.456,8.9400,400
35679456674335,09:54:39.456,8.9400,200
35679456674335,09:54:39.456,8.9400,500
35679456674335,09:54:39.456,8.9400,400
35679456674335,09:54:39.456,8.9400,500
35679456674335,09:54:39.456,8.9400,100
35679456710947,09:54:39.456,8.9400,100
35679456710947,09:54:39.456,8.9400,100
35679456710947,09:54:39.456,8.9400,200
35679456710947,09:54:39.456,8.9400,100
35679456710947,09:54:39.456,8.9400,100
35679456710947,09:54:39.456,8.9400,100
35682927654718,09:54:42.927,8.9350,168
35682927654718,09:54:42.927,8.9350,32
35682938652982,09:54:42.938,8.9350,200
35682938652982,09:54:42.938,8.9350,400
35714407125279,09:55:14.407,8.9350,1
35718481603699,09:55:18.481,8.9400,100
35750737706515,09:55:50.737,8.9350,100
35782345759455,09:56:22.345,8.9350,122
35798665020122,09:56:38.665,8.9350,100
35800167024286,09:56:40.167,8.9350,100
35800748017816,09:56:40.748,8.9350,100
35801348028971,09:56:41.348,8.9350,100
35801949022051,09:56:41.949,8.9350,100
35802540020497,09:56:42.540,8.9350,100
35849960700550,09:57:29.960,8.9350,500
35849960700550,09:57:29.960,8.9400,1900
35849960700550,09:57:29.960,8.9400,100
35862037629390,09:57:42.037,8.9350,43
35862197535940,09:57:42.197,8.9350,43
35863041994656,09:57:43.041,8.9350,43
35863082109238,09:57:43.082,8.9350,43
35863144655051,09:57:43.144,8.9350,43
35863219742528,09:57:43.219,8.9350,100
35863498979936,09:57:43.498,8.9350,43
35863542289725,09:57:43.542,8.9350,43
35863566027256,09:57:43.566,8.9350,43
35863580636207,09:57:43.580,8.9350,43
35863745747045,09:57:43.745,8.9300,43
35871573019161,09:57:51.573,8.9350,100
35907250510688,09:58:27.250,8.9350,156
35917124716388,09:58:37.124,8.9350,300
35934916070711,09:58:54.916,8.9350,100
35959565172736,09:59:19.565,8.9350,300
35959565172736,09:59:19.565,8.9400,300
35959565172736,09:59:19.565,8.9400,100
35959565172736,09:59:19.565,8.9400,100
35959565172736,09:59:19.565,8.9400,400
35959565172736,09:59:19.565,8.9400,200
35959565172736,09:59:19.565,8.9400,100
35959565172736,09:59:19.565,8.9400,100
35959565172736,09:59:19.565,8.9400,100
35959565172736,09:59:19.565,8.9400,300
35959565172736,09:59:19.565,8.9400,500
35959565298739,09:59:19.565,8.9400,92
35969857331350,09:59:29.857,8.9350,100
35969857331350,09:59:29.857,8.9400,708
35969857331350,09:59:29.857,8.9400,100
35969857331350,09:59:29.857,8.9400,100
35969857331350,09:59:29.857,8.9400,100
35969857331350,09:59:29.857,8.9400,100
35969857331350,09:59:29.857,8.9400,1100
35969857331350,09:59:29.857,8.9400,500
35969857331350,09:59:29.857,8.9400,500
35969857331350,09:59:29.857,8.9400,500
35969857331350,09:59:29.857,8.9400,500
35969857331350,09:59:29.857,8.9400,500
35969857331350,09:59:29.857,8.9400,500
35969857331350,09:59:29.857,8.9400,2000
35969857331350,09:59:29.857,8.9400,500
35969857331350,09:59:29.857,8.9400,100
35969857331350,09:59:29.857,8.9400,892
35969857373208,09:59:29.857,8.9400,608
35969857373208,09:59:29.857,8.9400,1800
35969857373208,09:59:29.857,8.9400,100
35969857373208,09:59:29.857,8.9400,100
35969857373208,09:59:29.857,8.9400,100
35969857373208,09:59:29.857,8.9400,144
35969857373208,09:59:29.857,8.9400,100
35969857373208,09:59:29.857,8.9400,200
35969857448838,09:59:29.857,8.9400,400
35969857663154,09:59:29.857,8.9400,500
35969857663154,09:59:29.857,8.9400,2044
35969857997671,09:59:29.857,8.9400,2000
35969857997671,09:59:29.857,8.9400,2000
35969858058005,09:59:29.858,8.9400,400
35969858066416,09:59:29.858,8.9400,1755
35969858530459,09:59:29.858,8.9400,100
35969858664397,09:59:29.858,8.9400,100
35969861964587,09:59:29.861,8.9400,300
35969863059186,09:59:29.863,8.9400,300
35969863059186,09:59:29.863,8.9400,200
35969863059186,09:59:29.863,8.9400,200
35969863059186,09:59:29.863,8.9400,800
35969871887485,09:59:29.871,8.9400,1400
35969871887485,09:59:29.871,8.9400,100
35969871887485,09:59:29.871,8.9400,100
35969871887485,09:59:29.871,8.9400,100
35969871887485,09:59:29.871,8.9400,100
35969871887485,09:59:29.871,8.9400,100
35969871887485,09:59:29.871,8.9400,600
35970120763529,09:59:30.120,8.9350,300
35970120763529,09:59:30.120,8.9400,200
35970120763529,09:59:30.120,8.9400,1200
35979537012345,09:59:39.537,8.9350,18
35979981370270,09:59:39.981,8.9400,100
35979981370270,09:59:39.981,8.9400,100
35979981370270,09:59:39.981,8.9400,100
35979981370270,09:59:39.981,8.9400,610
35979981370270,09:59:39.981,8.9400,100
35979981370270,09:59:39.981,8.9400,100
35979981370270,09:59:39.981,8.9400,100
35979981370270,09:59:39.981,8.9400,600
35979981370270,09:59:39.981,8.9400,1300
35979981370270,09:59:39.981,8.9400,500
35979982380669,09:59:39.982,8.9400,500
35979983044392,09:59:39.983,8.9400,400
35979983181210,09:59:39.983,8.9400,200
35979984232554,09:59:39.984,8.9400,400
35979985354403,09:59:39.985,8.9400,400
35979986126350,09:59:39.986,8.9400,400
35979996738160,09:59:39.996,8.9400,400
35979997848476,09:59:39.997,8.9400,400
35979998592468,09:59:39.998,8.9400,300
35979998592468,09:59:39.998,8.9400,100
35980990682498,09:59:40.990,8.9400,100
35983652780980,09:59:43.652,8.9400,100
35986153694520,09:59:46.153,8.9400,300
35996554843112,09:59:56.554,8.9400,1158
35996554843112,09:59:56.554,8.9400,132
36003036262714,10:00:03.036,8.9400,100
36003036262714,10:00:03.036,8.9400,658
36003036262714,10:00:03.036,8.9400,100
36003036262714,10:00:03.036,8.9400,92
36003036700868,10:00:03.036,8.9400,8
36003036700868,10:00:03.036,8.9400,400
36003036700868,10:00:03.036,8.9400,100
36003036700868,10:00:03.036,8.9400,500
36003036700868,10:00:03.036,8.9400,818
36003133628052,10:00:03.133,8.9400,100
36003922198394,10:00:03.922,8.9400,100
36003922234514,10:00:03.922,8.9400,200
36003922234514,10:00:03.922,8.9400,100
36003922234514,10:00:03.922,8.9400,1200
36006388563667,10:00:06.388,8.9400,1300
36006389046543,10:00:06.389,8.9400,100
36006390018028,10:00:06.390,8.9400,500
36006390018028,10:00:06.390,8.9400,700
36006390018028,10:00:06.390,8.9400,240
36006390085185,10:00:06.390,8.9400,600
36006390085185,10:00:06.390,8.9400,188
36006390146949,10:00:06.390,8.9400,652
36006390192362,10:00:06.390,8.9400,1460
36006390192362,10:00:06.390,8.9400,480
36006390222604,10:00:06.390,8.9400,360
36006390290402,10:00:06.390,8.9400,700
36006390290402,10:00:06.390,8.9400,100
36006390290402,10:00:06.390,8.9400,100
36006390290402,10:00:06.390,8.9400,100
36006390290402,10:00:06.390,8.9400,100
36006390290402,10:00:06.390,8.9400,100
36006390290402,10:00:06.390,8.9400,300
36006585328567,10:00:06.585,8.9350,800
36006585328567,10:00:06.585,8.9400,1300
36006585328567,10:00:06.585,8.9400,1000
36015605313465,10:00:15.605,8.9400,240
36015605313465,10:00:15.605,8.9400,160
36017431738266,10:00:17.431,8.9400,2140
36017431738266,10:00:17.431,8.9400,100
36017431738266,10:00:17.431,8.9400,600
36017431738266,10:00:17.431,8.9400,1000
36017431738266,10:00:17.431,8.9400,900
36017431738266,10:00:17.431,8.9400,1100
36017431738266,10:00:17.431,8.9400,100
36017431738266,10:00:17.431,8.9400,60
36021487431617,10:00:21.487,8.9400,40
36021487431617,10:00:21.487,8.9400,60
36058044689553,10:00:58.044,8.9400,40
36058044689553,10:00:58.044,8.9400,100
36058044689553,10:00:58.044,8.9400,100
36058044689553,10:00:58.044,8.9400,60
36061259089631,10:01:01.259,8.9400,40
36061259089631,10:01:01.259,8.9400,200
36061259089631,10:01:01.259,8.9400,100
36061259089631,10:01:01.259,8.9400,100
36061259089631,10:01:01.259,8.9400,700
36061259089631,10:01:01.259,8.9400,200
36061259089631,10:01:01.259,8.9400,100
36061259089631,10:01:01.259,8.9400,100
36061259089631,10:01:01.259,8.9400,760
36067488931800,10:01:07.488,8.9400,40
36067488931800,10:01:07.488,8.9400,400
36067488931800,10:01:07.488,8.9400,400
36067488931800,10:01:07.488,8.9400,100
36067488931800,10:01:07.488,8.9400,100
36067488967052,10:01:07.488,8.9400,500
36067488967052,10:01:07.488,8.9400,400
36067490062464,10:01:07.490,8.9400,800
36067490119104,10:01:07.490,8.9400,1500
36067490119104,10:01:07.490,8.9400,800
36067490119104,10:01:07.490,8.9400,800
36067490126595,10:01:07.490,8.9400,1000
36067490126595,10:01:07.490,8.9400,200
36067490126595,10:01:07.490,8.9400,800
36067490172725,10:01:07.490,8.9400,53
36067490172725,10:01:07.490,8.9400,600
