timestamp,time,price,volume
34200789094798,09:30:00.789,0.0000,0
34201063462337,09:30:01.063,47.2100,200
34203972862747,09:30:03.972,47.0600,100
34203972862747,09:30:03.972,47.0600,300
34203975962196,09:30:03.975,47.0500,100
34269821758202,09:31:09.821,47.0400,10
34269821758202,09:31:09.821,47.0300,54
34269898440519,09:31:09.898,47.0500,264
34269898440519,09:31:09.898,47.0500,53
34269898440519,09:31:09.898,47.0500,47
34269899143851,09:31:09.899,47.0300,18
34269899364508,09:31:09.899,47.0300,82
34270039774912,09:31:10.039,47.0100,79
34276032273625,09:31:16.032,47.0000,100
34340477150584,09:32:20.477,47.0600,1
34340477150584,09:32:20.477,47.0700,99
34343475438549,09:32:23.475,47.0700,101
34343475438549,09:32:23.475,47.0700,100
34343475892602,09:32:23.475,47.0900,89
34343476673066,09:32:23.476,47.0900,7
34359475331518,09:32:39.475,47.0600,100
34359847471775,09:32:39.847,47.0600,200
34450866898544,09:34:10.866,47.0900,100
34476822492155,09:34:36.822,47.1100,100
34476822492155,09:34:36.822,47.1100,200
34476822773639,09:34:36.822,47.1400,100
34476822773639,09:34:36.822,47.1400,10
34476822773639,09:34:36.822,47.1400,100
34476822773639,09:34:36.822,47.1400,83
34476822782533,09:34:36.822,47.1400,17
34500163121355,09:35:00.163,47.1800,100
34502865764816,09:35:02.865,47.1800,200
34502865806266,09:35:02.865,47.1800,55
34569127108734,09:36:09.127,47.1700,100
34569127108734,09:36:09.127,47.1700,100
34569127108734,09:36:09.127,47.1700,100
34571001604700,09:36:11.001,47.1600,30
34571002189520,09:36:11.002,47.1700,100
34571562839290,09:36:11.562,47.1800,100
34571675900188,09:36:11.675,47.2100,100
34571690173112,09:36:11.690,47.2100,100
34571690411998,09:36:11.690,47.2000,4
34571690936201,09:36:11.690,47.2100,100
34571690936201,09:36:11.690,47.2100,100
34571876155600,09:36:11.876,47.2300,100
34573045652838,09:36:13.045,47.2100,100
34579012926797,09:36:19.012,47.2000,100
34579013683604,09:36:19.013,47.2000,100
34587289505718,09:36:27.289,47.1900,85
34587289524116,09:36:27.289,47.1900,15
34587289524116,09:36:27.289,47.1900,100
34589887432902,09:36:29.887,47.1900,100
34589887432902,09:36:29.887,47.1900,100
34589887432902,09:36:29.887,47.1900,84
34589887458382,09:36:29.887,47.1900,16
34592923679233,09:36:32.923,47.1700,100
34592924426825,09:36:32.924,47.1700,100
34594415103248,09:36:34.415,47.1600,70
34603329958422,09:36:43.329,47.1600,100
34611647272680,09:36:51.647,47.1400,100
34611647600843,09:36:51.647,47.1500,42
34611647625930,09:36:51.647,47.1500,58
34611662481619,09:36:51.662,47.1500,100
34611662481619,09:36:51.662,47.1500,100
34611662525021,09:36:51.662,47.1500,20
34617612616181,09:36:57.612,47.1500,62
34617612653072,09:36:57.612,47.1500,38
34618152535478,09:36:58.152,47.1600,100
34618152535478,09:36:58.152,47.1600,100
34618153619787,09:36:58.153,47.1600,100
34620894626082,09:37:00.894,47.1500,100
34641318205378,09:37:21.318,47.1700,100
34647393979937,09:37:27.393,47.1500,100
34647393979937,09:37:27.393,47.1500,100
34658640557938,09:37:38.640,47.1400,100
34670209418400,09:37:50.209,47.1300,100
34670209418400,09:37:50.209,47.1300,100
34670209418400,09:37:50.209,47.1300,100
34670209426314,09:37:50.209,47.1300,100
34674225119271,09:37:54.225,47.1200,100
34677693206376,09:37:57.693,47.1300,100
34678479625306,09:37:58.479,47.1400,100
34681476424930,09:38:01.476,47.1300,100
34681476454378,09:38:01.476,47.1300,100
34690478868236,09:38:10.478,47.1400,100
34692077805802,09:38:12.077,47.1100,100
34692079426088,09:38:12.079,47.1000,24
34692079585601,09:38:12.079,47.1000,76
34692079585601,09:38:12.079,47.1000,24
34692079634366,09:38:12.079,47.1000,76
34696915751901,09:38:16.915,47.1400,100
34696915956185,09:38:16.915,47.1400,100
34701410927379,09:38:21.410,47.1500,100
34726668927960,09:38:46.668,47.1400,100
34747475211015,09:39:07.475,47.1700,100
34755477684679,09:39:15.477,47.1900,1
34755477826731,09:39:15.477,47.1900,7
34755477832387,09:39:15.477,47.1900,7
34757461324596,09:39:17.461,47.1600,100
34761908594659,09:39:21.908,47.1500,40
34768218628191,09:39:28.218,47.1500,60
34768218628191,09:39:28.218,47.1500,100
34817266898886,09:40:17.266,47.1500,100
34817266898886,09:40:17.266,47.1500,100
34821412365312,09:40:21.412,47.1400,100
34830613287798,09:40:30.613,47.1600,100
34836262675293,09:40:36.262,47.1500,100
34854582048921,09:40:54.582,47.1400,1
34858551696094,09:40:58.551,47.1300,100
34858553913373,09:40:58.553,47.1200,100
34858553918233,09:40:58.553,47.1200,100
34858762557702,09:40:58.762,47.1200,100
34858762557702,09:40:58.762,47.1200,100
34860820805741,09:41:00.820,47.1300,100
34860820805741,09:41:00.820,47.1300,100
34860861721558,09:41:00.861,47.1300,100
34860861721558,09:41:00.861,47.1300,100
34860907806592,09:41:00.907,47.1200,100
34860907806592,09:41:00.907,47.1200,100
34871526942286,09:41:11.526,47.1100,100
34881477088773,09:41:21.477,47.1300,100
34888325822048,09:41:28.325,47.1500,100
34888325822048,09:41:28.325,47.1500,100
34888325894826,09:41:28.325,47.1500,100
34888325966038,09:41:28.325,47.1500,100
34888326055744,09:41:28.326,47.1500,24
34888787802096,09:41:28.787,47.1400,100
34914302609763,09:41:54.302,47.1400,100
34914979460009,09:41:54.979,47.1300,100
34914979639546,09:41:54.979,47.1300,100
34914979664716,09:41:54.979,47.1300,100
34914980064532,09:41:54.980,47.1300,100
34914980064532,09:41:54.980,47.1300,100
34914980064532,09:41:54.980,47.1300,100
34915186628136,09:41:55.186,47.1400,45
34916084559424,09:41:56.084,47.1400,55
34916295685345,09:41:56.295,47.1300,100
34919708810594,09:41:59.708,47.1400,100
34922465097567,09:42:02.465,47.1600,100
34930474566809,09:42:10.474,47.1600,100
34930474591641,09:42:10.474,47.1600,100
34939478727975,09:42:19.478,47.1700,100
34955022006288,09:42:35.022,47.1600,100
34986477994157,09:43:06.477,47.1700,100
35000279439247,09:43:20.279,47.1800,100
35000279997915,09:43:20.279,47.1700,85
35000281232530,09:43:20.281,47.1700,15
35000281797694,09:43:20.281,47.1700,85
35000593435641,09:43:20.593,47.1600,100
35002953123526,09:43:22.953,47.1700,2
35003751603021,09:43:23.751,47.1700,100
35014373099102,09:43:34.373,47.1600,1
35019428254821,09:43:39.428,47.1600,100
35019428254821,09:43:39.428,47.1600,100
35019428254821,09:43:39.428,47.1600,100
35022100409145,09:43:42.100,47.1600,100
35025463783090,09:43:45.463,47.1600,100
35029140731111,09:43:49.140,47.1700,100
35037478314304,09:43:57.478,47.1900,100
35043478632253,09:44:03.478,47.1900,100
35047803443942,09:44:07.803,47.1800,100
35054487789954,09:44:14.487,47.1800,100
35078604739528,09:44:38.604,47.1700,100
35078604739528,09:44:38.604,47.1700,100
35079681378741,09:44:39.681,47.1700,100
35084275202702,09:44:44.275,47.1800,100
35084902554661,09:44:44.902,47.1900,100
35085007423193,09:44:45.007,47.1900,84
35092293022306,09:44:52.293,47.1900,100
35094367383826,09:44:54.367,47.1900,100
35094451301760,09:44:54.451,47.1900,1
35095200274002,09:44:55.200,47.1900,58
35095200274002,09:44:55.200,47.1900,42
35095200336512,09:44:55.200,47.1900,58
35096034279691,09:44:56.034,47.1900,100
35097414684937,09:44:57.414,47.1900,100
35109281709281,09:45:09.281,47.1600,100
35114236994078,09:45:14.236,47.1500,26
35131949601621,09:45:31.949,47.1600,100
35180155766543,09:46:20.155,47.1800,1
35180155766543,09:46:20.155,47.1800,100
35180155766543,09:46:20.155,47.1800,100
35194164007252,09:46:34.164,47.1900,100
35195838584614,09:46:35.838,47.2000,100
35219852319251,09:46:59.852,47.1900,100
35219852319251,09:46:59.852,47.1900,100
35233238585055,09:47:13.238,47.1900,6
35253674628486,09:47:33.674,47.1900,100
35260004656370,09:47:40.004,47.1800,100
35260004656370,09:47:40.004,47.1800,100
35300018560315,09:48:20.018,47.1800,1
35300018560315,09:48:20.018,47.1800,100
35300018560315,09:48:20.018,47.1800,100
35300074131789,09:48:20.074,47.1800,100
35316723578432,09:48:36.723,47.1900,83
35319830714876,09:48:39.830,47.1800,7
35328010824729,09:48:48.010,47.1700,100
35328013669424,09:48:48.013,47.1700,100
35328013669424,09:48:48.013,47.1700,100
35328013669424,09:48:48.013,47.1700,100
35328013669424,09:48:48.013,47.1700,26
35328014156239,09:48:48.014,47.1700,100
35330635809177,09:48:50.635,47.1700,100
35330635809177,09:48:50.635,47.1700,40
35330662660625,09:48:50.662,47.1600,100
35330662660625,09:48:50.662,47.1600,100
35336247939880,09:48:56.247,47.1700,100
35356446291902,09:49:16.446,47.1800,100
35363297494748,09:49:23.297,47.1700,100
35372786275199,09:49:32.786,47.1600,35
35372786487853,09:49:32.786,47.1600,124
35372787204324,09:49:32.787,47.1600,60
35372787375861,09:49:32.787,47.1600,81
35372787375861,09:49:32.787,47.1600,7
35378511131887,09:49:38.511,47.1500,100
35380834822260,09:49:40.834,47.1500,100
35407003650215,09:50:07.003,47.1300,100
35407488907905,09:50:07.488,47.1300,100
35413707203794,09:50:13.707,47.1200,100
35413707284127,09:50:13.707,47.1200,100
35413707284127,09:50:13.707,47.1200,300
35413946633450,09:50:13.946,47.1200,24
35446561372912,09:50:46.561,47.1200,7
35446561372912,09:50:46.561,47.1200,293
35446561461725,09:50:46.561,47.1200,7
35448453906959,09:50:48.453,47.1100,45
35456024185331,09:50:56.024,47.1000,300
35458427032128,09:50:58.427,47.0900,200
35458427123557,09:50:58.427,47.0900,200
35458427123557,09:50:58.427,47.0900,19
35458427123557,09:50:58.427,47.0900,160
35458427190072,09:50:58.427,47.0900,140
35458427220092,09:50:58.427,47.0900,100
35470550882610,09:51:10.550,47.0900,100
35470550882610,09:51:10.550,47.0900,100
35490811596548,09:51:30.811,47.0900,100
35490811822695,09:51:30.811,47.0900,100
35490811822695,09:51:30.811,47.0900,100
35522499376934,09:52:02.499,47.1000,100
35561198500269,09:52:41.198,47.1100,100
35561198500269,09:52:41.198,47.1100,300
35564775456795,09:52:44.775,47.1000,100
35575482775479,09:52:55.482,47.1000,100
35575482775479,09:52:55.482,47.1000,100
35575489906959,09:52:55.489,47.1000,7
35593592355517,09:53:13.592,47.0900,9
35593593124822,09:53:13.593,47.0900,1
35593594306751,09:53:13.594,47.0900,90
35593594306751,09:53:13.594,47.0900,10
35593594754195,09:53:13.594,47.0900,56
35593595088603,09:53:13.595,47.0900,17
35593595120777,09:53:13.595,47.0900,17
35593603184521,09:53:13.603,47.0900,100
35610034424475,09:53:30.034,47.0900,100
35610034424475,09:53:30.034,47.0900,100
35610034424475,09:53:30.034,47.0900,35
35627499323475,09:53:47.499,47.0900,5
35635179147520,09:53:55.179,47.1100,100
35652030647057,09:54:12.030,47.1200,100
35659833213727,09:54:19.833,47.1200,100
35678513606409,09:54:38.513,47.1200,6
35678513923703,09:54:38.513,47.1200,100
35679540580748,09:54:39.540,47.1200,100
35679540580748,09:54:39.540,47.1200,100
35679540580748,09:54:39.540,47.1200,100
35694374758103,09:54:54.374,47.1200,100
35694374758103,09:54:54.374,47.1200,200
35694420166857,09:54:54.420,47.1200,100
35694420226987,09:54:54.420,47.1200,100
35694420668710,09:54:54.420,47.1200,100
35695825441523,09:54:55.825,47.1100,100
35695825441523,09:54:55.825,47.1100,100
35695825441523,09:54:55.825,47.1100,100
35695832254584,09:54:55.832,47.1000,26
35697029519012,09:54:57.029,47.1000,10
35710167097375,09:55:10.167,47.1000,64
35731422121887,09:55:31.422,47.0900,100
35731422121887,09:55:31.422,47.0900,7
35745719271805,09:55:45.719,47.0900,100
35745719271805,09:55:45.719,47.0900,100
35745761011393,09:55:45.761,47.0900,100
35747719050579,09:55:47.719,47.0900,100
35747719050579,09:55:47.719,47.0900,100
35755477104865,09:55:55.477,47.0800,100
35756030456991,09:55:56.030,47.0700,4
35756030456991,09:55:56.030,47.0700,200
35756030456991,09:55:56.030,47.0700,100
35757476898191,09:55:57.476,47.0700,100
35759477090502,09:55:59.477,47.0700,100
35761008282115,09:56:01.008,47.0700,60
35761008330890,09:56:01.008,47.0700,40
35767660676613,09:56:07.660,47.0500,7
35769110533905,09:56:09.110,47.0500,100
35769913166776,09:56:09.913,47.0500,100
35799925653044,09:56:39.925,47.0500,100
35799925653044,09:56:39.925,47.0500,6
35799929469847,09:56:39.929,47.0500,100
35809770179841,09:56:49.770,47.0700,100
35809774452991,09:56:49.774,47.0700,100
35809777573716,09:56:49.777,47.0700,100
35842307584744,09:57:22.307,47.0600,100
35842307962960,09:57:22.307,47.0600,32
35848335402376,09:57:28.335,47.0600,100
35862897703963,09:57:42.897,47.0600,6
35874429749079,09:57:54.429,47.0500,75
35923046618952,09:58:43.046,47.0700,100
35926415069449,09:58:46.415,47.0700,100
35926415069449,09:58:46.415,47.0700,5
35946496534564,09:59:06.496,47.0700,100
35948778826662,09:59:08.778,47.0700,100
36008119578230,10:00:08.119,47.0700,100
36008119654566,10:00:08.119,47.0700,90
36008119656222,10:00:08.119,47.0700,10
36008119681713,10:00:08.119,47.0700,10
36008119684789,10:00:08.119,47.0700,90
36015420517888,10:00:15.420,47.0600,22
36022534807290,10:00:22.534,47.0700,24
36022535039098,10:00:22.535,47.0700,76
36031930980954,10:00:31.930,47.0800,100
36055630920259,10:00:55.630,47.0800,15
36055630920259,10:00:55.630,47.0800,27
36065798432320,10:01:05.798,47.0700,100
36071244118362,10:01:11.244,47.0500,91
36071244160062,10:01:11.244,47.0500,9
36071257912113,10:01:11.257,47.0400,39
36071479527832,10:01:11.479,47.0400,2
36071479527832,10:01:11.479,47.0400,100
36071479527832,10:01:11.479,47.0400,100
36071479527832,10:01:11.479,47.0400,100
36075247127965,10:01:15.247,47.0500,100
36075247127965,10:01:15.247,47.0500,34
36098392210897,10:01:38.392,47.0600,100
36130604458704,10:02:10.604,47.0500,9
36130604719417,10:02:10.604,47.0500,94
36158265730946,10:02:38.265,47.0400,200
36158274286230,10:02:38.274,47.0400,15
36166647142967,10:02:46.647,47.0300,15
36166687140634,10:02:46.687,47.0200,100
36173760153645,10:02:53.760,47.0100,97
36173760153645,10:02:53.760,47.0100,100
36176770798241,10:02:56.770,47.0100,100
36196083030839,10:03:16.083,47.0000,100
36238558173993,10:03:58.558,47.0300,100
36238558173993,10:03:58.558,47.0300,45
36252582018996,10:04:12.582,47.0300,100
36252582018996,10:04:12.582,47.0300,25
36263829142221,10:04:23.829,47.0300,9
36263829460809,10:04:23.829,47.0300,90
36263940214824,10:04:23.940,47.0300,10
36267740294828,10:04:27.740,47.0300,90
36289817264287,10:04:49.817,47.0200,24
36306050136424,10:05:06.050,47.0300,10
36306050136424,10:05:06.050,47.0300,100
36320837373203,10:05:20.837,47.0400,100
36339720880247,10:05:39.720,47.0600,100
36363776305060,10:06:03.776,47.0600,8
36363776305060,10:06:03.776,47.0600,100
36383729597496,10:06:23.729,47.0700,100
36383729597496,10:06:23.729,47.0700,34
36383729597496,10:06:23.729,47.0700,100
36427642758107,10:07:07.642,47.0900,100
36437161528878,10:07:17.161,47.0800,24
36480815268754,10:08:00.815,47.0900,100
36480815268754,10:08:00.815,47.0900,100
36490163396549,10:08:10.163,47.1000,39
36490163404845,10:08:10.163,47.1000,61
36490163404845,10:08:10.163,47.1000,8
36490163404845,10:08:10.163,47.1000,100
36490163404845,10:08:10.163,47.1000,172
36490169027663,10:08:10.169,47.1000,100
36490169027663,10:08:10.169,47.1000,100
36490169027663,10:08:10.169,47.1000,100
36490169027663,10:08:10.169,47.1000,100
36490169027663,10:08:10.169,47.1000,28
36495826941206,10:08:15.826,47.0900,100
36495826941206,10:08:15.826,47.0900,100
36495826941206,10:08:15.826,47.0900,100
36495826941206,10:08:15.826,47.0900,100
36510641062550,10:08:30.641,47.0900,2
36515003163310,10:08:35.003,47.0800,100
36520728774192,10:08:40.728,47.0800,100
36520759600801,10:08:40.759,47.0800,100
36520759600801,10:08:40.759,47.0800,100
36528007774052,10:08:48.007,47.0800,100
36552869474371,10:09:12.869,47.0700,100
36552869474371,10:09:12.869,47.0700,21
36552869540290,10:09:12.869,47.0700,155
36561489481518,10:09:21.489,47.0600,100
36580378195359,10:09:40.378,47.0500,1
36585531483130,10:09:45.531,47.0500,73
36585532144323,10:09:45.532,47.0500,27
36585532144323,10:09:45.532,47.0500,100
36587123029418,10:09:47.123,47.0500,100
36600017775370,10:10:00.017,47.0600,28
36614017649519,10:10:14.017,47.0700,6
36615652177174,10:10:15.652,47.0700,100
36615652177174,10:10:15.652,47.0700,4
36629983788057,10:10:29.983,47.0800,100
36631065821968,10:10:31.065,47.0800,100
36631065821968,10:10:31.065,47.0800,100
36631073048942,10:10:31.073,47.0800,100
36648588995290,10:10:48.588,47.0700,100
36648588995290,10:10:48.588,47.0700,100
36650198990280,10:10:50.198,47.0700,100
36650198990280,10:10:50.198,47.0700,100
36650198990280,10:10:50.198,47.0700,100
36653042467299,10:10:53.042,47.0600,19
36655265020956,10:10:55.265,47.0600,81
36664064984495,10:11:04.064,47.0600,100
36664064984495,10:11:04.064,47.0600,100
36664064984495,10:11:04.064,47.0600,100
36697831953112,10:11:37.831,47.0700,100
36708690216866,10:11:48.690,47.0900,53
36708690311857,10:11:48.690,47.0900,47
36708690311857,10:11:48.690,47.0900,100
36708690311857,10:11:48.690,47.0900,100
36710781592472,10:11:50.781,47.0900,100
36715343749335,10:11:55.343,47.0800,100
36715343749335,10:11:55.343,47.0800,36
36750481097860,10:12:30.481,47.0700,38
36750481101212,10:12:30.481,47.0700,162
36750483728784,10:12:30.483,47.0700,100
36750483728784,10:12:30.483,47.0800,7
36750483728784,10:12:30.483,47.0800,30
36750483782417,10:12:30.483,47.0800,100
36750484201338,10:12:30.484,47.0800,100
36770354494545,10:12:50.354,47.0900,12
36770354494545,10:12:50.354,47.0900,3
36770354494545,10:12:50.354,47.0900,85
36771572821541,10:12:51.572,47.0900,100
36771572821541,10:12:51.572,47.0900,100
36787994664887,10:13:07.994,47.1000,69
36789979799921,10:13:09.979,47.1000,31
36792530197481,10:13:12.530,47.1200,100
36792530197481,10:13:12.530,47.1200,100
36792530197481,10:13:12.530,47.1200,100
36814404249519,10:13:34.404,47.1300,69
36815432893706,10:13:35.432,47.1200,100
36815432893706,10:13:35.432,47.1200,119
36815432893706,10:13:35.432,47.1200,100
36858259046580,10:14:18.259,47.1100,100
36881192325656,10:14:41.192,47.1000,100
36881192325656,10:14:41.192,47.1000,100
36881192325656,10:14:41.192,47.1000,100
36896081389182,10:14:56.081,47.1100,9
36896081389182,10:14:56.081,47.1100,100
36911638419887,10:15:11.638,47.1100,100
36965764675037,10:16:05.764,47.1200,100
36967395997579,10:16:07.395,47.1200,100
36969647666328,10:16:09.647,47.1200,100
37039547894455,10:17:19.547,47.1200,100
37039547894455,10:17:19.547,47.1200,100
37039547894455,10:17:19.547,47.1200,90
37039549330255,10:17:19.549,47.1200,10
37039549330255,10:17:19.549,47.1200,100
37039549330255,10:17:19.549,47.1200,100
37052057430739,10:17:32.057,47.1200,187
37062547998739,10:17:42.547,47.1300,100
37087380153340,10:18:07.380,47.1300,100
37087380153340,10:18:07.380,47.1300,100
37087406032040,10:18:07.406,47.1300,100
37087406032040,10:18:07.406,47.1300,100
37087406032040,10:18:07.406,47.1300,100
37087406032040,10:18:07.406,47.1300,200
37087406032040,10:18:07.406,47.1300,100
37087406032040,10:18:07.406,47.1300,200
37087655883763,10:18:07.655,47.1300,71
37087655914822,10:18:07.655,47.1300,29
37091040899170,10:18:11.040,47.1300,100
37091040899170,10:18:11.040,47.1300,100
37091040899170,10:18:11.040,47.1300,100
37091040899170,10:18:11.040,47.1300,37
37091040899170,10:18:11.040,47.1300,100
37091040899170,10:18:11.040,47.1300,400
37091040899170,10:18:11.040,47.1300,151
37091524863971,10:18:11.524,47.1300,100
37096282427533,10:18:16.282,47.1300,2
37105495711817,10:18:25.495,47.1200,100
37105495711817,10:18:25.495,47.1200,100
37105495711817,10:18:25.495,47.1200,100
37135038505014,10:18:55.038,47.1100,100
37135038531019,10:18:55.038,47.1100,100
37135038531019,10:18:55.038,47.1100,100
37140189857794,10:19:00.189,47.1100,10
37167745615337,10:19:27.745,47.1200,200
37167745615337,10:19:27.745,47.1200,12
37167745615337,10:19:27.745,47.1200,200
37173681435220,10:19:33.681,47.1300,100
37180187135403,10:19:40.187,47.1400,100
37180187135403,10:19:40.187,47.1400,100
37193296393376,10:19:53.296,47.1500,4
37193296393376,10:19:53.296,47.1500,96
37193296428413,10:19:53.296,47.1500,4
37206296354884,10:20:06.296,47.1600,100
37206296354884,10:20:06.296,47.1600,100
37206296354884,10:20:06.296,47.1600,10
37234139682407,10:20:34.139,47.1600,100
37234139682407,10:20:34.139,47.1600,100
37234139682407,10:20:34.139,47.1600,300
37235482021089,10:20:35.482,47.1550,100
37235482021089,10:20:35.482,47.1500,100
37235482021089,10:20:35.482,47.1500,100
37235482021089,10:20:35.482,47.1500,100
37235482058558,10:20:35.482,47.1500,100
37237237716086,10:20:37.237,47.1450,100
37237237716086,10:20:37.237,47.1400,100
37238955134034,10:20:38.955,47.1400,100
37238955134034,10:20:38.955,47.1400,24
37238955160016,10:20:38.955,47.1400,26
37238955160016,10:20:38.955,47.1400,100
37242462043053,10:20:42.462,47.1350,100
37242462058487,10:20:42.462,47.1300,100
37257580514754,10:20:57.580,47.1300,100
37264227068290,10:21:04.227,47.1250,100
37268307536319,10:21:08.307,47.1200,33
37278172729397,10:21:18.172,47.1150,100
37278176328650,10:21:18.176,47.1100,200
37278176375859,10:21:18.176,47.1100,100
37281278362739,10:21:21.278,47.1100,100
37281279724037,10:21:21.279,47.1100,100
37281350158243,10:21:21.350,47.1100,100
37285104502187,10:21:25.104,47.1150,74
37301322517386,10:21:41.322,47.1000,26
37314567399712,10:21:54.567,47.0950,100
37314567478924,10:21:54.567,47.0900,100
37316600596811,10:21:56.600,47.0900,1
37321467905328,10:22:01.467,47.0900,100
37340028166439,10:22:20.028,47.0750,100
37340028166439,10:22:20.028,47.0700,100
37340028194017,10:22:20.028,47.0700,100
37344113408657,10:22:24.113,47.0650,100
37354006974760,10:22:34.006,47.0700,8
37354006974760,10:22:34.006,47.0700,100
37354007064043,10:22:34.007,47.0700,100
37381600415140,10:23:01.600,47.0600,200
37389554657281,10:23:09.554,47.0600,100
37389554657281,10:23:09.554,47.0600,100
37389554657281,10:23:09.554,47.0600,100
37389554657281,10:23:09.554,47.0600,200
37428043995234,10:23:48.043,47.0600,100
37428043995234,10:23:48.043,47.0600,100
37464653821533,10:24:24.653,47.0600,100
37466842183181,10:24:26.842,47.0600,100
37466842183181,10:24:26.842,47.0600,9
37495657010842,10:24:55.657,47.0600,100
37495657010842,10:24:55.657,47.0600,100
37497298785225,10:24:57.298,47.0600,100
37497298785225,10:24:57.298,47.0600,100
37505167188464,10:25:05.167,47.0600,33
37510876879200,10:25:10.876,47.0600,57
37510876879200,10:25:10.876,47.0700,100
37510876879200,10:25:10.876,47.0700,100
37510876879200,10:25:10.876,47.0700,100
37510876879200,10:25:10.876,47.0700,100
37510876879200,10:25:10.876,47.0700,41
37510920574473,10:25:10.920,47.0700,100
37510920574473,10:25:10.920,47.0700,32
37537915809866,10:25:37.915,47.0700,100
37537915809866,10:25:37.915,47.0700,100
37537915809866,10:25:37.915,47.0700,169
37539155276277,10:25:39.155,47.0700,100
37574175293590,10:26:14.175,47.0800,100
37574175293590,10:26:14.175,47.0800,100
37574175708316,10:26:14.175,47.0800,100
37574175708316,10:26:14.175,47.0800,100
37574177500791,10:26:14.177,47.0800,100
37574177500791,10:26:14.177,47.0800,100
37599351950478,10:26:39.351,47.0800,80
37599352015162,10:26:39.352,47.0800,120
37599360235579,10:26:39.360,47.0700,100
37599360235579,10:26:39.360,47.0700,100
37599362427196,10:26:39.362,47.0700,100
37599362427196,10:26:39.362,47.0700,100
37599362427196,10:26:39.362,47.0700,100
37599364816496,10:26:39.364,47.0700,100
37599364816496,10:26:39.364,47.0700,100
37599364816496,10:26:39.364,47.0700,100
37599364816496,10:26:39.364,47.0700,100
37614530291170,10:26:54.530,47.0700,14
37631616277605,10:27:11.616,47.0700,72
37631616279353,10:27:11.616,47.0700,28
37649308609004,10:27:29.308,47.0700,100
37649308609004,10:27:29.308,47.0700,100
37649308609004,10:27:29.308,47.0700,47
37649308640211,10:27:29.308,47.0700,53
37649308640211,10:27:29.308,47.0700,9
37649910195686,10:27:29.910,47.0700,100
37649910195686,10:27:29.910,47.0700,100
37649910195686,10:27:29.910,47.0700,100
37660032127114,10:27:40.032,47.0700,100
37685770049409,10:28:05.770,47.0800,2
37721526388900,10:28:41.526,47.0700,100
37721526388900,10:28:41.526,47.0700,100
37721544010065,10:28:41.544,47.0600,46
37721544010065,10:28:41.544,47.0600,100
37721544010065,10:28:41.544,47.0600,200
37721569479529,10:28:41.569,47.0600,100
37721569479529,10:28:41.569,47.0600,100
37721569479529,10:28:41.569,47.0600,100
37721569479529,10:28:41.569,47.0600,11
37744090445788,10:29:04.090,47.0700,100
37754171281005,10:29:14.171,47.0700,100
37775745954773,10:29:35.745,47.0700,196
37792727355832,10:29:52.727,47.0750,116
37792727355832,10:29:52.727,47.0700,62
37792727355832,10:29:52.727,47.0700,84
37792727442439,10:29:52.727,47.0700,16
37792727442439,10:29:52.727,47.0700,13
37792727529853,10:29:52.727,47.0700,87
37802690984577,10:30:02.690,47.0700,351
37802690995156,10:30:02.690,47.0700,58
37802690995156,10:30:02.690,47.0700,100
37802690995156,10:30:02.690,47.0700,34
37802690996354,10:30:02.690,47.0700,66
37806885813836,10:30:06.885,47.0650,48
37806887516376,10:30:06.887,47.0650,52
37806887516376,10:30:06.887,47.0600,32
37806888576929,10:30:06.888,47.0600,68
37806888867145,10:30:06.888,47.0600,20
37806889026504,10:30:06.889,47.0600,20
37806889189513,10:30:06.889,47.0650,100
37806889284657,10:30:06.889,47.0650,64
37806890224576,10:30:06.890,47.0650,36
37806890224576,10:30:06.890,47.0600,64
37806890258651,10:30:06.890,47.0600,36
37811286583684,10:30:11.286,47.0600,100
37811286583684,10:30:11.286,47.0600,8
37811286697320,10:30:11.286,47.0600,100
37811286875023,10:30:11.286,47.0600,100
37811286875023,10:30:11.286,47.0600,24
37811287074083,10:30:11.287,47.0600,76
37817160418763,10:30:17.160,47.0650,24
37817160418763,10:30:17.160,47.0600,100
37817160418763,10:30:17.160,47.0600,76
37817160452110,10:30:17.160,47.0600,24
37817160517930,10:30:17.160,47.0600,24
37845307181175,10:30:45.307,47.0700,17
37845307181175,10:30:45.307,47.0700,83
37845307210411,10:30:45.307,47.0700,17
37845307304978,10:30:45.307,47.0700,17
37845307870152,10:30:45.307,47.0700,83
37880129719035,10:31:20.129,47.0850,17
37886081416206,10:31:26.081,47.0900,83
37935386415281,10:32:15.386,47.0900,80
37935386439885,10:32:15.386,47.0900,20
37940098364812,10:32:20.098,47.1000,100
37940098364812,10:32:20.098,47.1000,10
37944971665833,10:32:24.971,47.1000,100
37944971665833,10:32:24.971,47.1000,100
37979656761259,10:32:59.656,47.1100,100
37979656761259,10:32:59.656,47.1100,66
37979656761259,10:32:59.656,47.1100,100
37979656761259,10:32:59.656,47.1100,44
37979656761259,10:32:59.656,47.1100,100
37979656761259,10:32:59.656,47.1100,100
37979656927374,10:32:59.656,47.1100,29
37989926120290,10:33:09.926,47.1100,100
37994602869394,10:33:14.602,47.1200,1
37995678306133,10:33:15.678,47.1200,199
38038279952435,10:33:58.279,47.1300,100
38052110536328,10:34:12.110,47.1300,98
38052110554110,10:34:12.110,47.1350,100
38052110554110,10:34:12.110,47.1300,1
38052110556497,10:34:12.110,47.1300,1
38052110556497,10:34:12.110,47.1300,100
38052110556497,10:34:12.110,47.1300,200
38052110556497,10:34:12.110,47.1300,1
38052110674159,10:34:12.110,47.1300,100
38052110766996,10:34:12.110,47.1300,100
38052110766996,10:34:12.110,47.1300,100
38052110984026,10:34:12.110,47.1300,37
38052111062693,10:34:12.111,47.1300,63
38052111102267,10:34:12.111,47.1300,100
38052111109463,10:34:12.111,47.1300,700
38052111211145,10:34:12.111,47.1300,100
38052111307603,10:34:12.111,47.1300,100
38052111307603,10:34:12.111,47.1300,100
38052111307603,10:34:12.111,47.1300,100
38052111307603,10:34:12.111,47.1300,100
38052111307603,10:34:12.111,47.1300,100
38052111307603,10:34:12.111,47.1300,200
38052111307603,10:34:12.111,47.1300,100
38052111307603,10:34:12.111,47.1300,100
38052111307603,10:34:12.111,47.1300,100
38052111378988,10:34:12.111,47.1300,100
38065252681828,10:34:25.252,47.1200,100
38065252681828,10:34:25.252,47.1200,100
38065252681828,10:34:25.252,47.1200,100
38065252681828,10:34:25.252,47.1200,100
38065253147836,10:34:25.253,47.1200,100
38065253530395,10:34:25.253,47.1200,24
38065253715868,10:34:25.253,47.1200,76
38065253715868,10:34:25.253,47.1200,100
38065254546652,10:34:25.254,47.1200,100
38072003139755,10:34:32.003,47.1200,100
38072003139755,10:34:32.003,47.1200,100
38072003217601,10:34:32.003,47.1200,100
38074784629089,10:34:34.784,47.1100,100
38074784744636,10:34:34.784,47.1100,100
38074785142717,10:34:34.785,47.1100,100
38074785142717,10:34:34.785,47.1100,100
38074785455985,10:34:34.785,47.1100,21
38074785569189,10:34:34.785,47.1100,79
38074785569189,10:34:34.785,47.1100,21
38074786018603,10:34:34.786,47.1100,79
38074786411994,10:34:34.786,47.1100,21
38074786411994,10:34:34.786,47.1100,100
38074822127894,10:34:34.822,47.1100,100
38074822127894,10:34:34.822,47.1100,77
38080913784590,10:34:40.913,47.1100,100
38086836151237,10:34:46.836,47.1100,100
38086836151237,10:34:46.836,47.1100,100
38086837654011,10:34:46.837,47.1100,100
38158921071302,10:35:58.921,47.1000,100
38175811592557,10:36:15.811,47.1000,100
38175811592557,10:36:15.811,47.1000,100
38175811592557,10:36:15.811,47.1000,100
38175811592557,10:36:15.811,47.1000,11
38175811683569,10:36:15.811,47.1000,7
38175811698761,10:36:15.811,47.1000,93
38175811698761,10:36:15.811,47.1000,7
38175812098825,10:36:15.812,47.1000,23
38175813693370,10:36:15.813,47.1000,100
38218782800050,10:36:58.782,47.1100,100
38218782800050,10:36:58.782,47.1100,100
38218782800050,10:36:58.782,47.1100,100
38218782800050,10:36:58.782,47.1100,100
38218783334976,10:36:58.783,47.1100,100
38218783334976,10:36:58.783,47.1100,100
38218783334976,10:36:58.783,47.1100,200
38218783334976,10:36:58.783,47.1100,200
38218783334976,10:36:58.783,47.1100,100
38218783334976,10:36:58.783,47.1100,100
38218783585964,10:36:58.783,47.1100,100
38218783585964,10:36:58.783,47.1100,100
38218783585964,10:36:58.783,47.1100,100
38218783679811,10:36:58.783,47.1100,100
38218783679811,10:36:58.783,47.1100,67
38218783691722,10:36:58.783,47.1100,33
38218784303855,10:36:58.784,47.1100,100
38218784303855,10:36:58.784,47.1100,100
38218784303855,10:36:58.784,47.1100,100
38218784303855,10:36:58.784,47.1100,100
38218784303855,10:36:58.784,47.1100,100
38230569552700,10:37:10.569,47.1000,100
38230569552700,10:37:10.569,47.1000,29
38230569579813,10:37:10.569,47.1000,71
38230569579813,10:37:10.569,47.1000,100
38230569579813,10:37:10.569,47.1000,400
38230569718260,10:37:10.569,47.1000,100
38230570083129,10:37:10.570,47.1000,43
38230570184565,10:37:10.570,47.1000,24
38236504863664,10:37:16.504,47.1000,15
38238141346457,10:37:18.141,47.1000,85
38238141346457,10:37:18.141,47.1000,100
38238141346457,10:37:18.141,47.1000,100
38238141346457,10:37:18.141,47.1000,100
38238141710204,10:37:18.141,47.1000,100
38238141710204,10:37:18.141,47.1000,100
38238141952504,10:37:18.141,47.1000,100
38238142955974,10:37:18.142,47.1000,100
38238143463543,10:37:18.143,47.1000,100
38238148596553,10:37:18.148,47.1000,100
38238149128053,10:37:18.149,47.1000,31
38238190263003,10:37:18.190,47.1000,69
38238190263003,10:37:18.190,47.1000,100
38238191433616,10:37:18.191,47.1000,10
38264597740356,10:37:44.597,47.1000,90
38264597740356,10:37:44.597,47.1000,10
38271252464901,10:37:51.252,47.1000,90
38271252464901,10:37:51.252,47.1000,10
38271252477720,10:37:51.252,47.1000,90
38271252477720,10:37:51.252,47.1000,10
38271252610224,10:37:51.252,47.1000,90
38271252610224,10:37:51.252,47.1000,10
38273917550723,10:37:53.917,47.1000,90
38273917550723,10:37:53.917,47.1000,36
38273918067500,10:37:53.918,47.1000,64
38273918067500,10:37:53.918,47.1000,36
38273920019653,10:37:53.920,47.1000,64
38273920019653,10:37:53.920,47.1000,93
38273920066920,10:37:53.920,47.1000,7
38292296055597,10:38:12.296,47.1100,100
38292296055597,10:38:12.296,47.1100,100
38292296055597,10:38:12.296,47.1100,200
38292297953341,10:38:12.297,47.1100,100
38292297984995,10:38:12.297,47.1100,100
38292298013276,10:38:12.298,47.1100,200
38292298013276,10:38:12.298,47.1100,100
38292298013276,10:38:12.298,47.1100,100
38292298013276,10:38:12.298,47.1100,100
38292298013276,10:38:12.298,47.1100,200
38292298013276,10:38:12.298,47.1100,100
38292298013276,10:38:12.298,47.1100,100
38292298015996,10:38:12.298,47.1100,100
38292298034121,10:38:12.298,47.1100,100
38292298042316,10:38:12.298,47.1100,100
38292298052349,10:38:12.298,47.1100,100
38292298052964,10:38:12.298,47.1100,100
38292298145885,10:38:12.298,47.1100,92
38292298149696,10:38:12.298,47.1100,128
38292313001149,10:38:12.313,47.1000,100
38294956844375,10:38:14.956,47.1000,200
38343794769080,10:39:03.794,47.1100,35
38343795238795,10:39:03.795,47.1100,45
38343798178240,10:39:03.798,47.1100,20
38343798178240,10:39:03.798,47.1100,80
38357521832538,10:39:17.521,47.1050,100
38357522853332,10:39:17.522,47.1050,100
38357522853332,10:39:17.522,47.1050,100
38358449469314,10:39:18.449,47.1050,100
38358455856598,10:39:18.455,47.1050,100
38359447304059,10:39:19.447,47.1050,200
38367980762997,10:39:27.980,47.1100,20
38367980762997,10:39:27.980,47.1100,100
38367980762997,10:39:27.980,47.1100,82
38367980772324,10:39:27.980,47.1100,18
38367980772324,10:39:27.980,47.1100,100
38383259118684,10:39:43.259,47.1150,100
38383259118684,10:39:43.259,47.1100,100
38383259118684,10:39:43.259,47.1100,100
38383259873880,10:39:43.259,47.1100,100
38383259873880,10:39:43.259,47.1100,100
38413370480617,10:40:13.370,47.1100,10
38456049441555,10:40:56.049,47.1050,100
38456049441555,10:40:56.049,47.1000,100
38456049441555,10:40:56.049,47.1000,100
38456049441555,10:40:56.049,47.1000,100
38456049441555,10:40:56.049,47.1000,100
38456049441555,10:40:56.049,47.1000,100
38456049441555,10:40:56.049,47.1000,1
38456049444503,10:40:56.049,47.1000,99
38456049444503,10:40:56.049,47.1000,1
38456049444503,10:40:56.049,47.1000,501
38456049477343,10:40:56.049,47.1000,48
38456049666571,10:40:56.049,47.1000,92
38456049815109,10:40:56.049,47.1000,8
38456049815109,10:40:56.049,47.1000,12
38456049875155,10:40:56.049,47.1000,88
38456049875155,10:40:56.049,47.1000,100
38456049875155,10:40:56.049,47.1000,100
38456049875155,10:40:56.049,47.1000,12
38456049940418,10:40:56.049,47.1000,100
38456049940418,10:40:56.049,47.1000,62
38456050029404,10:40:56.050,47.1000,1
38456050104063,10:40:56.050,47.1000,99
38456050104063,10:40:56.050,47.1000,1
38456050152798,10:40:56.050,47.1000,99
38456050332941,10:40:56.050,47.1000,94
38456060762928,10:40:56.060,47.1000,74
38463437944902,10:41:03.437,47.0950,100
38463437944902,10:41:03.437,47.0950,100
38463437944902,10:41:03.437,47.0900,100
38463437944902,10:41:03.437,47.0900,100
38463437944902,10:41:03.437,47.0900,20
38463438282400,10:41:03.438,47.0900,80
38463438282400,10:41:03.438,47.0900,21
38463438492848,10:41:03.438,47.0900,40
38463438664524,10:41:03.438,47.0900,4
38463439030844,10:41:03.439,47.0900,35
38463439030844,10:41:03.439,47.0900,100
38463439030844,10:41:03.439,47.0900,65
38463439055160,10:41:03.439,47.0900,135
38463441511035,10:41:03.441,47.0900,100
38463441713596,10:41:03.441,47.0900,100
38463441820197,10:41:03.441,47.0900,100
38463443580273,10:41:03.443,47.0900,100
38463450163513,10:41:03.450,47.0900,100
38490035239372,10:41:30.035,47.0900,100
38490035239372,10:41:30.035,47.0900,100
38490035239372,10:41:30.035,47.0900,100
38490035239372,10:41:30.035,47.0900,100
38490035347368,10:41:30.035,47.0900,100
38490035523250,10:41:30.035,47.0900,100
38490060112312,10:41:30.060,47.0850,100
38490060112312,10:41:30.060,47.0800,90
38507417821698,10:41:47.417,47.0850,100
38507417821698,10:41:47.417,47.0800,10
38507417821698,10:41:47.417,47.0800,100
38507417821698,10:41:47.417,47.0800,100
38507417850019,10:41:47.417,47.0800,100
38515157417950,10:41:55.157,47.0800,100
38515157417950,10:41:55.157,47.0800,51
38515157420196,10:41:55.157,47.0800,49
38515157420196,10:41:55.157,47.0800,100
38542493000103,10:42:22.493,47.0850,100
38581846979640,10:43:01.846,47.0900,100
38581847063019,10:43:01.847,47.0900,100
38581847063019,10:43:01.847,47.0900,36
38581847413872,10:43:01.847,47.0900,100
38581847413872,10:43:01.847,47.0900,100
38584892014502,10:43:04.892,47.1000,2
38644035952228,10:44:04.035,47.1000,300
38644035952228,10:44:04.035,47.1000,200
38644035952228,10:44:04.035,47.1000,9
38644036553243,10:44:04.036,47.1000,100
38644036783794,10:44:04.036,47.1000,16
38644036783794,10:44:04.036,47.1000,119
38644036822078,10:44:04.036,47.1000,81
38644037901138,10:44:04.037,47.1000,100
38644884885057,10:44:04.884,47.1100,100
38644884885057,10:44:04.884,47.1100,100
38645782878593,10:44:05.782,47.1200,100
38645782878593,10:44:05.782,47.1200,100
38657472250217,10:44:17.472,47.1200,100
38691435681610,10:44:51.435,47.1300,100
38694517245670,10:44:54.517,47.1300,100
38694517245670,10:44:54.517,47.1300,100
38694519477928,10:44:54.519,47.1400,100
38694519477928,10:44:54.519,47.1400,100
38711507943377,10:45:11.507,47.1500,100
38714403738039,10:45:14.403,47.1500,100
38714403738039,10:45:14.403,47.1500,100
38714403738039,10:45:14.403,47.1500,100
38714403738039,10:45:14.403,47.1500,100
38714403738039,10:45:14.403,47.1500,100
38714408298477,10:45:14.408,47.1400,100
38714408298477,10:45:14.408,47.1400,100
38714408298477,10:45:14.408,47.1400,100
38714408298477,10:45:14.408,47.1400,200
38714408298477,10:45:14.408,47.1400,12
38714408715196,10:45:14.408,47.1400,88
38714408715196,10:45:14.408,47.1400,100
38717592131321,10:45:17.592,47.1350,100
38717592131321,10:45:17.592,47.1300,100
38717592131321,10:45:17.592,47.1300,100
38717592131321,10:45:17.592,47.1300,100
38742904780176,10:45:42.904,47.1300,87
38744852304635,10:45:44.852,47.1300,52
38744852663265,10:45:44.852,47.1300,61
38744852663265,10:45:44.852,47.1300,100
38744852663265,10:45:44.852,47.1300,200
38744852663265,10:45:44.852,47.1300,100
38749956900924,10:45:49.956,47.1200,100
38749956900924,10:45:49.956,47.1200,5
38754969411169,10:45:54.969,47.1200,95
38754969411169,10:45:54.969,47.1200,5
38756099581009,10:45:56.099,47.1200,95
38756099581009,10:45:56.099,47.1200,100
38756099581009,10:45:56.099,47.1200,100
38756099581009,10:45:56.099,47.1200,105
38756100546436,10:45:56.100,47.1200,95
38756100546436,10:45:56.100,47.1200,100
38756100546436,10:45:56.100,47.1200,100
38756100546436,10:45:56.100,47.1200,10
38757020608264,10:45:57.020,47.1200,90
38757020608264,10:45:57.020,47.1200,10
38758009350599,10:45:58.009,47.1200,100
38764055566637,10:46:04.055,47.1200,100
38764055566637,10:46:04.055,47.1200,100
38764055566637,10:46:04.055,47.1200,9
38764055566637,10:46:04.055,47.1200,200
38818526796908,10:46:58.526,47.1200,200
38818526796908,10:46:58.526,47.1200,100
38822316302695,10:47:02.316,47.1100,100
38822316302695,10:47:02.316,47.1100,100
38822316302695,10:47:02.316,47.1100,100
38823010456595,10:47:03.010,47.1100,100
38823010456595,10:47:03.010,47.1100,100
38823911098473,10:47:03.911,47.1000,100
38823919252024,10:47:03.919,47.1000,100
38825012650355,10:47:05.012,47.1100,100
38825306527330,10:47:05.306,47.1000,93
38825306527330,10:47:05.306,47.1000,100
38825306527330,10:47:05.306,47.1000,7
38825858834978,10:47:05.858,47.1000,100
38826745799758,10:47:06.745,47.1000,100
38826745799758,10:47:06.745,47.1000,100
38839377847962,10:47:19.377,47.1100,100
38840167867844,10:47:20.167,47.1100,100
38903770574992,10:48:23.770,47.1200,21
38905539119153,10:48:25.539,47.1300,100
38905539119153,10:48:25.539,47.1300,24
38949936242984,10:49:09.936,47.1300,100
38961128134088,10:49:21.128,47.1500,100
39009858711233,10:50:09.858,47.1600,10
39009858711233,10:50:09.858,47.1600,100
39012271113838,10:50:12.271,47.1700,100
39036264608914,10:50:36.264,47.1700,400
39036264608914,10:50:36.264,47.1700,100
39036264608914,10:50:36.264,47.1700,100
39036264608914,10:50:36.264,47.1700,100
39036282811920,10:50:36.282,47.1650,100
39076027824694,10:51:16.027,47.1700,100
39076027824694,10:51:16.027,47.1700,100
39076028058049,10:51:16.028,47.1700,100
39092966396739,10:51:32.966,47.1700,100
39092966958398,10:51:32.966,47.1700,100
39092966958398,10:51:32.966,47.1700,20
39092966998118,10:51:32.966,47.1700,80
39093076340539,10:51:33.076,47.1650,100
39094221614857,10:51:34.221,47.1650,100
39121114462687,10:52:01.114,47.1800,100
39121114462687,10:52:01.114,47.1800,100
39135144683855,10:52:15.144,47.1750,100
39135182145276,10:52:15.182,47.1750,3
39161359999809,10:52:41.359,47.1750,100
39169760856647,10:52:49.760,47.1800,76
39169760856647,10:52:49.760,47.1800,100
39169760856647,10:52:49.760,47.1800,100
39169760856647,10:52:49.760,47.1800,300
39169760856647,10:52:49.760,47.1800,124
39176521265859,10:52:56.521,47.1800,1
39184984574419,10:53:04.984,47.1750,97
39184984574419,10:53:04.984,47.1750,100
39236627772681,10:53:56.627,47.1750,100
39244414232355,10:54:04.414,47.1750,100
39286763730440,10:54:46.763,47.1750,59
39308120057797,10:55:08.120,47.1800,10
39309052773872,10:55:09.052,47.1750,41
39309052773872,10:55:09.052,47.1700,59
39309052841079,10:55:09.052,47.1700,41
39309052841079,10:55:09.052,47.1700,59
39309052857624,10:55:09.052,47.1700,41
39309052857624,10:55:09.052,47.1700,59
39309052921336,10:55:09.052,47.1700,41
39309052921336,10:55:09.052,47.1700,59
39309053438701,10:55:09.053,47.1700,41
39309053438701,10:55:09.053,47.1700,51
39309053438701,10:55:09.053,47.1700,100
39309053532242,10:55:09.053,47.1700,51
39309053844056,10:55:09.053,47.1700,49
39309053844056,10:55:09.053,47.1700,100
39309053844056,10:55:09.053,47.1700,100
39309053844056,10:55:09.053,47.1700,100
39309053919757,10:55:09.053,47.1700,100
39368007725195,10:56:08.007,47.1650,100
39377657878729,10:56:17.657,47.1650,100
39377657994529,10:56:17.657,47.1600,50
39382143118759,10:56:22.143,47.1650,100
39409429550970,10:56:49.429,47.1650,100
39466898841943,10:57:46.898,47.1650,100
39466898841943,10:57:46.898,47.1600,100
39466898841943,10:57:46.898,47.1600,100
39466898841943,10:57:46.898,47.1600,100
39466898841943,10:57:46.898,47.1600,38
39466898857962,10:57:46.898,47.1600,62
39466898926603,10:57:46.898,47.1600,100
39466900877426,10:57:46.900,47.1600,100
39466944753497,10:57:46.944,47.1600,100
39466946147418,10:57:46.946,47.1600,100
39467731562570,10:57:47.731,47.1650,11
39468244542114,10:57:48.244,47.1650,89
39468244542114,10:57:48.244,47.1600,7
39468244547636,10:57:48.244,47.1600,89
39469408137670,10:57:49.408,47.1550,100
39475990617619,10:57:55.990,47.1500,100
39475990617619,10:57:55.990,47.1500,100
39475990617619,10:57:55.990,47.1500,100
39475990617619,10:57:55.990,47.1500,100
39475990834441,10:57:55.990,47.1500,100
39485728162133,10:58:05.728,47.1450,100
39513549608580,10:58:33.549,47.1400,100
39513549608580,10:58:33.549,47.1400,100
39513549608580,10:58:33.549,47.1400,100
39513549608580,10:58:33.549,47.1400,100
39513559554020,10:58:33.559,47.1300,84
39513565146390,10:58:33.565,47.1300,16
39513565146390,10:58:33.565,47.1300,100
39513565146390,10:58:33.565,47.1300,64
39513565216653,10:58:33.565,47.1300,36
39513580350626,10:58:33.580,47.1300,100
39513580350626,10:58:33.580,47.1300,100
39513580350626,10:58:33.580,47.1300,200
39513580350626,10:58:33.580,47.1300,100
39513580350626,10:58:33.580,47.1300,100
39514859799764,10:58:34.859,47.1300,100
39514859799764,10:58:34.859,47.1300,100
39514859799764,10:58:34.859,47.1300,100
39514859799764,10:58:34.859,47.1300,100
39549093323603,10:59:09.093,47.1300,100
39577984712521,10:59:37.984,47.1300,300
39577984712521,10:59:37.984,47.1300,100
39578009412215,10:59:38.009,47.1200,200
39585102094952,10:59:45.102,47.1200,90
39585102094952,10:59:45.102,47.1200,100
39585102094952,10:59:45.102,47.1200,10
39592054623126,10:59:52.054,47.1200,22
39601233536931,11:00:01.233,47.1200,100
39616932846798,11:00:16.932,47.1300,200
39616949877979,11:00:16.949,47.1300,100
39616949877979,11:00:16.949,47.1300,10
39616951718860,11:00:16.951,47.1300,200
39616951718860,11:00:16.951,47.1300,100
39632831503809,11:00:32.831,47.1300,100
39632831503809,11:00:32.831,47.1300,100
39632831503809,11:00:32.831,47.1300,200
39648670504380,11:00:48.670,47.1200,200
39648670834451,11:00:48.670,47.1100,100
39662824845579,11:01:02.824,47.1200,100
39662824845579,11:01:02.824,47.1200,100
39662825842045,11:01:02.825,47.1200,86
39662826161071,11:01:02.826,47.1200,14
39663068711298,11:01:03.068,47.1300,200
39663068711298,11:01:03.068,47.1300,140
39663390156277,11:01:03.390,47.1400,100
39663390156277,11:01:03.390,47.1400,100
39663390766282,11:01:03.390,47.1400,100
39663390766282,11:01:03.390,47.1400,100
39663391012351,11:01:03.391,47.1400,300
39663391425165,11:01:03.391,47.1400,200
39663392489984,11:01:03.392,47.1400,300
39663455880980,11:01:03.455,47.1400,100
39663459537069,11:01:03.459,47.1500,100
39663460402087,11:01:03.460,47.1500,300
39663460402087,11:01:03.460,47.1500,100
39663480242366,11:01:03.480,47.1600,42
39663481891703,11:01:03.481,47.1600,10
39663482349670,11:01:03.482,47.1600,48
39663482349670,11:01:03.482,47.1600,100
39663655122059,11:01:03.655,47.1600,100
39663655216205,11:01:03.655,47.1600,100
39663655216205,11:01:03.655,47.1600,30
39663873802366,11:01:03.873,47.1600,100
39663880432310,11:01:03.880,47.1600,100
39663880432310,11:01:03.880,47.1600,100
39663901407714,11:01:03.901,47.1600,100
39663915654481,11:01:03.915,47.1600,100
39663915654481,11:01:03.915,47.1600,45
39663935140192,11:01:03.935,47.1600,100
39663935140192,11:01:03.935,47.1600,100
39663935737682,11:01:03.935,47.1600,100
39663935737682,11:01:03.935,47.1600,100
39663935794636,11:01:03.935,47.1600,100
39663936177152,11:01:03.936,47.1600,100
39663937352544,11:01:03.937,47.1600,100
39663937352544,11:01:03.937,47.1600,100
39664031021826,11:01:04.031,47.1600,100
39664084723925,11:01:04.084,47.1600,100
39664084723925,11:01:04.084,47.1600,100
39664086568850,11:01:04.086,47.1600,7
39665487827752,11:01:05.487,47.1700,100
39665487827752,11:01:05.487,47.1700,100
39665584811224,11:01:05.584,47.1700,69
39665584811224,11:01:05.584,47.1700,31
39666786385642,11:01:06.786,47.1600,21
39666786385642,11:01:06.786,47.1600,200
39666786385642,11:01:06.786,47.1600,100
39666789495245,11:01:06.789,47.1600,79
39666847277112,11:01:06.847,47.1600,21
39666850430145,11:01:06.850,47.1600,100
39666851768791,11:01:06.851,47.1600,100
39666851969403,11:01:06.851,47.1600,100
39666851969403,11:01:06.851,47.1600,100
39666852859644,11:01:06.852,47.1600,100
39670799703074,11:01:10.799,47.1700,100
39671055650887,11:01:11.055,47.1600,42
39672003365909,11:01:12.003,47.1600,1
39720247926414,11:02:00.247,47.1700,70
39720247958307,11:02:00.247,47.1700,30
39725457966651,11:02:05.457,47.1800,200
39725457966651,11:02:05.457,47.1800,100
39725457966651,11:02:05.457,47.1800,7
39725458866025,11:02:05.458,47.1800,100
39725458922878,11:02:05.458,47.1800,100
39725459289673,11:02:05.459,47.1800,67
39725459289673,11:02:05.459,47.1800,200
39727030562718,11:02:07.030,47.1700,30
39727030562718,11:02:07.030,47.1700,100
39727030562718,11:02:07.030,47.1700,100
39743454492682,11:02:23.454,47.1700,10
39743454492682,11:02:23.454,47.1700,62
39743454521482,11:02:23.454,47.1700,38
39743454521482,11:02:23.454,47.1700,100
39743454521482,11:02:23.454,47.1700,100
39802665501117,11:03:22.665,47.1800,200
39802665501117,11:03:22.665,47.1800,100
39802665501117,11:03:22.665,47.1800,100
39802665501117,11:03:22.665,47.1800,300
39802665501117,11:03:22.665,47.1800,200
39802665667282,11:03:22.665,47.1800,100
39802665851268,11:03:22.665,47.1800,100
39802682872714,11:03:22.682,47.1800,100
39802682872714,11:03:22.682,47.1800,100
39802682872714,11:03:22.682,47.1800,100
39802683380053,11:03:22.683,47.1800,13
39802683663539,11:03:22.683,47.1800,54
39803876297681,11:03:23.876,47.1800,42
39803876297681,11:03:23.876,47.1800,158
39804509543443,11:03:24.509,47.1800,33
39827850338253,11:03:47.850,47.1900,100
39827850338253,11:03:47.850,47.1900,100
39827850338253,11:03:47.850,47.1900,100
39827850426765,11:03:47.850,47.1900,100
39827850838233,11:03:47.850,47.1900,100
39828749705056,11:03:48.749,47.1900,100
39858676383288,11:04:18.676,47.1900,100
39858676383288,11:04:18.676,47.1900,100
39859118037650,11:04:19.118,47.1900,88
39874456964050,11:04:34.456,47.1900,12
39874456964050,11:04:34.456,47.1900,188
39947804822035,11:05:47.804,47.1900,312
39947804822035,11:05:47.804,47.1900,100
39947804822035,11:05:47.804,47.1900,100
39947804822035,11:05:47.804,47.1900,100
39947804822035,11:05:47.804,47.1900,188
39947804927667,11:05:47.804,47.1900,12
39947805206454,11:05:47.805,47.1900,100
39947805224233,11:05:47.805,47.1900,100
39956017747594,11:05:56.017,47.1850,100
39981507461357,11:06:21.507,47.1900,100
39981507461357,11:06:21.507,47.1900,6
39981507461357,11:06:21.507,47.1900,100
39983446304907,11:06:23.446,47.2000,200
39983446304907,11:06:23.446,47.2000,100
39983452449461,11:06:23.452,47.2100,100
39983452449461,11:06:23.452,47.2100,200
39984239851410,11:06:24.239,47.2150,100
39987015714374,11:06:27.015,47.2200,216
39987015714374,11:06:27.015,47.2200,100
39993752511427,11:06:33.752,47.2300,200
39998722974587,11:06:38.722,47.2400,100
40031376378206,11:07:11.376,47.2450,100
40031376378206,11:07:11.376,47.2400,200
40031376378206,11:07:11.376,47.2400,100
40031377849731,11:07:11.377,47.2400,100
40036168255539,11:07:16.168,47.2450,100
40036168255539,11:07:16.168,47.2400,100
40036168255539,11:07:16.168,47.2400,100
40050435215865,11:07:30.435,47.2350,100
40050435345192,11:07:30.435,47.2300,100
40052870983352,11:07:32.870,47.2350,100
40052871885992,11:07:32.871,47.2300,81
40052872594695,11:07:32.872,47.2300,19
40052872594695,11:07:32.872,47.2300,81
40052872609734,11:07:32.872,47.2300,12
40052872650434,11:07:32.872,47.2300,7
40052872650434,11:07:32.872,47.2300,93
40052872673966,11:07:32.872,47.2300,7
40067749230159,11:07:47.749,47.2250,100
40067749294871,11:07:47.749,47.2200,100
40087193605489,11:08:07.193,47.2250,95
40087193618771,11:08:07.193,47.2250,5
40087193618771,11:08:07.193,47.2200,14
40087193644982,11:08:07.193,47.2200,36
40087193644982,11:08:07.193,47.2200,100
40087193644982,11:08:07.193,47.2200,200
40113226674262,11:08:33.226,47.2200,186
40113226674262,11:08:33.226,47.2200,100
40113226674262,11:08:33.226,47.2200,7
40113226674262,11:08:33.226,47.2200,100
40113227036643,11:08:33.227,47.2200,100
40113227144206,11:08:33.227,47.2200,24
40116225165050,11:08:36.225,47.2150,100
40116225228197,11:08:36.225,47.2100,100
40116225470424,11:08:36.225,47.2100,100
40116225470424,11:08:36.225,47.2100,100
40116225470424,11:08:36.225,47.2100,67
40116225470424,11:08:36.225,47.2100,10
40120441204927,11:08:40.441,47.2050,100
40147728109238,11:09:07.728,47.2050,100
40152433052594,11:09:12.433,47.2050,100
40170379812995,11:09:30.379,47.2100,200
40170379812995,11:09:30.379,47.2100,100
40170380272089,11:09:30.380,47.2100,100
40170381051732,11:09:30.381,47.2100,100
40170386994646,11:09:30.386,47.2100,100
40170387494276,11:09:30.387,47.2050,100
40170411803382,11:09:30.411,47.2050,100
40177008301778,11:09:37.008,47.2050,100
40182883460341,11:09:42.883,47.2050,100
40182883460341,11:09:42.883,47.2000,100
40182883460341,11:09:42.883,47.2000,100
40182883460341,11:09:42.883,47.2000,100
40182883460341,11:09:42.883,47.2000,67
40182883858584,11:09:42.883,47.2000,100
40182883859867,11:09:42.883,47.2000,100
40182885096275,11:09:42.885,47.2000,100
40182891893459,11:09:42.891,47.2000,100
40182891893459,11:09:42.891,47.2000,100
40182893238145,11:09:42.893,47.2000,100
40182893859710,11:09:42.893,47.2000,100
40182893859710,11:09:42.893,47.2000,100
40190473956916,11:09:50.473,47.2050,100
40225677982011,11:10:25.677,47.2100,100
40225677982011,11:10:25.677,47.2100,100
40225677982011,11:10:25.677,47.2100,100
40225677982011,11:10:25.677,47.2100,6
40225947452857,11:10:25.947,47.2100,158
40225947452857,11:10:25.947,47.2100,100
40225947452857,11:10:25.947,47.2100,242
40225947779488,11:10:25.947,47.2100,16
40227624724086,11:10:27.624,47.2100,42
40227624724086,11:10:27.624,47.2100,200
40227628374121,11:10:27.628,47.2150,100
40227630589295,11:10:27.630,47.2150,100
40227630589295,11:10:27.630,47.2100,100
40227630589295,11:10:27.630,47.2100,200
40227630589295,11:10:27.630,47.2100,200
40227639583507,11:10:27.639,47.2150,100
40227643717743,11:10:27.643,47.2150,100
40227643717743,11:10:27.643,47.2100,100
40227643717743,11:10:27.643,47.2100,94
40227643717743,11:10:27.643,47.2100,65
40227643717743,11:10:27.643,47.2100,100
40227643717743,11:10:27.643,47.2100,41
40233591377093,11:10:33.591,47.2150,100
40233591377093,11:10:33.591,47.2100,100
40233591543878,11:10:33.591,47.2100,100
40233591543878,11:10:33.591,47.2100,100
40236136709020,11:10:36.136,47.2100,128
40236136709020,11:10:36.136,47.2100,100
40236136709020,11:10:36.136,47.2100,100
40236136709020,11:10:36.136,47.2100,72
40236137341638,11:10:36.137,47.2100,100
40236137341638,11:10:36.137,47.2100,100
40238267038588,11:10:38.267,47.2100,100
40241120558244,11:10:41.120,47.2050,100
40241120558244,11:10:41.120,47.2000,200
40241120558244,11:10:41.120,47.2000,100
40241120558244,11:10:41.120,47.2000,100
40241132102340,11:10:41.132,47.1950,100
40241145874238,11:10:41.145,47.1950,100
40241145874238,11:10:41.145,47.1900,100
40241146127476,11:10:41.146,47.1900,29
40241164109009,11:10:41.164,47.1950,43
40245169144033,11:10:45.169,47.1900,100
40251449091499,11:10:51.449,47.1950,35
40254984986900,11:10:54.984,47.1950,22
40260067571500,11:11:00.067,47.1900,52
40260067571500,11:11:00.067,47.1900,100
40260067571500,11:11:00.067,47.1900,100
40263021602004,11:11:03.021,47.1900,100
40263021602004,11:11:03.021,47.1900,100
40272109817178,11:11:12.109,47.2000,100
40272109817178,11:11:12.109,47.2000,277
40272109847838,11:11:12.109,47.2000,23
40272109847838,11:11:12.109,47.2000,61
40272109903184,11:11:12.109,47.2000,239
40272109903184,11:11:12.109,47.2000,84
40298417153426,11:11:38.417,47.1950,100
40298417153426,11:11:38.417,47.1900,10
40298417519553,11:11:38.417,47.1900,138
40298417519553,11:11:38.417,47.1900,100
40298417519553,11:11:38.417,47.1900,100
40302074634906,11:11:42.074,47.1900,100
40302074634906,11:11:42.074,47.1900,100
40348934733021,11:12:28.934,47.1950,100
40348934733021,11:12:28.934,47.1900,100
40348934733021,11:12:28.934,47.1900,100
40348934733021,11:12:28.934,47.1900,100
40383557583895,11:13:03.557,47.1900,100
40391150680833,11:13:11.150,47.2000,116
40391150680833,11:13:11.150,47.2000,20
40391151057510,11:13:11.151,47.2000,61
40391151171407,11:13:11.151,47.2000,39
40391156330417,11:13:11.156,47.2000,200
40391156330417,11:13:11.156,47.2000,100
40391156330417,11:13:11.156,47.2000,100
40391156330417,11:13:11.156,47.2000,63
40391156330417,11:13:11.156,47.2000,100
40391156330417,11:13:11.156,47.2000,100
40391156330417,11:13:11.156,47.2000,100
40391156330417,11:13:11.156,47.2000,100
40392687191880,11:13:12.687,47.2000,100
40392687191880,11:13:12.687,47.2000,300
40392687191880,11:13:12.687,47.2000,100
40392687191880,11:13:12.687,47.2000,100
40392694208388,11:13:12.694,47.2000,200
40392694208388,11:13:12.694,47.2000,100
40392694798511,11:13:12.694,47.2000,100
40392694798511,11:13:12.694,47.2000,100
40392694822675,11:13:12.694,47.2000,100
40392694822675,11:13:12.694,47.2000,100
40392694822675,11:13:12.694,47.2000,100
40392694893312,11:13:12.694,47.2000,100
40392694893312,11:13:12.694,47.2000,100
40392694893312,11:13:12.694,47.2000,100
40392695221119,11:13:12.695,47.2000,100
40392695221119,11:13:12.695,47.2000,100
40392695221119,11:13:12.695,47.2000,100
40392695269580,11:13:12.695,47.2000,100
40392695269580,11:13:12.695,47.2000,100
40392695269580,11:13:12.695,47.2000,100
40392990996597,11:13:12.990,47.2000,100
40392990996597,11:13:12.990,47.2000,100
40399310279071,11:13:19.310,47.2100,2
40399310303554,11:13:19.310,47.2100,1
40409236201672,11:13:29.236,47.2000,100
40424588512894,11:13:44.588,47.1950,100
40436153968772,11:13:56.153,47.1900,100
40436153968772,11:13:56.153,47.1900,200
40436153968772,11:13:56.153,47.1900,100
40436153968772,11:13:56.153,47.1900,63
40437007999817,11:13:57.007,47.1900,100
40437007999817,11:13:57.007,47.1900,100
40437007999817,11:13:57.007,47.1900,100
40437008121823,11:13:57.008,47.1900,100
40437008206999,11:13:57.008,47.1900,100
40437008206999,11:13:57.008,47.1900,100
40437008206999,11:13:57.008,47.1900,100
40437008289352,11:13:57.008,47.1900,100
40437008438044,11:13:57.008,47.1900,2
40441297067135,11:14:01.297,47.1850,7
40481462180062,11:14:41.462,47.1900,6
40481462180062,11:14:41.462,47.1900,100
40481462180062,11:14:41.462,47.1900,100
40500112760768,11:15:00.112,47.2000,1500
40500112760768,11:15:00.112,47.2000,100
40503065009001,11:15:03.065,47.2100,100
40521274920155,11:15:21.274,47.2100,100
40521274920155,11:15:21.274,47.2100,100
40534860036553,11:15:34.860,47.2100,100
40534860036553,11:15:34.860,47.2100,100
40534860036553,11:15:34.860,47.2100,200
40536217061976,11:15:36.217,47.2100,100
40537378243611,11:15:37.378,47.2200,100
40537378303962,11:15:37.378,47.2200,100
40539398374765,11:15:39.398,47.2200,100
40542714035954,11:15:42.714,47.2200,100
40542714294785,11:15:42.714,47.2200,100
40542768825433,11:15:42.768,47.2200,100
40542870724083,11:15:42.870,47.2200,100
40542970594611,11:15:42.970,47.2200,100
40543120148258,11:15:43.120,47.2200,100
40562274201797,11:16:02.274,47.2300,100
40562274201797,11:16:02.274,47.2300,100
40562274230693,11:16:02.274,47.2300,100
40593142334728,11:16:33.142,47.2350,100
40593143722692,11:16:33.143,47.2300,100
40593143722692,11:16:33.143,47.2300,100
40593143722692,11:16:33.143,47.2300,100
40593145488448,11:16:33.145,47.2200,100
40602270098954,11:16:42.270,47.2250,100
40602271446534,11:16:42.271,47.2200,16
40602271446534,11:16:42.271,47.2200,100
40602271446534,11:16:42.271,47.2200,100
40602271446534,11:16:42.271,47.2200,10
40602271446534,11:16:42.271,47.2200,74
40602281585407,11:16:42.281,47.2250,91
40615579028080,11:16:55.579,47.2200,300
40615579028080,11:16:55.579,47.2200,100
40629432280267,11:17:09.432,47.2150,100
40629432280267,11:17:09.432,47.2100,100
40629432280267,11:17:09.432,47.2100,91
40630468559644,11:17:10.468,47.2100,100
40633540038299,11:17:13.540,47.2200,100
40633540038299,11:17:13.540,47.2200,100
40643908539391,11:17:23.908,47.2200,100
40660882438857,11:17:40.882,47.2350,100
40660882438857,11:17:40.882,47.2350,100
40660883807526,11:17:40.883,47.2300,100
40660883807526,11:17:40.883,47.2300,100
40660883949618,11:17:40.883,47.2300,100
40665634597957,11:17:45.634,47.2350,100
40713758808302,11:18:33.758,47.2400,6
40713758808302,11:18:33.758,47.2400,100
40713759432363,11:18:33.759,47.2400,100
40713759432363,11:18:33.759,47.2400,100
40737613346318,11:18:57.613,47.2500,500
40737613579674,11:18:57.613,47.2500,207
40795786822878,11:19:55.786,47.2450,100
40795786822878,11:19:55.786,47.2400,100
40795786824611,11:19:55.786,47.2400,100
40799041437554,11:19:59.041,47.2350,100
40799041443101,11:19:59.041,47.2300,100
40799041996295,11:19:59.041,47.2200,100
40799042069483,11:19:59.042,47.2200,100
40799042127601,11:19:59.042,47.2200,100
40800028216751,11:20:00.028,47.2250,100
40800589020078,11:20:00.589,47.2250,100
40800589562054,11:20:00.589,47.2200,100
40817580028479,11:20:17.580,47.2150,100
40817581321211,11:20:17.581,47.2100,100
40817581321211,11:20:17.581,47.2100,100
40817581443105,11:20:17.581,47.2100,100
40817581506511,11:20:17.581,47.2100,100
40818953716350,11:20:18.953,47.2050,100
40818953716350,11:20:18.953,47.2000,100
40818953784960,11:20:18.953,47.2000,100
40818953784960,11:20:18.953,47.2000,100
40818953784960,11:20:18.953,47.2000,100
40821016556502,11:20:21.016,47.2000,100
40821016556502,11:20:21.016,47.2000,100
40821016556502,11:20:21.016,47.2000,6
40829009748862,11:20:29.009,47.2050,100
40829009802896,11:20:29.009,47.2000,100
40850800386578,11:20:50.800,47.2000,100
40850800386578,11:20:50.800,47.2000,100
40850800657151,11:20:50.800,47.2000,100
40859386444700,11:20:59.386,47.2050,100
40859387677692,11:20:59.387,47.2000,57
40859387677692,11:20:59.387,47.2000,100
40859387677692,11:20:59.387,47.2000,100
40859387677692,11:20:59.387,47.2000,100
40859387677692,11:20:59.387,47.2000,100
40859387677692,11:20:59.387,47.2000,100
40859439339953,11:20:59.439,47.2000,100
40859439339953,11:20:59.439,47.2000,100
40859439339953,11:20:59.439,47.2000,100
40859439339953,11:20:59.439,47.2000,100
40859439339953,11:20:59.439,47.2000,100
40864836378712,11:21:04.836,47.2000,100
40864836378712,11:21:04.836,47.2000,200
40864844772149,11:21:04.844,47.2050,100
40864844772149,11:21:04.844,47.2000,100
40864844772149,11:21:04.844,47.2000,200
40864845264704,11:21:04.845,47.2000,100
40867051359820,11:21:07.051,47.1950,100
40867051359820,11:21:07.051,47.1900,100
40867051359820,11:21:07.051,47.1900,100
40867051359820,11:21:07.051,47.1900,100
40871052741844,11:21:11.052,47.2000,100
40871052741844,11:21:11.052,47.2000,100
40871052741844,11:21:11.052,47.2000,200
40875663906268,11:21:15.663,47.2000,100
40875663906268,11:21:15.663,47.2000,100
40875670407575,11:21:15.670,47.2050,100
40875670407575,11:21:15.670,47.2000,200
40875670407575,11:21:15.670,47.2000,100
40875670407575,11:21:15.670,47.2000,56
40875670407575,11:21:15.670,47.2000,44
40875957929324,11:21:15.957,47.2100,83
40881019325704,11:21:21.019,47.2050,100
40881444351154,11:21:21.444,47.2050,100
40881449704133,11:21:21.449,47.1950,100
40881449704133,11:21:21.449,47.1900,100
40881449704133,11:21:21.449,47.1900,100
40881451180652,11:21:21.451,47.1900,100
40881452515503,11:21:21.452,47.1900,100
40881453842546,11:21:21.453,47.1900,100
40881455111723,11:21:21.455,47.1900,100
40881456484441,11:21:21.456,47.1900,100
40881457863694,11:21:21.457,47.1900,100
40881459093332,11:21:21.459,47.1900,100
40881460369433,11:21:21.460,47.1900,100
40881461590936,11:21:21.461,47.1900,100
40881462865272,11:21:21.462,47.1900,100
40881464149388,11:21:21.464,47.1900,100
40881658190241,11:21:21.658,47.2000,100
40881658190241,11:21:21.658,47.2000,100
40881658512729,11:21:21.658,47.2000,100
40881658512729,11:21:21.658,47.2000,25
40882993560686,11:21:22.993,47.2050,100
40882993560686,11:21:22.993,47.2000,100
40882993560686,11:21:22.993,47.2000,100
40882993560686,11:21:22.993,47.2000,300
40882993560686,11:21:22.993,47.2000,100
40901113488161,11:21:41.113,47.1950,100
40901113488161,11:21:41.113,47.1900,100
40901113531604,11:21:41.113,47.1900,100
40901115066116,11:21:41.115,47.1900,100
40902257356101,11:21:42.257,47.1900,100
40902257356101,11:21:42.257,47.1900,100
40902257356101,11:21:42.257,47.1900,100
40902262257426,11:21:42.262,47.1900,100
40902262257426,11:21:42.262,47.1900,100
40912490860299,11:21:52.490,47.2000,100
40917661031502,11:21:57.661,47.2050,100
40922964058842,11:22:02.964,47.2050,100
40922965367348,11:22:02.965,47.2000,100
40922965367348,11:22:02.965,47.2000,100
40922965367348,11:22:02.965,47.2000,100
40922965367348,11:22:02.965,47.2000,56
40922965367348,11:22:02.965,47.2000,100
40922965367348,11:22:02.965,47.2000,100
40922965534747,11:22:02.965,47.2000,100
40923819335769,11:22:03.819,47.1950,200
40923819335769,11:22:03.819,47.2000,100
40923819335769,11:22:03.819,47.2000,100
40923819335769,11:22:03.819,47.2000,100
40923819335769,11:22:03.819,47.2000,100
40923819413786,11:22:03.819,47.2000,100
40923819413786,11:22:03.819,47.2000,100
40925108400184,11:22:05.108,47.2000,100
40925108400184,11:22:05.108,47.1950,100
40925108400184,11:22:05.108,47.1900,100
40925108400184,11:22:05.108,47.1900,100
40925108400184,11:22:05.108,47.1900,100
40925108400184,11:22:05.108,47.1900,100
40930824427376,11:22:10.824,47.1950,100
40930824427376,11:22:10.824,47.1900,100
40930824798243,11:22:10.824,47.1900,21
40930824875482,11:22:10.824,47.1900,24
40930828556730,11:22:10.828,47.1950,100
40930828556730,11:22:10.828,47.1900,55
40930828556730,11:22:10.828,47.1900,45
40930829015686,11:22:10.829,47.1900,55
40944169905808,11:22:24.169,47.1900,100
40944169924383,11:22:24.169,47.1900,100
40945327796806,11:22:25.327,47.1900,100
40956007607022,11:22:36.007,47.1900,100
40956007607022,11:22:36.007,47.1900,100
40956007706045,11:22:36.007,47.1900,100
40956312475606,11:22:36.312,47.1900,100
40972036464680,11:22:52.036,47.1900,100
40972036483979,11:22:52.036,47.1900,100
40972036516158,11:22:52.036,47.1900,100
40974030092885,11:22:54.030,47.2000,100
40974030092885,11:22:54.030,47.2000,100
40974143652040,11:22:54.143,47.2000,100
40976361586678,11:22:56.361,47.2000,100
40976361586678,11:22:56.361,47.2000,100
40976361586678,11:22:56.361,47.1950,100
40976361586678,11:22:56.361,47.1900,100
40976361586678,11:22:56.361,47.1900,100
40976361586678,11:22:56.361,47.1900,100
40976361586678,11:22:56.361,47.1900,100
40976361586678,11:22:56.361,47.1900,100
40976361586678,11:22:56.361,47.1900,100
40976392706142,11:22:56.392,47.1900,100
40976393935123,11:22:56.393,47.1900,100
40976395237260,11:22:56.395,47.1900,100
40976396659840,11:22:56.396,47.1900,100
40980156699974,11:23:00.156,47.2000,100
40985006067099,11:23:05.006,47.2000,100
40985006067099,11:23:05.006,47.2000,100
40985006067099,11:23:05.006,47.2000,100
40987159455549,11:23:07.159,47.2050,100
40987159455549,11:23:07.159,47.2000,100
40987159455549,11:23:07.159,47.2000,100
40987159455549,11:23:07.159,47.2000,55
40987159455549,11:23:07.159,47.2000,100
40987159455549,11:23:07.159,47.2000,100
40987159455549,11:23:07.159,47.2000,100
40987159455549,11:23:07.159,47.2000,100
40987159455549,11:23:07.159,47.2000,100
40987159455549,11:23:07.159,47.2000,100
40987159455549,11:23:07.159,47.2000,100
40987159455549,11:23:07.159,47.2000,100
40987159455549,11:23:07.159,47.2000,45
40987159803166,11:23:07.159,47.2000,55
40987159803166,11:23:07.159,47.2000,100
40987159803166,11:23:07.159,47.2000,9
40987159849807,11:23:07.159,47.2000,91
40987159849807,11:23:07.159,47.2000,100
40987159849807,11:23:07.159,47.2000,100
40987160024851,11:23:07.160,47.2000,100
40989005522058,11:23:09.005,47.2000,100
40989005522058,11:23:09.005,47.2000,100
40989005522058,11:23:09.005,47.2000,100
40989006018217,11:23:09.006,47.2000,100
40989006018217,11:23:09.006,47.2000,100
40989006018217,11:23:09.006,47.2000,100
40989007380703,11:23:09.007,47.2100,100
40989009754794,11:23:09.009,47.2050,100
40989009754794,11:23:09.009,47.2000,100
40989009754794,11:23:09.009,47.2000,100
40989009754794,11:23:09.009,47.2000,132
40989014081161,11:23:09.014,47.2050,100
40989015356174,11:23:09.015,47.2000,200
40989015356174,11:23:09.015,47.2000,55
40989015356174,11:23:09.015,47.2000,100
40989015356174,11:23:09.015,47.2000,100
40989015356174,11:23:09.015,47.2000,100
40989015356174,11:23:09.015,47.2000,100
40989015356174,11:23:09.015,47.2000,100
40989015356174,11:23:09.015,47.2000,100
40989015356174,11:23:09.015,47.2000,100
40989015356174,11:23:09.015,47.2000,100
40989015356174,11:23:09.015,47.2000,100
40989015356174,11:23:09.015,47.2000,100
40989015356174,11:23:09.015,47.2000,100
40989015356174,11:23:09.015,47.2000,100
40989015356174,11:23:09.015,47.2000,200
40989015356174,11:23:09.015,47.2000,45
40989016189732,11:23:09.016,47.2050,100
40989017943706,11:23:09.017,47.2050,100
40989737545860,11:23:09.737,47.2100,100
40989737545860,11:23:09.737,47.2100,100
40989737545860,11:23:09.737,47.2100,100
40989737545860,11:23:09.737,47.2100,100
40989737960874,11:23:09.737,47.2100,100
40989737961496,11:23:09.737,47.2100,100
40989788946368,11:23:09.788,47.2050,100
40989789003978,11:23:09.789,47.2000,55
40989789003978,11:23:09.789,47.2000,45
40989789080065,11:23:09.789,47.2000,25
40989789647844,11:23:09.789,47.2000,200
40989789693443,11:23:09.789,47.2000,30
40989790380597,11:23:09.790,47.2000,100
40989791601513,11:23:09.791,47.2000,100
40995302071114,11:23:15.302,47.2100,36
40997286334553,11:23:17.286,47.2100,2
41030920090255,11:23:50.920,47.2050,100
41030920113972,11:23:50.920,47.2000,100
41030920138288,11:23:50.920,47.2000,100
41030920364595,11:23:50.920,47.2000,37
41035505508410,11:23:55.505,47.2050,100
41040060283898,11:24:00.060,47.2100,162
41040060283898,11:24:00.060,47.2100,100
41040060283898,11:24:00.060,47.2100,100
41040060283898,11:24:00.060,47.2100,100
41040060283898,11:24:00.060,47.2100,199
41040060477102,11:24:00.060,47.2100,61
41040060550449,11:24:00.060,47.2100,39
41040060550449,11:24:00.060,47.2100,61
41040060590160,11:24:00.060,47.2100,100
41040060619329,11:24:00.060,47.2100,100
41040060669017,11:24:00.060,47.2100,100
41040072791023,11:24:00.072,47.2050,100
41040072853747,11:24:00.072,47.2000,63
41040072853747,11:24:00.072,47.2000,10
41040072853747,11:24:00.072,47.2000,27
41041333304329,11:24:01.333,47.2050,42
41042075010596,11:24:02.075,47.2050,58
41042075010596,11:24:02.075,47.2000,100
41042075010596,11:24:02.075,47.2000,3
41042075016820,11:24:02.075,47.2000,154
41043469827445,11:24:03.469,47.2050,100
41043469827445,11:24:03.469,47.2000,243
41043469827445,11:24:03.469,47.2000,100
41043469827445,11:24:03.469,47.2000,57
41043470339755,11:24:03.470,47.2000,43
41043471020466,11:24:03.471,47.2000,100
41046408094300,11:24:06.408,47.2000,430
41046408094300,11:24:06.408,47.2000,100
41046408094300,11:24:06.408,47.2000,600
41046408094300,11:24:06.408,47.2000,100
41046408094300,11:24:06.408,47.2000,300
41046408094300,11:24:06.408,47.2000,170
41046408129921,11:24:06.408,47.2000,26
41046408173492,11:24:06.408,47.2000,23
41046408535474,11:24:06.408,47.2000,1
41046408715924,11:24:06.408,47.2000,24
41046408742164,11:24:06.408,47.2000,20
41062091475973,11:24:22.091,47.2050,200
41062091475973,11:24:22.091,47.2000,100
41062091475973,11:24:22.091,47.2000,100
41062091475973,11:24:22.091,47.2000,100
41062091475973,11:24:22.091,47.2000,100
41062091475973,11:24:22.091,47.2000,100
41062091475973,11:24:22.091,47.2000,100
41062091475973,11:24:22.091,47.2000,57
41062091723967,11:24:22.091,47.2000,43
41062091779566,11:24:22.091,47.2000,100
41062091854253,11:24:22.091,47.2000,100
41079005672139,11:24:39.005,47.2100,100
41079005672139,11:24:39.005,47.2100,100
41079005672139,11:24:39.005,47.2100,100
41079005672139,11:24:39.005,47.2100,100
41079005822312,11:24:39.005,47.2100,100
41079005923257,11:24:39.005,47.2100,200
41079008889889,11:24:39.008,47.2100,100
41090332178478,11:24:50.332,47.2100,100
41090332178478,11:24:50.332,47.2100,100
41090332178478,11:24:50.332,47.2100,200
41090332178478,11:24:50.332,47.2100,100
41090332178478,11:24:50.332,47.2100,100
41090332178478,11:24:50.332,47.2100,100
41090332178478,11:24:50.332,47.2100,100
41090332439618,11:24:50.332,47.2100,100
41090332873343,11:24:50.332,47.2100,100
41090332873343,11:24:50.332,47.2100,100
41090350929638,11:24:50.350,47.2200,12
41090350929638,11:24:50.350,47.2200,100
41090350929638,11:24:50.350,47.2200,100
41091956554782,11:24:51.956,47.2400,100
41091956554782,11:24:51.956,47.2400,100
41092208142529,11:24:52.208,47.2400,100
41092208727879,11:24:52.208,47.2400,100
41092208727879,11:24:52.208,47.2400,100
41092208727879,11:24:52.208,47.2400,100
41099887686223,11:24:59.887,47.2500,100
41099887686223,11:24:59.887,47.2500,100
41099887689222,11:24:59.887,47.2500,200
41100371627281,11:25:00.371,47.2700,57
41100371627281,11:25:00.371,47.2700,100
41100372029180,11:25:00.372,47.2750,100
41100372029180,11:25:00.372,47.2700,300
41101475024344,11:25:01.475,47.2800,100
41113994620140,11:25:13.994,47.3000,100
41113994620140,11:25:13.994,47.3000,100
41114677531423,11:25:14.677,47.3000,100
41114677686931,11:25:14.677,47.3000,100
41114677686931,11:25:14.677,47.3000,100
41114681633461,11:25:14.681,47.3000,300
41114681633461,11:25:14.681,47.3000,332
41114681633461,11:25:14.681,47.3000,100
41114681633461,11:25:14.681,47.3000,100
41114681633461,11:25:14.681,47.3000,100
41114681633461,11:25:14.681,47.3000,60
41114683393650,11:25:14.683,47.3100,100
41114683393650,11:25:14.683,47.3100,100
41114683393650,11:25:14.683,47.3100,200
41114683393650,11:25:14.683,47.3100,300
41116732888911,11:25:16.732,47.3100,100
41116732888911,11:25:16.732,47.3100,300
41124027831670,11:25:24.027,47.3100,100
41124027831670,11:25:24.027,47.3100,200
41124031216554,11:25:24.031,47.3200,100
41124031216554,11:25:24.031,47.3200,200
41129961709270,11:25:29.961,47.3300,200
41129961709270,11:25:29.961,47.3300,100
41130727345442,11:25:30.727,47.3400,100
41130727345442,11:25:30.727,47.3400,200
41130727345442,11:25:30.727,47.3400,100
41130730226140,11:25:30.730,47.3400,100
41130730226140,11:25:30.730,47.3400,100
41130731011589,11:25:30.731,47.3400,100
41130731011589,11:25:30.731,47.3400,200
41130731011589,11:25:30.731,47.3400,100
41130731011589,11:25:30.731,47.3400,100
41130731011589,11:25:30.731,47.3400,100
41130738140537,11:25:30.738,47.3400,100
41137110752198,11:25:37.110,47.3300,100
41137110752198,11:25:37.110,47.3300,21
41137110752198,11:25:37.110,47.3300,1200
41137110752198,11:25:37.110,47.3300,100
41137110752198,11:25:37.110,47.3300,179
41137110911471,11:25:37.110,47.3300,21
41137110911471,11:25:37.110,47.3300,100
41137110940619,11:25:37.110,47.3300,100
41139273591933,11:25:39.273,47.3300,100
41139273591933,11:25:39.273,47.3300,100
41145629590229,11:25:45.629,47.3300,100
41145629590229,11:25:45.629,47.3300,300
41145629807646,11:25:45.629,47.3300,100
41145629807646,11:25:45.629,47.3300,24
41145638395465,11:25:45.638,47.3300,100
41145638395465,11:25:45.638,47.3300,38
41145638395465,11:25:45.638,47.3300,60
41145638395465,11:25:45.638,47.3300,100
41145638395465,11:25:45.638,47.3300,100
41145638395465,11:25:45.638,47.3300,200
41147146112729,11:25:47.146,47.3300,100
41147146112729,11:25:47.146,47.3300,100
41147146112729,11:25:47.146,47.3300,100
41149927359035,11:25:49.927,47.3400,100
41149927359035,11:25:49.927,47.3400,200
41149927359035,11:25:49.927,47.3400,100
41149927359035,11:25:49.927,47.3400,100
41150020505869,11:25:50.020,47.3400,100
41150020505869,11:25:50.020,47.3400,100
41150020505869,11:25:50.020,47.3400,100
41153143581451,11:25:53.143,47.3400,100
41153143581451,11:25:53.143,47.3400,67
41166127591185,11:26:06.127,47.3500,100
41166127591185,11:26:06.127,47.3500,200
41166127591185,11:26:06.127,47.3500,45
41166127591185,11:26:06.127,47.3500,10
41171696235717,11:26:11.696,47.3500,100
41171696235717,11:26:11.696,47.3500,100
41231273501014,11:27:11.273,47.3450,100
41231274838748,11:27:11.274,47.3400,100
41231274838748,11:27:11.274,47.3400,100
41231274838748,11:27:11.274,47.3400,100
41231274838748,11:27:11.274,47.3400,100
41231274838748,11:27:11.274,47.3400,100
41231349703594,11:27:11.349,47.3300,100
41231349703594,11:27:11.349,47.3300,61
41231349703594,11:27:11.349,47.3300,100
41241524158901,11:27:21.524,47.3200,100
41241524158901,11:27:21.524,47.3200,100
41241524158901,11:27:21.524,47.3200,100
41241524158901,11:27:21.524,47.3200,100
41241524158901,11:27:21.524,47.3200,100
41241524158901,11:27:21.524,47.3200,100
41241524752687,11:27:21.524,47.3200,100
41241524752687,11:27:21.524,47.3200,50
41257656604140,11:27:37.656,47.3200,100
41257656604140,11:27:37.656,47.3200,100
41260420961085,11:27:40.420,47.3200,100
41260420961085,11:27:40.420,47.3200,100
41260420961085,11:27:40.420,47.3200,100
41277336096344,11:27:57.336,47.3100,100
41277336096344,11:27:57.336,47.3100,100
41277336096344,11:27:57.336,47.3100,100
41277524992574,11:27:57.524,47.3000,100
41283836604882,11:28:03.836,47.3100,200
41287338769632,11:28:07.338,47.3200,2
41307757579457,11:28:27.757,47.3200,124
41307757579457,11:28:27.757,47.3200,100
41307757579457,11:28:27.757,47.3200,7
41307757579457,11:28:27.757,47.3200,100
41307761829165,11:28:27.761,47.3200,100
41307761829165,11:28:27.761,47.3200,100
41307761829165,11:28:27.761,47.3100,100
41307761829165,11:28:27.761,47.3100,100
41307761829165,11:28:27.761,47.3100,100
41324254992199,11:28:44.254,47.3200,100
41324254992199,11:28:44.254,47.3200,200
41324255662387,11:28:44.255,47.3200,100
41324255662387,11:28:44.255,47.3200,15
41324255692628,11:28:44.255,47.3200,85
41324255692628,11:28:44.255,47.3200,100
41324356637714,11:28:44.356,47.3200,100
41341338112658,11:29:01.338,47.3200,100
41365035246089,11:29:25.035,47.3100,100
41365035246089,11:29:25.035,47.3100,100
41365035246089,11:29:25.035,47.3100,200
41365035394299,11:29:25.035,47.3100,100
41379160927121,11:29:39.160,47.3100,100
41379563601655,11:29:39.563,47.3100,100
41379563601655,11:29:39.563,47.3000,100
41379563601655,11:29:39.563,47.3000,200
41379563601655,11:29:39.563,47.3000,100
41379563601655,11:29:39.563,47.3000,100
41379582197755,11:29:39.582,47.2900,100
41381108301507,11:29:41.108,47.2900,100
41391434852140,11:29:51.434,47.2900,100
41403094071742,11:30:03.094,47.3000,100
41403094071742,11:30:03.094,47.3000,100
41414385178419,11:30:14.385,47.3000,100
41414385178419,11:30:14.385,47.3000,100
41414385178419,11:30:14.385,47.3000,100
41414385744723,11:30:14.385,47.3000,21
41414385949612,11:30:14.385,47.3000,100
41429447398707,11:30:29.447,47.2900,100
41429447398707,11:30:29.447,47.2900,100
41429447398707,11:30:29.447,47.2900,100
41429447767094,11:30:29.447,47.2900,100
41430851882967,11:30:30.851,47.2900,6
41434023901486,11:30:34.023,47.2900,100
41447741015317,11:30:47.741,47.2850,100
41448241020071,11:30:48.241,47.2850,100
41467253539359,11:31:07.253,47.2800,100
41467253539359,11:31:07.253,47.2800,100
41467253539359,11:31:07.253,47.2800,100
41467253539359,11:31:07.253,47.2800,100
41467253566569,11:31:07.253,47.2800,10
41467253626147,11:31:07.253,47.2800,10
41467253901758,11:31:07.253,47.2800,90
41467268782636,11:31:07.268,47.2700,100
41467268782636,11:31:07.268,47.2700,100
41468681150791,11:31:08.681,47.2600,100
41472350038874,11:31:12.350,47.2550,100
41474836477994,11:31:14.836,47.2500,100
41474839312370,11:31:14.839,47.2400,300
41474839312370,11:31:14.839,47.2400,200
41474839312370,11:31:14.839,47.2400,100
41474863909618,11:31:14.863,47.2400,21
41474863909618,11:31:14.863,47.2400,100
41481991362440,11:31:21.991,47.2500,100
41481991419686,11:31:21.991,47.2500,100
41490112451197,11:31:30.112,47.2600,100
41500461407274,11:31:40.461,47.2600,100
41500461407274,11:31:40.461,47.2600,100
41500461407274,11:31:40.461,47.2600,100
41500461407274,11:31:40.461,47.2600,100
41538191619597,11:32:18.191,47.2700,100
41538192019364,11:32:18.192,47.2700,100
41564366819812,11:32:44.366,47.2600,100
41564366819812,11:32:44.366,47.2600,200
41564367530549,11:32:44.367,47.2600,100
41577648211189,11:32:57.648,47.2600,6
41578769998421,11:32:58.769,47.2600,24
41654418946305,11:34:14.418,47.2800,6
41654418946305,11:34:14.418,47.2800,100
41693656613631,11:34:53.656,47.2900,100
41693656613631,11:34:53.656,47.2900,263
41693656709362,11:34:53.656,47.2900,37
41693656709362,11:34:53.656,47.2900,100
41693656709362,11:34:53.656,47.2900,400
41697063693774,11:34:57.063,47.2900,2
41697063693774,11:34:57.063,47.2900,100
41697063693774,11:34:57.063,47.2900,100
41697063693774,11:34:57.063,47.2900,100
41734322124550,11:35:34.322,47.2900,100
41787923853450,11:36:27.923,47.2900,100
41787953496815,11:36:27.953,47.2900,20
41794675771654,11:36:34.675,47.2800,31
41794675803100,11:36:34.675,47.2800,69
41794675803100,11:36:34.675,47.2800,100
41800224110413,11:36:40.224,47.2700,8
41834119339265,11:37:14.119,47.2700,6
41882961443840,11:38:02.961,47.2700,200
41882961443840,11:38:02.961,47.2700,100
41903087332629,11:38:23.087,47.2600,100
41903087332629,11:38:23.087,47.2600,100
41903087490428,11:38:23.087,47.2600,100
41903092413610,11:38:23.092,47.2600,10
41906131872453,11:38:26.131,47.2500,100
41906131872453,11:38:26.131,47.2500,100
41906131872453,11:38:26.131,47.2500,100
41909066296920,11:38:29.066,47.2500,100
41909066296920,11:38:29.066,47.2500,284
41909066296920,11:38:29.066,47.2500,200
41909066296920,11:38:29.066,47.2500,6
41948645637812,11:39:08.645,47.2500,100
41948645708342,11:39:08.645,47.2500,100
41948645837079,11:39:08.645,47.2500,76
41999944582711,11:39:59.944,47.2500,100
41999944582711,11:39:59.944,47.2500,4
42001542188571,11:40:01.542,47.2600,100
42001542188571,11:40:01.542,47.2600,100
42037276285488,11:40:37.276,47.2700,100
42037276285488,11:40:37.276,47.2700,300
42037276285488,11:40:37.276,47.2700,214
42037276318075,11:40:37.276,47.2700,86
42037276318075,11:40:37.276,47.2700,300
42037276318075,11:40:37.276,47.2700,8
42037276318075,11:40:37.276,47.2700,100
42037276439998,11:40:37.276,47.2700,80
42037276439998,11:40:37.276,47.2700,100
42037279452176,11:40:37.279,47.2750,12
42049229905705,11:40:49.229,47.2900,100
42049229905705,11:40:49.229,47.2900,100
42074295495237,11:41:14.295,47.3000,100
42079295494962,11:41:19.295,47.3000,100
42110505023460,11:41:50.505,47.2950,100
42111005016653,11:41:51.005,47.2950,100
42135026335268,11:42:15.026,47.2900,100
42135026335268,11:42:15.026,47.2900,100
42135026335268,11:42:15.026,47.2900,100
42135026335268,11:42:15.026,47.2900,200
42135026667573,11:42:15.026,47.2900,100
42138887488894,11:42:18.887,47.2900,100
42164676271416,11:42:44.676,47.3000,8
42164676271416,11:42:44.676,47.3000,100
42164725371202,11:42:44.725,47.3000,100
42164725371202,11:42:44.725,47.3000,200
42164725371202,11:42:44.725,47.3000,100
42164725371202,11:42:44.725,47.3000,100
42164725371202,11:42:44.725,47.3000,100
42164727432236,11:42:44.727,47.3000,100
42164727432236,11:42:44.727,47.3000,100
42164727432236,11:42:44.727,47.3000,100
42164727432236,11:42:44.727,47.3000,100
42164727432236,11:42:44.727,47.3000,200
42164727432236,11:42:44.727,47.3000,100
42164727432236,11:42:44.727,47.3000,100
42164727432236,11:42:44.727,47.3000,55
42164727432236,11:42:44.727,47.3000,100
42164727432236,11:42:44.727,47.3000,11
42164727491558,11:42:44.727,47.3000,89
42164727491558,11:42:44.727,47.3000,100
42164727491558,11:42:44.727,47.3000,100
42164727491558,11:42:44.727,47.3000,100
42164727491558,11:42:44.727,47.3000,100
42164727491558,11:42:44.727,47.3000,100
42164727491558,11:42:44.727,47.3000,100
42164727491558,11:42:44.727,47.3000,100
42164759945126,11:42:44.759,47.3000,100
42164759945126,11:42:44.759,47.3000,100
42164759945126,11:42:44.759,47.3000,100
42164759945126,11:42:44.759,47.3000,100
42164760273176,11:42:44.760,47.3000,100
42164760273176,11:42:44.760,47.3000,100
42164763784390,11:42:44.763,47.3000,100
42196129406934,11:43:16.129,47.3000,100
42196129406934,11:43:16.129,47.3000,100
42196129406934,11:43:16.129,47.3000,100
42196129406934,11:43:16.129,47.3000,160
42196129450667,11:43:16.129,47.3000,40
42196129450667,11:43:16.129,47.3000,114
42196129545889,11:43:16.129,47.3000,186
42196129545889,11:43:16.129,47.3000,24
42196129571372,11:43:16.129,47.3000,76
42196137301927,11:43:16.137,47.3000,47
42196142079155,11:43:16.142,47.3000,53
42196142079155,11:43:16.142,47.3000,100
42196142079155,11:43:16.142,47.3000,100
42200695895832,11:43:20.695,47.3000,100
42200695895832,11:43:20.695,47.3000,100
42200695895832,11:43:20.695,47.3000,100
42200731892517,11:43:20.731,47.3000,100
42200731892517,11:43:20.731,47.3000,100
42200731977587,11:43:20.731,47.3000,100
42218422399854,11:43:38.422,47.3100,2
42236585204000,11:43:56.585,47.3000,200
42236585204000,11:43:56.585,47.3000,100
42236585204000,11:43:56.585,47.3000,60
42236585205222,11:43:56.585,47.3000,40
42236585205222,11:43:56.585,47.3000,100
42236585205222,11:43:56.585,47.3000,100
42351578263139,11:45:51.578,47.2950,100
42357311662443,11:45:57.311,47.2900,100
42357311662443,11:45:57.311,47.2900,100
42357311662443,11:45:57.311,47.2900,100
42357311662443,11:45:57.311,47.2900,200
42357311662443,11:45:57.311,47.2900,100
42357311662443,11:45:57.311,47.2900,100
42357311662443,11:45:57.311,47.2900,100
42357311662443,11:45:57.311,47.2900,10
42357312418097,11:45:57.312,47.2900,100
42364191921095,11:46:04.191,47.2900,198
42364191921095,11:46:04.191,47.2900,6
42381083951085,11:46:21.083,47.3000,100
42381083951085,11:46:21.083,47.3000,100
42381083951085,11:46:21.083,47.3000,162
42381083951085,11:46:21.083,47.3000,300
42381084005971,11:46:21.084,47.3000,29
42381114230803,11:46:21.114,47.3100,100
42381114230803,11:46:21.114,47.3100,100
42381117625861,11:46:21.117,47.3100,12
42423650005081,11:47:03.650,47.3150,100
42424319000091,11:47:04.319,47.3150,100
42457547071273,11:47:37.547,47.3200,100
42457547071273,11:47:37.547,47.3200,100
42466205001887,11:47:46.205,47.3250,100
42466808996401,11:47:46.808,47.3250,100
42467339174522,11:47:47.339,47.3300,37
42467339174522,11:47:47.339,47.3300,100
42467340474489,11:47:47.340,47.3300,100
42467340474489,11:47:47.340,47.3300,79
42480544009221,11:48:00.544,47.3350,100
42484416342564,11:48:04.416,47.3400,100
42484416342564,11:48:04.416,47.3400,9
42508667505928,11:48:28.667,47.3500,2
42508775588229,11:48:28.775,47.3500,98
42508775588229,11:48:28.775,47.3500,100
42508775725464,11:48:28.775,47.3500,20
42508869440661,11:48:28.869,47.3500,100
42509668113595,11:48:29.668,47.3500,28
42509668141083,11:48:29.668,47.3500,100
42509668161624,11:48:29.668,47.3500,14
42509668161624,11:48:29.668,47.3500,100
42509668161624,11:48:29.668,47.3500,100
42509668161624,11:48:29.668,47.3500,100
42516450342471,11:48:36.450,47.3500,100
42540297228407,11:49:00.297,47.3600,100
42540297763198,11:49:00.297,47.3600,100
42540297763198,11:49:00.297,47.3600,66
42548617226743,11:49:08.617,47.3550,100
42548622168570,11:49:08.622,47.3550,100
42548622168570,11:49:08.622,47.3550,200
42548633997194,11:49:08.633,47.3500,321
42548633997194,11:49:08.633,47.3500,100
42548633997194,11:49:08.633,47.3500,100
42548636036532,11:49:08.636,47.3400,100
42548636036532,11:49:08.636,47.3400,100
42548636036532,11:49:08.636,47.3400,100
42548636036532,11:49:08.636,47.3400,100
42548637365391,11:49:08.637,47.3400,5
42560160144901,11:49:20.160,47.3300,100
42560160144901,11:49:20.160,47.3300,100
42560160144901,11:49:20.160,47.3300,100
42560160144901,11:49:20.160,47.3300,100
42612932752526,11:50:12.932,47.3200,100
42612932752526,11:50:12.932,47.3200,100
42612932752526,11:50:12.932,47.3200,100
42615022958803,11:50:15.022,47.3100,100
42615022958803,11:50:15.022,47.3100,100
42615022958803,11:50:15.022,47.3100,100
42615022958803,11:50:15.022,47.3100,100
42615022986414,11:50:15.022,47.3100,100
42627408619793,11:50:27.408,47.3000,25
42627409975126,11:50:27.409,47.3000,75
42627409975126,11:50:27.409,47.3000,100
42691515306112,11:51:31.515,47.2900,100
42691515306112,11:51:31.515,47.2900,63
42691516708069,11:51:31.516,47.2900,37
42691516708069,11:51:31.516,47.2900,100
42691522012741,11:51:31.522,47.2900,5
42691522012741,11:51:31.522,47.2900,79
42693873724896,11:51:33.873,47.2800,10
42693973310094,11:51:33.973,47.2700,100
42699615036368,11:51:39.615,47.2700,100
42702888912719,11:51:42.888,47.2700,84
42702888912719,11:51:42.888,47.2700,100
42708423179376,11:51:48.423,47.2800,6
42708423179376,11:51:48.423,47.2800,94
42738367667692,11:52:18.367,47.2600,100
42763463742236,11:52:43.463,47.2600,7
42763463742236,11:52:43.463,47.2600,100
42763463805570,11:52:43.463,47.2600,100
42764039297770,11:52:44.039,47.2700,100
42770278067546,11:52:50.278,47.2700,28
42791455692756,11:53:11.455,47.2900,100
42791937093032,11:53:11.937,47.2900,2
42799853320208,11:53:19.853,47.2800,100
42800404894903,11:53:20.404,47.2800,100
42800404894903,11:53:20.404,47.2800,100
42800404894903,11:53:20.404,47.2800,100
42800404894903,11:53:20.404,47.2800,100
42904924198064,11:55:04.924,47.2900,35
42904924222698,11:55:04.924,47.2900,65
42904924222698,11:55:04.924,47.2900,7
42912472873075,11:55:12.472,47.2900,20
42912472900016,11:55:12.472,47.2900,20
42963114062863,11:56:03.114,47.2900,100
42963114062863,11:56:03.114,47.2900,100
42963114500625,11:56:03.114,47.2900,30
42963129849397,11:56:03.129,47.2800,100
42963129849397,11:56:03.129,47.2800,16
42963742469013,11:56:03.742,47.2800,100
42964096170367,11:56:04.096,47.2800,5
42964096170367,11:56:04.096,47.2800,100
42987155385288,11:56:27.155,47.2900,100
42993836123402,11:56:33.836,47.2800,100
42993836123402,11:56:33.836,47.2800,100
42993836123402,11:56:33.836,47.2800,100
43052173966702,11:57:32.173,47.2900,21
43052173966702,11:57:32.173,47.2900,8
43052173966702,11:57:32.173,47.2900,71
43052174120289,11:57:32.174,47.2900,29
43061106711513,11:57:41.106,47.3000,100
43061106945184,11:57:41.106,47.3000,100
43075149306812,11:57:55.149,47.3100,1
43103351981832,11:58:23.351,47.3000,100
43103351981832,11:58:23.351,47.3000,200
43103353502494,11:58:23.353,47.2900,100
43111045982806,11:58:31.045,47.3000,100
43111045982806,11:58:31.045,47.3000,200
43114805890221,11:58:34.805,47.3000,100
43114805890221,11:58:34.805,47.3000,100
43114805890221,11:58:34.805,47.3000,100
43114807185817,11:58:34.807,47.3000,100
43127858464833,11:58:47.858,47.3000,100
43133082318494,11:58:53.082,47.3000,160
43133082318494,11:58:53.082,47.3000,100
43134922219411,11:58:54.922,47.3000,100
43149156734449,11:59:09.156,47.3000,100
43161791394876,11:59:21.791,47.2900,100
43161791394876,11:59:21.791,47.2900,10
43161791394876,11:59:21.791,47.2900,100
43181683222219,11:59:41.683,47.2900,100
43193373659499,11:59:53.373,47.2900,100
43204251846674,12:00:04.251,47.3000,100
43204251871768,12:00:04.251,47.3000,6
43206793516854,12:00:06.793,47.3000,100
43238119265350,12:00:38.119,47.2900,200
43238119265350,12:00:38.119,47.2900,100
43238119761063,12:00:38.119,47.2900,18
43239009154104,12:00:39.009,47.2900,1
43239579168410,12:00:39.579,47.2900,81
43243611749743,12:00:43.611,47.2900,100
43243611749743,12:00:43.611,47.2900,100
43324296615766,12:02:04.296,47.3000,100
43324296615766,12:02:04.296,47.3000,69
43324296615766,12:02:04.296,47.3000,100
43324296615766,12:02:04.296,47.3000,100
43331024571670,12:02:11.024,47.3100,100
43331024571670,12:02:11.024,47.3100,100
43339242618850,12:02:19.242,47.3200,100
43339242618850,12:02:19.242,47.3200,100
43339242618850,12:02:19.242,47.3200,100
43339242680392,12:02:19.242,47.3200,80
43339295263637,12:02:19.295,47.3200,100
43339608081748,12:02:19.608,47.3200,100
43339701566608,12:02:19.701,47.3200,100
43339728189516,12:02:19.728,47.3200,100
43339728189516,12:02:19.728,47.3200,100
43339728189516,12:02:19.728,47.3200,152
43339728316213,12:02:19.728,47.3200,48
43356660190015,12:02:36.660,47.3300,100
43356670414182,12:02:36.670,47.3400,1
43387541394533,12:03:07.541,47.3500,2
43452962738726,12:04:12.962,47.3400,14
43452962738726,12:04:12.962,47.3400,19
43452962738726,12:04:12.962,47.3400,2
43452962738726,12:04:12.962,47.3400,100
43452962738726,12:04:12.962,47.3400,200
43452962738726,12:04:12.962,47.3400,36
43452962738726,12:04:12.962,47.3400,13
43452962743305,12:04:12.962,47.3400,87
43452962743305,12:04:12.962,47.3400,5
43456150026458,12:04:16.150,47.3400,100
43464912089580,12:04:24.912,47.3500,100
43464912089580,12:04:24.912,47.3500,100
43464912089580,12:04:24.912,47.3500,100
43492566730854,12:04:52.566,47.3600,100
43492566730854,12:04:52.566,47.3600,100
43492567164991,12:04:52.567,47.3600,200
43492567756938,12:04:52.567,47.3600,400
43492567975577,12:04:52.567,47.3600,100
43492567999624,12:04:52.567,47.3600,256
43495525786397,12:04:55.525,47.3600,24
43495525815706,12:04:55.525,47.3600,100
43537217637554,12:05:37.217,47.3500,100
43537217637554,12:05:37.217,47.3500,100
43537217637554,12:05:37.217,47.3500,100
43537217637554,12:05:37.217,47.3500,18
43537217665530,12:05:37.217,47.3500,43
43537217726348,12:05:37.217,47.3500,39
43537217726348,12:05:37.217,47.3500,100
43537217726348,12:05:37.217,47.3500,100
43539356376630,12:05:39.356,47.3400,100
43539356376630,12:05:39.356,47.3400,34
43539356376630,12:05:39.356,47.3400,66
43539356841683,12:05:39.356,47.3400,11
43539364678425,12:05:39.364,47.3400,23
43541713287859,12:05:41.713,47.3400,100
43541713287859,12:05:41.713,47.3400,100
43541713287859,12:05:41.713,47.3400,100
43541713287859,12:05:41.713,47.3400,100
43541713287859,12:05:41.713,47.3400,100
43544425007435,12:05:44.425,47.3450,100
43564545697328,12:06:04.545,47.3400,200
43564547673882,12:06:04.547,47.3400,100
43564547698255,12:06:04.547,47.3400,1
43564547745219,12:06:04.547,47.3400,99
43592590147514,12:06:32.590,47.3300,100
43592590147514,12:06:32.590,47.3300,100
43592590147514,12:06:32.590,47.3300,100
43592590147514,12:06:32.590,47.3300,200
43592590812406,12:06:32.590,47.3300,10
43698800963780,12:08:18.800,47.3200,100
43698800963780,12:08:18.800,47.3200,100
43703980480996,12:08:23.980,47.3300,2
43708200876260,12:08:28.200,47.3200,100
43708200876260,12:08:28.200,47.3200,100
43709463346485,12:08:29.463,47.3200,100
43709463346485,12:08:29.463,47.3200,100
43709463346485,12:08:29.463,47.3200,100
43709463346485,12:08:29.463,47.3200,100
43709463346485,12:08:29.463,47.3200,100
43709463346485,12:08:29.463,47.3200,100
43709463346485,12:08:29.463,47.3200,100
43709463492804,12:08:29.463,47.3200,100
43709463945021,12:08:29.463,47.3200,24
43709470258182,12:08:29.470,47.3200,46
43709470258182,12:08:29.470,47.3200,54
43709482447124,12:08:29.482,47.3200,46
43709482447124,12:08:29.482,47.3200,54
43710114880382,12:08:30.114,47.3100,100
43710114880382,12:08:30.114,47.3100,100
43710114880382,12:08:30.114,47.3100,100
43710114880382,12:08:30.114,47.3100,100
43710114880382,12:08:30.114,47.3100,100
43764804808406,12:09:24.804,47.3100,100
43764804808406,12:09:24.804,47.3100,100
43764804808406,12:09:24.804,47.3100,100
43764820913716,12:09:24.820,47.3000,100
43764820991605,12:09:24.820,47.3000,100
43764820991605,12:09:24.820,47.3000,200
43765114010353,12:09:25.114,47.2900,100
43765114010353,12:09:25.114,47.2900,100
43765114010353,12:09:25.114,47.2900,200
43765114010353,12:09:25.114,47.2900,100
43778117402223,12:09:38.117,47.2800,100
43778117402223,12:09:38.117,47.2800,100
43778117402223,12:09:38.117,47.2800,100
43778117402223,12:09:38.117,47.2800,200
43785169629935,12:09:45.169,47.2700,100
43785169629935,12:09:45.169,47.2700,100
43785169629935,12:09:45.169,47.2700,200
43785169629935,12:09:45.169,47.2700,100
43790185037624,12:09:50.185,47.2700,96
43790185037624,12:09:50.185,47.2700,200
43790185037624,12:09:50.185,47.2700,100
43790185037624,12:09:50.185,47.2700,4
43790185065784,12:09:50.185,47.2700,96
43816070159387,12:10:16.070,47.2800,100
43816070159387,12:10:16.070,47.2800,200
43816070159387,12:10:16.070,47.2800,5
43816080907843,12:10:16.080,47.2900,100
43833634194852,12:10:33.634,47.2900,100
43860179761243,12:11:00.179,47.3000,300
43860179761243,12:11:00.179,47.3000,100
43860179761243,12:11:00.179,47.3000,100
43860180080687,12:11:00.180,47.3000,100
43879266109091,12:11:19.266,47.3000,100
43879266109091,12:11:19.266,47.3000,100
43879266109091,12:11:19.266,47.3000,100
43913194883491,12:11:53.194,47.2900,100
43913194883491,12:11:53.194,47.2900,100
43913194883491,12:11:53.194,47.2900,100
43913194883491,12:11:53.194,47.2900,100
43913194883491,12:11:53.194,47.2900,95
43913194914887,12:11:53.194,47.2900,5
43913825144159,12:11:53.825,47.2800,100
43914121919554,12:11:54.121,47.2800,100
43914121987960,12:11:54.121,47.2800,100
43914121987960,12:11:54.121,47.2800,36
43914121987960,12:11:54.121,47.2800,100
43914121987960,12:11:54.121,47.2800,100
43915116459350,12:11:55.116,47.2700,100
43915116459350,12:11:55.116,47.2700,100
43922622622416,12:12:02.622,47.2700,100
43925197863633,12:12:05.197,47.2700,100
43930518455684,12:12:10.518,47.2700,100
43933039638587,12:12:13.039,47.2700,21
43933039638587,12:12:13.039,47.2700,79
43936736160760,12:12:16.736,47.2700,100
43936736197491,12:12:16.736,47.2700,96
43937743135239,12:12:17.743,47.2700,4
43942207244272,12:12:22.207,47.2600,100
43943156057453,12:12:23.156,47.2600,100
43943156057453,12:12:23.156,47.2600,100
43953471687447,12:12:33.471,47.2600,100
43956115640147,12:12:36.115,47.2600,99
43958623574528,12:12:38.623,47.2600,100
43959006490302,12:12:39.006,47.2600,100
43959219247464,12:12:39.219,47.2600,100
43966487648001,12:12:46.487,47.2600,100
43966488071092,12:12:46.488,47.2600,100
43967116332096,12:12:47.116,47.2600,100
43969136873954,12:12:49.136,47.2600,100
43969136873954,12:12:49.136,47.2600,100
43974143628083,12:12:54.143,47.2650,100
43974328863081,12:12:54.328,47.2600,100
43975636068735,12:12:55.636,47.2700,100
43975636068735,12:12:55.636,47.2700,200
43975636068735,12:12:55.636,47.2700,187
43975636095447,12:12:55.636,47.2700,13
43975636095447,12:12:55.636,47.2700,100
43975636099622,12:12:55.636,47.2700,113
43975636690496,12:12:55.636,47.2700,87
43980129907986,12:13:00.129,47.2800,200
43980129907986,12:13:00.129,47.2800,100
43985974475157,12:13:05.974,47.2900,100
43985974475157,12:13:05.974,47.2900,100
43989589788541,12:13:09.589,47.3000,200
43989643039635,12:13:09.643,47.3100,55
43992023923521,12:13:12.023,47.3000,100
44011116700081,12:13:31.116,47.3100,100
44011116700081,12:13:31.116,47.3100,100
44011116700081,12:13:31.116,47.3100,100
44011116700081,12:13:31.116,47.3100,100
44011116700081,12:13:31.116,47.3100,100
44011116700081,12:13:31.116,47.3100,100
44011119284465,12:13:31.119,47.3000,100
44043113928738,12:14:03.113,47.3100,100
44043113928738,12:14:03.113,47.3100,100
44043113928738,12:14:03.113,47.3100,100
44044536477880,12:14:04.536,47.3100,77
44084354477022,12:14:44.354,47.3200,100
44084354477022,12:14:44.354,47.3200,100
44155321061191,12:15:55.321,47.3200,100
44155321061191,12:15:55.321,47.3200,86
44155321378909,12:15:55.321,47.3200,14
44155321378909,12:15:55.321,47.3200,100
44171724076788,12:16:11.724,47.3200,200
44189608273448,12:16:29.608,47.3300,100
44189608273448,12:16:29.608,47.3300,142
44214022481873,12:16:54.022,47.3400,100
44214022481873,12:16:54.022,47.3400,100
44214022481873,12:16:54.022,47.3400,98
44214022508257,12:16:54.022,47.3400,2
44217966792831,12:16:57.966,47.3500,13
44217966792831,12:16:57.966,47.3500,87
44257282483119,12:17:37.282,47.3500,2
44327694671709,12:18:47.694,47.3300,100
44327694671709,12:18:47.694,47.3300,100
44327694671709,12:18:47.694,47.3300,100
44327694671709,12:18:47.694,47.3300,200
44327695026333,12:18:47.695,47.3300,6
44327695033446,12:18:47.695,47.3300,32
44327695070896,12:18:47.695,47.3300,62
44348259306400,12:19:08.259,47.3300,200
44348259306400,12:19:08.259,47.3300,100
44360122283962,12:19:20.122,47.3400,11
44360122283962,12:19:20.122,47.3400,100
44360122283962,12:19:20.122,47.3400,200
44374229990336,12:19:34.229,47.3500,100
44380050278063,12:19:40.050,47.3600,200
44380050278063,12:19:40.050,47.3600,100
44388061874165,12:19:48.061,47.3700,100
44396300376250,12:19:56.300,47.3700,100
44396300376250,12:19:56.300,47.3700,100
44412531715264,12:20:12.531,47.3600,5
44412553672507,12:20:12.553,47.3600,16
44460003813673,12:21:00.003,47.3700,200
44470343365775,12:21:10.343,47.3700,84
44470343365775,12:21:10.343,47.3700,20
44470343365775,12:21:10.343,47.3700,100
44470343365775,12:21:10.343,47.3700,83
44470343403590,12:21:10.343,47.3700,17
44470343403590,12:21:10.343,47.3700,83
44470343442305,12:21:10.343,47.3700,17
44480197459849,12:21:20.197,47.3700,100
44480197459849,12:21:20.197,47.3700,100
44480197459849,12:21:20.197,47.3700,17
44480197459849,12:21:20.197,47.3700,100
44480197459849,12:21:20.197,47.3700,100
44480197459849,12:21:20.197,47.3700,200
44480197459849,12:21:20.197,47.3700,100
44516518478433,12:21:56.518,47.3700,8
44548239095296,12:22:28.239,47.3600,167
44548239173406,12:22:28.239,47.3600,33
44548239173406,12:22:28.239,47.3600,100
44548239173406,12:22:28.239,47.3600,200
44548239173406,12:22:28.239,47.3600,10
44548239173406,12:22:28.239,47.3600,100
44548239281851,12:22:28.239,47.3600,100
44548257800487,12:22:28.257,47.3500,100
44548257800487,12:22:28.257,47.3500,100
44548258144022,12:22:28.258,47.3500,6
44548258145516,12:22:28.258,47.3500,94
44570415652638,12:22:50.415,47.3600,200
44570415652638,12:22:50.415,47.3600,200
44570415652638,12:22:50.415,47.3600,100
44570415652638,12:22:50.415,47.3600,100
44594259112330,12:23:14.259,47.3600,2
44639692779393,12:23:59.692,47.3500,200
44639692779393,12:23:59.692,47.3500,100
44639692779393,12:23:59.692,47.3500,100
44639692779393,12:23:59.692,47.3500,200
44639692779393,12:23:59.692,47.3500,11
44639692779393,12:23:59.692,47.3500,100
44639693179417,12:23:59.693,47.3500,100
44639693600265,12:23:59.693,47.3500,200
44639693639121,12:23:59.693,47.3500,100
44640132850172,12:24:00.132,47.3500,100
44640132850172,12:24:00.132,47.3500,200
44640132850172,12:24:00.132,47.3500,100
44654750642121,12:24:14.750,47.3500,100
44654750642121,12:24:14.750,47.3500,100
44654750642121,12:24:14.750,47.3500,200
44654750642121,12:24:14.750,47.3500,8
44654750842925,12:24:14.750,47.3500,100
44654750842925,12:24:14.750,47.3500,100
44660468568415,12:24:20.468,47.3600,200
44660468568415,12:24:20.468,47.3600,100
44660468568415,12:24:20.468,47.3600,200
44673963528164,12:24:33.963,47.3600,4
44673967848192,12:24:33.967,47.3600,96
44689066293342,12:24:49.066,47.3500,100
44689066691636,12:24:49.066,47.3500,60
44689066691636,12:24:49.066,47.3500,100
44785775236990,12:26:25.775,47.3400,100
44785775283910,12:26:25.775,47.3400,100
44834860870266,12:27:14.860,47.3300,100
44834860913045,12:27:14.860,47.3300,2
44834860916816,12:27:14.860,47.3300,98
44834860916816,12:27:14.860,47.3300,200
44870005330632,12:27:50.005,47.3300,200
44870005485770,12:27:50.005,47.3300,100
44870005514097,12:27:50.005,47.3300,100
44870005668356,12:27:50.005,47.3300,100
44885141889399,12:28:05.141,47.3400,100
44885141889399,12:28:05.141,47.3400,100
44885141889399,12:28:05.141,47.3400,6
44891149206097,12:28:11.149,47.3500,100
44905557686391,12:28:25.557,47.3500,2
44916454132952,12:28:36.454,47.3500,11
45001329015922,12:30:01.329,47.3450,100
45001829010548,12:30:01.829,47.3450,100
45002329014362,12:30:02.329,47.3450,100
45002829012164,12:30:02.829,47.3450,100
45003329017587,12:30:03.329,47.3450,100
45004076951142,12:30:04.076,47.3500,227
45004076951142,12:30:04.076,47.3500,7
45051955962002,12:30:51.955,47.3600,52
45052612313532,12:30:52.612,47.3600,80
45143537828235,12:32:23.537,47.3600,12
45143537873669,12:32:23.537,47.3600,72
