timestamp,time,price,volume
34200154802968,09:30:00.154,0.0000,0
34552629006318,09:35:52.629,6.0200,21
34552629006318,09:35:52.629,6.0200,100
34552629006318,09:35:52.629,6.0200,79
34552629035430,09:35:52.629,6.0200,21
34845990384677,09:40:45.990,5.9100,61
34845990678604,09:40:45.990,5.9100,39
34845990678604,09:40:45.990,5.9100,100
34845990678604,09:40:45.990,5.9100,361
34846313670276,09:40:46.313,5.9100,44
36244694438108,10:04:04.694,5.9100,1
36319896916401,10:05:19.896,5.8800,16
36319896916401,10:05:19.896,5.8700,84
36427152332843,10:07:07.152,5.8700,16
36427152332843,10:07:07.152,5.8700,84
36427153461878,10:07:07.153,5.8700,16
36427153461878,10:07:07.153,5.8700,100
36582236650455,10:09:42.236,5.8800,100
36614525859792,10:10:14.525,5.9000,100
37009829988067,10:16:49.829,5.9000,2000
37290297950276,10:21:30.297,5.9600,300
37438100447773,10:23:58.100,5.9700,1
38086474295452,10:34:46.474,5.9900,4
38160474802836,10:36:00.474,6.0000,100
38160475235366,10:36:00.475,6.0000,2
38163484885963,10:36:03.484,6.0000,100
38360477207530,10:39:20.477,5.9800,100
38360836260817,10:39:20.836,5.9700,100
38860164759845,10:47:40.164,5.9900,100
38860166908116,10:47:40.166,5.9800,10
38860166908116,10:47:40.166,5.9800,25
39413698292795,10:56:53.698,5.9900,10
39413698292795,10:56:53.698,5.9900,90
39434189514561,10:57:14.189,5.9800,100
40702780314277,11:18:22.780,5.9700,200
40702780382845,11:18:22.780,5.9700,200
40883065243980,11:21:23.065,5.9700,100
40898548473356,11:21:38.548,5.9500,100
40948384083943,11:22:28.384,5.9500,100
40959219752328,11:22:39.219,5.9500,100
40960379032025,11:22:40.379,5.9400,100
40960379033533,11:22:40.379,5.9400,100
41219009252451,11:26:59.009,5.9300,100
41260607908943,11:27:40.607,5.9300,100
41475564067398,11:31:15.564,5.9200,100
41475564067398,11:31:15.564,5.9200,100
41714621369596,11:35:14.621,5.9000,228
41714621394932,11:35:14.621,5.9000,1772
41930978048037,11:38:50.978,5.8800,143
42522404130135,11:48:42.404,5.8800,100
42570775891566,11:49:30.775,5.8800,100
42570776687973,11:49:30.776,5.8900,22
42570776712818,11:49:30.776,5.8900,78
42845374539850,11:54:05.374,5.8700,15
43100161302772,11:58:20.161,5.8800,100
43100161478891,11:58:20.161,5.8800,27
43100161529067,11:58:20.161,5.8800,73
43100163064883,11:58:20.163,5.8800,100
43156347805161,11:59:16.347,5.9000,100
43156347839532,11:59:16.347,5.9000,100
43204223895089,12:00:04.223,5.9300,100
43204224711614,12:00:04.224,5.9400,104
43204224734856,12:00:04.224,5.9400,196
43696515486406,12:08:16.515,5.9100,100
43751060738200,12:09:11.060,5.9400,100
43751061274728,12:09:11.061,5.9400,64
43769105533906,12:09:29.105,5.9200,100
43906240175520,12:11:46.240,5.9300,20
43906240555270,12:11:46.240,5.9300,80
43906241318873,12:11:46.241,5.9300,20
44382939072550,12:19:42.939,5.9100,100
44421686580722,12:20:21.686,5.9100,100
44459187633548,12:20:59.187,5.9300,100
45454013131407,12:37:34.013,5.9100,100
45765241788673,12:42:45.241,5.9100,100
45854959503274,12:44:14.959,5.9300,12
46776075709111,12:59:36.075,5.9300,28
47320505137231,13:08:40.505,5.9300,100
47320505137231,13:08:40.505,5.9300,153
47320505137231,13:08:40.505,5.9300,47
47635986693898,13:13:55.986,5.9600,1
47685896622509,13:14:45.896,5.9400,100
47730261609022,13:15:30.261,5.9400,100
48079264401807,13:21:19.264,5.9400,100
48079264713405,13:21:19.264,5.9500,20
48220161801193,13:23:40.161,5.9400,19
48220161801193,13:23:40.161,5.9400,100
48220161801193,13:23:40.161,5.9400,81
48476019382782,13:27:56.019,5.9500,15
49087504123906,13:38:07.504,5.9500,14
49304253273744,13:41:44.253,5.9400,100
49304254794404,13:41:44.254,5.9200,4
49522639797790,13:45:22.639,5.9200,15
49522639839558,13:45:22.639,5.9200,1
50397052004952,13:59:57.052,5.9200,4
50397052235102,13:59:57.052,5.9200,88
50397052237030,13:59:57.052,5.9200,8
50709591382238,14:05:09.591,5.9600,100
50823838107603,14:07:03.838,5.9500,100
51208012538673,14:13:28.012,5.9500,4
51208012643828,14:13:28.012,5.9600,26
51352979781103,14:15:52.979,5.9800,100
51367691041842,14:16:07.691,5.9800,17
51415748316047,14:16:55.748,5.9800,4
51422749372394,14:17:02.749,5.9800,1
51431917893578,14:17:11.917,5.9800,8
51455776416478,14:17:35.776,5.9700,100
51455776416478,14:17:35.776,5.9700,100
51455776416478,14:17:35.776,5.9700,30
51536190561713,14:18:56.190,5.9800,34
51803827764370,14:23:23.827,6.0000,44
51952564841086,14:25:52.564,6.0000,100
51953049144639,14:25:53.049,5.9800,4
51953049169774,14:25:53.049,5.9800,26
52412835678712,14:33:32.835,5.9400,25
52439751662586,14:33:59.751,5.9500,100
52463201105772,14:34:23.201,5.9600,36
52506034618696,14:35:06.034,5.9600,86
52506034639853,14:35:06.034,5.9600,14
52507181187258,14:35:07.181,5.9700,100
52628736594017,14:37:08.736,5.9400,2
52943952162768,14:42:23.952,5.9600,100
53192643486762,14:46:32.643,5.9700,39
53192643497352,14:46:32.643,5.9700,18
53192645578074,14:46:32.645,5.9800,100
53261045398245,14:47:41.045,5.9900,69
53261045412665,14:47:41.045,5.9900,31
53435757008197,14:50:35.757,5.9800,100
53435757244647,14:50:35.757,5.9800,40
53822934256203,14:57:02.934,5.9900,3
53990189709350,14:59:50.189,6.0000,99
53990189724115,14:59:50.189,6.0000,1
53990213215135,14:59:50.213,6.0000,100
54015294396968,15:00:15.294,6.0000,100
54282507743242,15:04:42.507,5.9900,100
54310128327654,15:05:10.128,5.9900,50
54310128327654,15:05:10.128,5.9900,6
54310129030604,15:05:10.129,5.9900,94
54387336040206,15:06:27.336,5.9600,12
54545413289759,15:09:05.413,5.9700,100
54776907531453,15:12:56.907,5.9500,9
54808020215150,15:13:28.020,5.9500,4
54811265981544,15:13:31.265,5.9500,57
54814716308991,15:13:34.716,5.9600,100
54814719262874,15:13:34.719,5.9700,86
54814723791147,15:13:34.723,5.9900,100
54814723791147,15:13:34.723,5.9900,100
54952153276506,15:15:52.153,5.9900,84
55003174166058,15:16:43.174,5.9900,100
55007996006893,15:16:47.996,5.9900,100
55497044601096,15:24:57.044,5.9800,3
55680792560727,15:28:00.792,5.9900,100
55680792585650,15:28:00.792,5.9900,60
55688058363488,15:28:08.058,6.0000,100
55688058387632,15:28:08.058,6.0000,58
55727991388515,15:28:47.991,6.0100,5
55760478417744,15:29:20.478,6.0100,92
55760478417744,15:29:20.478,6.0100,8
55760478443063,15:29:20.478,6.0100,92
55791226345404,15:29:51.226,6.0200,100
55791226345404,15:29:51.226,6.0200,100
56138077936867,15:35:38.077,6.0400,100
56201253740067,15:36:41.253,6.0500,300
56476768040905,15:41:16.768,6.0600,97
56476768117223,15:41:16.768,6.0600,3
56480339031997,15:41:20.339,6.0700,100
56482405528529,15:41:22.405,6.0600,100
56482405528529,15:41:22.405,6.0600,40
56482405528529,15:41:22.405,6.0600,100
56482405528529,15:41:22.405,6.0600,100
56484150319456,15:41:24.150,6.0600,100
56626976865653,15:43:46.976,6.0800,20
56698999091140,15:44:58.999,6.0800,148
56698999091140,15:44:58.999,6.0800,1000
56698999091140,15:44:58.999,6.0800,100
56698999091140,15:44:58.999,6.0800,52
56698999303406,15:44:58.999,6.0800,48
56792199320109,15:46:32.199,6.0800,100
56792199403663,15:46:32.199,6.0800,43
56810010403434,15:46:50.010,6.0800,28
56810010524254,15:46:50.010,6.0800,122
56810010524254,15:46:50.010,6.0800,70
56810010524254,15:46:50.010,6.0800,100
56889818538262,15:48:09.818,6.0700,3
56924430560264,15:48:44.430,6.0800,100
57065030231785,15:51:05.030,6.0800,3
57081072662475,15:51:21.072,6.0800,197
57081072662475,15:51:21.072,6.0800,137
57081072662475,15:51:21.072,6.0800,47
57081072662475,15:51:21.072,6.0800,3
57081072662475,15:51:21.072,6.0800,3
57081072662475,15:51:21.072,6.0800,200
57129443609272,15:52:09.443,6.0800,17
57129443609272,15:52:09.443,6.0800,100
57129443609272,15:52:09.443,6.0800,83
57159897188080,15:52:39.897,6.0700,94
57159897188080,15:52:39.897,6.0700,100
57258777213871,15:54:18.777,6.0600,300
57258777213871,15:54:18.777,6.0600,137
57258777213871,15:54:18.777,6.0600,33
57258777584921,15:54:18.777,6.0600,67
57258782268426,15:54:18.782,6.0600,92
57261422439681,15:54:21.422,6.0600,100
57310016666721,15:55:10.016,6.0700,200
57310016666721,15:55:10.016,6.0700,93
57335536255812,15:55:35.536,6.0700,21
57335536255812,15:55:35.536,6.0700,12
57335538883849,15:55:35.538,6.0700,100
57379029962223,15:56:19.029,6.0600,3
57389141375795,15:56:29.141,6.0800,6
57395897727419,15:56:35.897,6.0800,94
57452901861642,15:57:32.901,6.0800,21
57452901861642,15:57:32.901,6.0700,55
57511024903228,15:58:31.024,6.0900,82
57511024948002,15:58:31.024,6.0900,18
57516378623240,15:58:36.378,6.0850,65
57544437632659,15:59:04.437,6.0900,98
57591034267053,15:59:51.034,6.0900,70
57591497459328,15:59:51.497,6.0900,100
57600488839337,16:00:00.488,0.0000,0
