timestamp,time,price,volume
32448064040523,09:00:48.064,7.9700,100
32783892593562,09:06:23.892,7.9700,6
34199952059407,09:29:59.952,8.0200,1
34200589537325,09:30:00.589,0.0000,0
34272158190044,09:31:12.158,8.1000,250
34576305077488,09:36:16.305,7.9600,100
34578976404842,09:36:18.976,7.9600,100
34584050847832,09:36:24.050,7.9700,100
34584052371078,09:36:24.052,7.9800,100
34584069695108,09:36:24.069,7.9900,100
34584070891340,09:36:24.070,7.9900,100
34593855467339,09:36:33.855,7.9800,100
34613531958649,09:36:53.531,7.9800,100
34616902881490,09:36:56.902,7.9900,100
34621915522220,09:37:01.915,8.0000,100
34860937833371,09:41:00.937,8.0600,100
34860937863151,09:41:00.937,8.0600,100
34872896790561,09:41:12.896,8.0600,100
34882813268807,09:41:22.813,8.0500,100
34897663869240,09:41:37.663,8.0400,1
34993161193113,09:43:13.161,8.0400,99
35033736538987,09:43:53.736,8.0400,100
35068250951099,09:44:28.250,7.9800,100
35076489273594,09:44:36.489,7.9900,900
35076489283203,09:44:36.489,7.9900,400
35077158715087,09:44:37.158,7.9900,367
35077158732530,09:44:37.158,7.9900,10
35077158735842,09:44:37.158,7.9900,123
35202655703578,09:46:42.655,8.0400,100
35259209580762,09:47:39.209,8.0300,100
35268401820943,09:47:48.401,8.0400,100
35280507479547,09:48:00.507,8.0300,100
35287897320708,09:48:07.897,8.0200,100
35302521911496,09:48:22.521,8.0300,100
35324303338482,09:48:44.303,8.0300,100
35400627523676,09:50:00.627,8.0300,100
35415448215217,09:50:15.448,8.0400,61
35415448224453,09:50:15.448,8.0400,39
35465350710031,09:51:05.350,8.0400,100
35483961892035,09:51:23.961,8.0400,100
35544370662372,09:52:24.370,8.0000,100
35561348864585,09:52:41.348,8.0000,100
35568165207239,09:52:48.165,8.0100,100
35587852404751,09:53:07.852,8.0000,100
35660260971704,09:54:20.260,8.0200,66
35752384776531,09:55:52.384,8.0100,100
35755222296120,09:55:55.222,8.0000,100
35807488910832,09:56:47.488,7.9900,100
35831807325108,09:57:11.807,8.0000,100
35848305904546,09:57:28.305,8.0100,100
35905342997329,09:58:25.342,7.9900,100
35905343711531,09:58:25.343,7.9900,100
35910363662871,09:58:30.363,7.9900,100
35910363662871,09:58:30.363,7.9900,100
36001093659780,10:00:01.093,8.0000,116
36001093663654,10:00:01.093,8.0000,120
36002190971045,10:00:02.190,8.0000,126
36002190992589,10:00:02.190,8.0000,73
36149226200725,10:02:29.226,7.9900,100
36149226242450,10:02:29.226,7.9900,100
36149226279324,10:02:29.226,7.9900,100
36166648202531,10:02:46.648,7.9700,134
36166687792690,10:02:46.687,7.9600,313
36166689239059,10:02:46.689,7.9600,241
36166783259943,10:02:46.783,7.9500,100
36166794708127,10:02:46.794,7.9500,200
36166797747845,10:02:46.797,7.9500,100
36184230145098,10:03:04.230,7.9600,100
36218115143240,10:03:38.115,7.9400,100
36237830057477,10:03:57.830,7.9500,100
36452770856845,10:07:32.770,7.9000,100
36463925038209,10:07:43.925,7.9000,100
36497104382058,10:08:17.104,7.9000,1400
36540913870836,10:09:00.913,7.9200,100
36540913870836,10:09:00.913,7.9200,381
36632666011579,10:10:32.666,7.9200,100
36691249206451,10:11:31.249,7.9300,300
36708694311175,10:11:48.694,7.9400,100
36722864654018,10:12:02.864,7.9500,100
36724247529048,10:12:04.247,7.9500,100
36908919704058,10:15:08.919,7.9800,100
36987906115680,10:16:27.906,7.9900,20
37004222435871,10:16:44.222,7.9700,100
37227814790056,10:20:27.814,7.9500,100
37279401417653,10:21:19.401,7.9500,100
37290848855553,10:21:30.848,7.9600,100
37297185125785,10:21:37.185,7.9600,100
37322109292266,10:22:02.109,7.9600,100
37365948469207,10:22:45.948,7.9500,100
37795226329880,10:29:55.226,7.9300,100
37800069072241,10:30:00.069,7.9500,100
37800069072241,10:30:00.069,7.9500,500
37800069072241,10:30:00.069,7.9600,100
37800069072241,10:30:00.069,7.9600,400
37800086101280,10:30:00.086,7.9800,100
37800088037353,10:30:00.088,7.9900,3
37800088047948,10:30:00.088,7.9900,66
37800088215587,10:30:00.088,7.9900,31
37800092742144,10:30:00.092,8.0000,50
37800092742144,10:30:00.092,8.0000,2
37824262497624,10:30:24.262,7.9900,100
37883713298366,10:31:23.713,8.0500,21
37883713312829,10:31:23.713,8.0500,116
37883713801928,10:31:23.713,8.0500,63
37982468145306,10:33:02.468,8.0800,72
38023741298702,10:33:43.741,8.0800,100
38023751550097,10:33:43.751,8.0800,100
38023751649154,10:33:43.751,8.0800,100
38023752848349,10:33:43.752,8.0800,100
38023753205926,10:33:43.753,8.0800,100
38023753580228,10:33:43.753,8.0800,100
38024954856117,10:33:44.954,8.0800,400
38024954898714,10:33:44.954,8.0800,500
38024955642549,10:33:44.955,8.0800,3500
38321452247023,10:38:41.452,8.0700,900
38383157619579,10:39:43.157,8.0500,100
38642923768772,10:44:02.923,8.0500,100
38660971285896,10:44:20.971,8.0800,100
38660971285896,10:44:20.971,8.0800,134
38660971300512,10:44:20.971,8.0800,66
38858877059737,10:47:38.877,8.0500,367
38858877083188,10:47:38.877,8.0500,116
38858877121937,10:47:38.877,8.0500,317
38984233927696,10:49:44.233,8.0100,100
38984942324250,10:49:44.942,8.0100,400
39021053542809,10:50:21.053,7.9900,600
39107004910009,10:51:47.004,8.0200,100
39269488661018,10:54:29.488,8.0200,100
39310723862743,10:55:10.723,8.0500,100
39426658835618,10:57:06.658,8.0900,100
39600327065847,11:00:00.327,8.1000,161
39600327073001,11:00:00.327,8.1000,5
39600327371051,11:00:00.327,8.1000,63
39600327433158,11:00:00.327,8.1000,100
39600327484290,11:00:00.327,8.1000,111
39600327516854,11:00:00.327,8.1000,217
39600327528692,11:00:00.327,8.1000,113
39600327531273,11:00:00.327,8.1000,62
39600327557893,11:00:00.327,8.1000,100
39600327569507,11:00:00.327,8.1000,149
39600327889511,11:00:00.327,8.1000,119
39600327889511,11:00:00.327,8.1000,35
39600327889511,11:00:00.327,8.1000,1
39629136583182,11:00:29.136,8.1300,500
39662941939380,11:01:02.941,8.1500,250
39662941939380,11:01:02.941,8.1500,1
39662941939380,11:01:02.941,8.1500,305
39663063461784,11:01:03.063,8.1600,100
39663466281851,11:01:03.466,8.1600,100
39800025705300,11:03:20.025,8.1600,1
39803629953052,11:03:23.629,8.1600,200
39803955730883,11:03:23.955,8.1600,100
39912945194113,11:05:12.945,8.1900,300
39930745791572,11:05:30.745,8.1900,200
39930746394053,11:05:30.746,8.1900,100
39995138609106,11:06:35.138,8.1700,449
39995138654845,11:06:35.138,8.1700,100
40095596957231,11:08:15.596,8.1900,100
40095598219267,11:08:15.598,8.2000,1664
40095598219267,11:08:15.598,8.2000,800
40095598219267,11:08:15.598,8.2000,200
40095598270202,11:08:15.598,8.2000,200
40105120170454,11:08:25.120,8.2000,2100
40105120440615,11:08:25.120,8.2000,100
40105120458355,11:08:25.120,8.2000,1300
40105120470918,11:08:25.120,8.2000,500
40105120477815,11:08:25.120,8.2000,200
40105120479314,11:08:25.120,8.2000,65
40105120480975,11:08:25.120,8.2000,25
40105120492171,11:08:25.120,8.2000,1800
40105120507273,11:08:25.120,8.2000,200
40105120536197,11:08:25.120,8.2000,1100
40105120552973,11:08:25.120,8.2000,100
40105120562758,11:08:25.120,8.2000,1800
40105120585359,11:08:25.120,8.2000,500
40105120610862,11:08:25.120,8.2000,400
40105120620018,11:08:25.120,8.2000,100
40105120661245,11:08:25.120,8.2000,100
40105123357978,11:08:25.123,8.2000,200
40105130995535,11:08:25.130,8.2000,2200
40105748244954,11:08:25.748,8.2000,200
40105748289459,11:08:25.748,8.2000,113
40106425127565,11:08:26.425,8.2000,100
40106425205094,11:08:26.425,8.2000,7916
40106425242228,11:08:26.425,8.2000,917
40116003525317,11:08:36.003,8.1800,400
40512214028268,11:15:12.214,8.2100,249
40512214038218,11:15:12.214,8.2100,1
40747811347153,11:19:07.811,8.2300,63
40842914810765,11:20:42.914,8.2100,62
40842914824180,11:20:42.914,8.2100,62
40893070493087,11:21:33.070,8.2100,100
41050910151847,11:24:10.910,8.1900,787
41050910315363,11:24:10.910,8.1900,113
41050910598155,11:24:10.910,8.1900,100
41050910616377,11:24:10.910,8.1900,100
41052539718199,11:24:12.539,8.2000,200
41142599949619,11:25:42.599,8.2200,100
41374246955088,11:29:34.246,8.1900,200
41374246977576,11:29:34.246,8.1900,100
41492179911719,11:31:32.179,8.2200,1100
41510034413221,11:31:50.034,8.2200,200
41515799403006,11:31:55.799,8.2300,100
41903146482368,11:38:23.146,8.2100,200
42009855907626,11:40:09.855,8.2000,200
42081871420784,11:41:21.871,8.2000,200
42090280808651,11:41:30.280,8.2000,18
42129408336030,11:42:09.408,8.2200,448
42129408566376,11:42:09.408,8.2200,552
42355996990705,11:45:55.996,8.2200,200
42393384984815,11:46:33.384,8.2200,200
42393846041305,11:46:33.846,8.2200,100
42393846041305,11:46:33.846,8.2200,100
42393846041305,11:46:33.846,8.2200,200
42393846126656,11:46:33.846,8.2200,100
42412475233192,11:46:52.475,8.2200,100
42412475233192,11:46:52.475,8.2200,200
42441901619016,11:47:21.901,8.2300,1000
42470762902387,11:47:50.762,8.2200,200
42548505847277,11:49:08.505,8.2200,1100
42790687707710,11:53:10.687,8.2000,1000
43068574423470,11:57:48.574,8.1800,200
43102124349380,11:58:22.124,8.1700,200
43202494566656,12:00:02.494,8.2000,331
43226607242070,12:00:26.607,8.2200,100
43226609102606,12:00:26.609,8.2100,200
43226609102606,12:00:26.609,8.2100,500
43227199256112,12:00:27.199,8.2100,80
43294066702687,12:01:34.066,8.2000,200
43298504783968,12:01:38.504,8.1900,200
43306686906269,12:01:46.686,8.1800,200
43837310006281,12:10:37.310,8.2100,200
43898027733142,12:11:38.027,8.2300,1100
43951854133549,12:12:31.854,8.2300,200
44057715619514,12:14:17.715,8.2200,100
44057715803692,12:14:17.715,8.2200,200
44060783306019,12:14:20.783,8.2100,200
44098748377833,12:14:58.748,8.2200,200
44260522219353,12:17:40.522,8.2300,121
44529170848399,12:22:09.170,8.2100,179
44529170866248,12:22:09.170,8.2100,200
44529170906697,12:22:09.170,8.2100,100
44529170926049,12:22:09.170,8.2100,1021
44783320340624,12:26:23.320,8.1900,100
44862762137025,12:27:42.762,8.2000,1000
44878682773742,12:27:58.682,8.2200,221
44878682808591,12:27:58.682,8.2200,100
44948478167791,12:29:08.478,8.2200,200
45062101820164,12:31:02.101,8.2200,200
45062101820164,12:31:02.101,8.2200,1200
45062101851434,12:31:02.101,8.2200,300
45062101851434,12:31:02.101,8.2200,700
45062102358689,12:31:02.102,8.2200,100
45062102376104,12:31:02.102,8.2200,100
45062102408968,12:31:02.102,8.2200,100
45062102416354,12:31:02.102,8.2200,200
45062102446873,12:31:02.102,8.2200,100
45062105280386,12:31:02.105,8.2200,100
45062105280386,12:31:02.105,8.2200,300
45062105280386,12:31:02.105,8.2200,1900
45062105280386,12:31:02.105,8.2200,100
45062105280386,12:31:02.105,8.2200,200
45062105280386,12:31:02.105,8.2200,600
45062105280386,12:31:02.105,8.2200,100
45062105340573,12:31:02.105,8.2200,100
45147657631851,12:32:27.657,8.2100,100
45288039775098,12:34:48.039,8.2000,200
45361485218481,12:36:01.485,8.1900,1
45572807870559,12:39:32.807,8.2000,200
45572807870559,12:39:32.807,8.2000,104
45573598094889,12:39:33.598,8.2100,5
45598493922749,12:39:58.493,8.2200,199
45598493951100,12:39:58.493,8.2200,1
45708541944868,12:41:48.541,8.2100,200
45723651104802,12:42:03.651,8.2000,100
45724015323676,12:42:04.015,8.2100,1
45724015669335,12:42:04.015,8.2100,97
45724944895701,12:42:04.944,8.2100,200
45772024664268,12:42:52.024,8.2100,100
45778465639850,12:42:58.465,8.2200,100
45778465639850,12:42:58.465,8.2200,100
45829938620266,12:43:49.938,8.2100,200
45843973993873,12:44:03.973,8.2100,200
45888958270176,12:44:48.958,8.2100,200
45891854731174,12:44:51.854,8.2200,98
45891854750376,12:44:51.854,8.2200,102
45891854959032,12:44:51.854,8.2200,1000
46074075325638,12:47:54.075,8.2300,200
46125855439503,12:48:45.855,8.2400,200
46162826653760,12:49:22.826,8.2400,200
46187472460050,12:49:47.472,8.2400,200
46275543603441,12:51:15.543,8.2500,150
46275543603441,12:51:15.543,8.2500,100
46276486048089,12:51:16.486,8.2600,300
46308439627790,12:51:48.439,8.2600,200
46328962376170,12:52:08.962,8.2500,200
46362736309931,12:52:42.736,8.2600,1
46413863741870,12:53:33.863,8.2500,200
46428007041753,12:53:48.007,8.2500,200
46432473751110,12:53:52.473,8.2500,200
46582163449702,12:56:22.163,8.2300,200
46617208005501,12:56:57.208,8.2400,200
46620013521878,12:57:00.013,8.2400,200
46680020847814,12:58:00.020,8.2300,200
46746608552628,12:59:06.608,8.2300,200
46901631895028,13:01:41.631,8.2100,99
46901631898355,13:01:41.631,8.2100,101
46911404914767,13:01:51.404,8.2100,200
46921482214901,13:02:01.482,8.2100,200
46943484746158,13:02:23.484,8.2100,200
46962255898616,13:02:42.255,8.2100,200
46985616923436,13:03:05.616,8.2200,200
47014676365186,13:03:34.676,8.2200,200
47023483147987,13:03:43.483,8.2200,240
47086138263964,13:04:46.138,8.2100,200
47106524043057,13:05:06.524,8.2000,100
47106524043057,13:05:06.524,8.2000,100
47114045340453,13:05:14.045,8.2000,101
47114045718507,13:05:14.045,8.2000,99
47214170608912,13:06:54.170,8.2100,200
47255425634014,13:07:35.425,8.2100,200
47307336670659,13:08:27.336,8.2100,200
47316193236571,13:08:36.193,8.2200,200
47324898586317,13:08:44.898,8.2200,200
47327383204408,13:08:47.383,8.2200,96
47327637562694,13:08:47.637,8.2200,104
47417450136643,13:10:17.450,8.2400,200
47455323292986,13:10:55.323,8.2300,200
47482891725088,13:11:22.891,8.2300,200
47489857668679,13:11:29.857,8.2300,200
47512999995045,13:11:52.999,8.2300,200
47582827892369,13:13:02.827,8.2300,200
47588524545089,13:13:08.524,8.2300,200
47621043540647,13:13:41.043,8.2300,200
47647871145937,13:14:07.871,8.2300,200
47698365941758,13:14:58.365,8.2300,200
47700095501889,13:15:00.095,8.2300,196
47700095507200,13:15:00.095,8.2300,4
47724046277571,13:15:24.046,8.2300,200
47742229226592,13:15:42.229,8.2300,200
47759808597786,13:15:59.808,8.2300,200
47808017981093,13:16:48.017,8.2300,200
47820005708999,13:17:00.005,8.2300,200
47829659368943,13:17:09.659,8.2300,200
47861056816934,13:17:41.056,8.2300,200
47873912385635,13:17:53.912,8.2300,200
47913892143733,13:18:33.892,8.2300,200
47951193092137,13:19:11.193,8.2400,200
47977062213778,13:19:37.062,8.2400,100
47977062240507,13:19:37.062,8.2400,100
48011297363544,13:20:11.297,8.2400,200
48044087718129,13:20:44.087,8.2400,200
48052613139859,13:20:52.613,8.2300,200
48063148038343,13:21:03.148,8.2300,200
48070442508869,13:21:10.442,8.2300,100
48074787903151,13:21:14.787,8.2300,200
48150006534196,13:22:30.006,8.2200,200
48222297888776,13:23:42.297,8.2200,200
48237257132237,13:23:57.257,8.2200,200
48247379006765,13:24:07.379,8.2200,200
48271182449812,13:24:31.182,8.2200,200
48291847673142,13:24:51.847,8.2200,200
48306941615347,13:25:06.941,8.2200,200
48358161284670,13:25:58.161,8.2200,200
48376801847403,13:26:16.801,8.2200,200
48379926555162,13:26:19.926,8.2200,200
48391669861918,13:26:31.669,8.2200,200
48401006864148,13:26:41.006,8.2200,200
48426318738705,13:27:06.318,8.2200,200
48430750078304,13:27:10.750,8.2200,200
48448976315119,13:27:28.976,8.2200,200
48484616774460,13:28:04.616,8.2200,200
48594739693101,13:29:54.739,8.2200,200
48597665251925,13:29:57.665,8.2200,100
48598026945108,13:29:58.026,8.2200,100
48681365587850,13:31:21.365,8.2400,200
48725382651431,13:32:05.382,8.2400,200
48729895728466,13:32:09.895,8.2400,200
48757201397046,13:32:37.201,8.2400,200
48843261595449,13:34:03.261,8.2500,200
48851250143713,13:34:11.250,8.2500,200
48901239364694,13:35:01.239,8.2500,200
48909550165110,13:35:09.550,8.2500,200
48946032978722,13:35:46.032,8.2400,200
48960331911828,13:36:00.331,8.2400,200
48986461559330,13:36:26.461,8.2400,200
49013218795686,13:36:53.218,8.2400,200
49153976654200,13:39:13.976,8.2300,200
49167471960096,13:39:27.471,8.2300,200
49199029978033,13:39:59.029,8.2300,200
49204335389517,13:40:04.335,8.2300,200
49214528335908,13:40:14.528,8.2300,200
49229702764027,13:40:29.702,8.2300,200
49291244222493,13:41:31.244,8.2200,200
49322024618873,13:42:02.024,8.2100,200
49324439710789,13:42:04.439,8.2100,200
49338276993221,13:42:18.276,8.2100,175
49338277011723,13:42:18.277,8.2100,25
49339788117774,13:42:19.788,8.2100,200
49372036382006,13:42:52.036,8.2000,200
49401125277438,13:43:21.125,8.2100,200
49410876017969,13:43:30.876,8.2000,200
49418097267741,13:43:38.097,8.2000,200
49423893814938,13:43:43.893,8.2000,200
49441863486559,13:44:01.863,8.1900,200
49469270170932,13:44:29.270,8.1900,200
49509663946300,13:45:09.663,8.1900,200
49522578928589,13:45:22.578,8.1800,200
49522639531514,13:45:22.639,8.1700,900
49522639531514,13:45:22.639,8.1700,1100
49522639531514,13:45:22.639,8.1700,500
49522670213957,13:45:22.670,8.1700,200
49522674163010,13:45:22.674,8.1700,600
49522674163010,13:45:22.674,8.1700,98
49531011933688,13:45:31.011,8.1800,200
49531011933688,13:45:31.011,8.1800,82
49531011946690,13:45:31.011,8.1800,16
49576468969295,13:46:16.468,8.1900,77
49576468984632,13:46:16.468,8.1900,94
49576469945965,13:46:16.469,8.1900,29
49609853007718,13:46:49.853,8.1900,200
49626210665991,13:47:06.210,8.1900,200
49680355197919,13:48:00.355,8.1900,200
49683820412682,13:48:03.820,8.1900,200
49727572321308,13:48:47.572,8.2000,200
49800919269263,13:50:00.919,8.2100,200
49809563923104,13:50:09.563,8.2100,200
49861907565058,13:51:01.907,8.2100,200
49882424805372,13:51:22.424,8.2100,200
49971065491774,13:52:51.065,8.2000,200
49976700637158,13:52:56.700,8.2000,200
50058143910051,13:54:18.143,8.2100,200
50064721291044,13:54:24.721,8.2100,200
50103472157434,13:55:03.472,8.2000,176
50103472252560,13:55:03.472,8.2000,24
50109473928845,13:55:09.473,8.2000,200
50130944082360,13:55:30.944,8.2000,200
50160458365583,13:56:00.458,8.2000,188
50160458381983,13:56:00.458,8.2000,12
50170812394960,13:56:10.812,8.2000,200
50173017251549,13:56:13.017,8.2000,200
50180926140309,13:56:20.926,8.2000,44
50180926443022,13:56:20.926,8.2000,156
50220095772507,13:57:00.095,8.2000,200
50220752551585,13:57:00.752,8.2000,200
50272544058003,13:57:52.544,8.2000,200
50279637244249,13:57:59.637,8.2000,200
50331669480226,13:58:51.669,8.2000,200
50360747960198,13:59:20.747,8.1800,204
50383939312235,13:59:43.939,8.1800,100
50409001562661,14:00:09.001,8.2300,1500
50597956309742,14:03:17.956,8.2600,65
50606281052929,14:03:26.281,8.2600,134
50606904827875,14:03:26.904,8.2600,100
50647414307114,14:04:07.414,8.2800,1
50673763524880,14:04:33.763,8.3000,5
50673763524880,14:04:33.763,8.3000,250
50673763524880,14:04:33.763,8.3000,17
50970279518050,14:09:30.279,8.3300,200
51004874752713,14:10:04.874,8.3100,200
51005156888734,14:10:05.156,8.3100,200
51005324182026,14:10:05.324,8.3100,100
51005324182026,14:10:05.324,8.3100,200
51030915252126,14:10:30.915,8.3000,200
51051912415470,14:10:51.912,8.3100,200
51060985671968,14:11:00.985,8.3200,200
51082571108944,14:11:22.571,8.3200,76
51082571182492,14:11:22.571,8.3200,100
51082571216500,14:11:22.571,8.3200,24
51129097518563,14:12:09.097,8.3300,19
51129097677067,14:12:09.097,8.3300,41
51129097731039,14:12:09.097,8.3300,100
51140926025935,14:12:20.926,8.3300,40
51140926025935,14:12:20.926,8.3300,100
51142491592365,14:12:22.491,8.3300,40
51234435424095,14:13:54.435,8.3400,119
51234473297463,14:13:54.473,8.3400,81
51250937020240,14:14:10.937,8.3500,1
51250937020240,14:14:10.937,8.3500,199
51250937126704,14:14:10.937,8.3500,37
51251386977304,14:14:11.386,8.3500,14
51300179127314,14:15:00.179,8.3400,200
51300179127314,14:15:00.179,8.3400,250
51300179146180,14:15:00.179,8.3400,90
51300216140049,14:15:00.216,8.3400,1000
51300852554908,14:15:00.852,8.3300,200
51305474835763,14:15:05.474,8.3400,200
51308626483566,14:15:08.626,8.3400,200
51308626483566,14:15:08.626,8.3400,100
51314673593520,14:15:14.673,8.3400,200
51323273893922,14:15:23.273,8.3300,200
51324401087220,14:15:24.401,8.3400,200
51326118280219,14:15:26.118,8.3400,95
51339618477868,14:15:39.618,8.3300,59
51339618559944,14:15:39.618,8.3300,141
51344451261755,14:15:44.451,8.3300,200
51344850742755,14:15:44.850,8.3300,200
51346957919374,14:15:46.957,8.3400,105
51360459276570,14:16:00.459,8.3400,200
51361178607488,14:16:01.178,8.3400,200
51366268475809,14:16:06.268,8.3500,161
51366268487942,14:16:06.268,8.3500,39
51368463478506,14:16:08.463,8.3500,200
51371539555584,14:16:11.539,8.3500,200
51382554493628,14:16:22.554,8.3600,255
51382554601109,14:16:22.554,8.3600,145
51382554601109,14:16:22.554,8.3600,200
51382756472843,14:16:22.756,8.3600,100
51382817415841,14:16:22.817,8.3600,100
51387574553552,14:16:27.574,8.3600,76
51387574590415,14:16:27.574,8.3600,124
51393968926199,14:16:33.968,8.3500,200
51394069039594,14:16:34.069,8.3500,200
51437114778890,14:17:17.114,8.3500,161
51437114789740,14:17:17.114,8.3500,39
51443797179237,14:17:23.797,8.3500,200
51446618433791,14:17:26.618,8.3500,41
51446618442267,14:17:26.618,8.3500,41
51446618452161,14:17:26.618,8.3500,118
51446626647697,14:17:26.626,8.3400,200
51474373913996,14:17:54.373,8.3400,200
51481312194319,14:18:01.312,8.3500,157
51481312209577,14:18:01.312,8.3500,43
51534458361296,14:18:54.458,8.3500,41
51534458372438,14:18:54.458,8.3500,159
51541025195049,14:19:01.025,8.3600,40
51541025273832,14:19:01.025,8.3600,119
51541026336071,14:19:01.026,8.3600,41
51560418275098,14:19:20.418,8.3700,6
51560418285619,14:19:20.418,8.3700,90
51584273423176,14:19:44.273,8.3800,400
51635664041733,14:20:35.664,8.3600,200
51654265140553,14:20:54.265,8.3700,200
51658600351163,14:20:58.600,8.3700,161
51658600579779,14:20:58.600,8.3700,39
51662875767581,14:21:02.875,8.3800,200
51664838104899,14:21:04.838,8.3800,200
51665875786345,14:21:05.875,8.3800,200
51670506163126,14:21:10.506,8.3800,100
51673280131511,14:21:13.280,8.3800,200
51701996371431,14:21:41.996,8.4000,200
51701996445491,14:21:41.996,8.4000,10
51701996502243,14:21:41.996,8.4000,190
51701996502243,14:21:41.996,8.4000,10
51701996675208,14:21:41.996,8.4000,52
51701996822673,14:21:41.996,8.4000,250
51701996924675,14:21:41.996,8.4000,414
51701997076837,14:21:41.997,8.4000,300
51702024795852,14:21:42.024,8.4000,26
51702024795852,14:21:42.024,8.4000,74
51702024808004,14:21:42.024,8.4000,126
51702024875096,14:21:42.024,8.4000,300
51708646324103,14:21:48.646,8.4000,200
51713469141759,14:21:53.469,8.4000,200
51715231556539,14:21:55.231,8.4100,65
51719392150058,14:21:59.392,8.4100,200
51732427169107,14:22:12.427,8.4100,200
51733251074393,14:22:13.251,8.4100,200
51735964175755,14:22:15.964,8.4100,200
51767846829221,14:22:47.846,8.4100,180
51767846841591,14:22:47.846,8.4100,20
51770105701390,14:22:50.105,8.4100,200
51795278523170,14:23:15.278,8.3900,200
51803606122516,14:23:23.606,8.4000,40
51803606312412,14:23:23.606,8.4000,20
51803606567472,14:23:23.606,8.4000,90
51803606950747,14:23:23.606,8.4000,50
51803802874608,14:23:23.802,8.4100,90
51803807282556,14:23:23.807,8.4100,110
51803807282556,14:23:23.807,8.4100,5
51838885186430,14:23:58.885,8.4000,200
51872738712442,14:24:32.738,8.3900,200
51872769146549,14:24:32.769,8.3900,100
51932061805938,14:25:32.061,8.3900,10
51932566751066,14:25:32.566,8.3900,190
51932566751066,14:25:32.566,8.3900,100
51955752700192,14:25:55.752,8.3800,70
51955752718133,14:25:55.752,8.3800,90
51955752728282,14:25:55.752,8.3800,40
51957947034570,14:25:57.947,8.3800,200
51983504423624,14:26:23.504,8.3700,200
52068893154394,14:27:48.893,8.3500,25
52069095826246,14:27:49.095,8.3400,200
52081808209284,14:28:01.808,8.3400,100
52081808209284,14:28:01.808,8.3400,200
52092811382043,14:28:12.811,8.3300,50
52117093334232,14:28:37.093,8.3200,200
52144562947540,14:29:04.562,8.3200,1328
52144764257324,14:29:04.764,8.3200,100
52186109565699,14:29:46.109,8.3200,100
52186606184613,14:29:46.606,8.3200,200
52202764459344,14:30:02.764,8.3200,200
52204777579743,14:30:04.777,8.3100,5
52204777671054,14:30:04.777,8.3100,83
52207419105164,14:30:07.419,8.3100,200
52214021014289,14:30:14.021,8.3200,38
52214021116765,14:30:14.021,8.3200,162
52216403527590,14:30:16.403,8.3200,200
52223803335931,14:30:23.803,8.3200,200
52262285872143,14:31:02.285,8.3300,200
52265394171124,14:31:05.394,8.3300,200
52269964692072,14:31:09.964,8.3400,200
52280961070539,14:31:20.961,8.3400,200
52284288438962,14:31:24.288,8.3400,200
52290746302883,14:31:30.746,8.3400,174
52290746310444,14:31:30.746,8.3400,26
52294903726263,14:31:34.903,8.3400,200
52309438024117,14:31:49.438,8.3400,200
52335224687985,14:32:15.224,8.3300,158
52335224698474,14:32:15.224,8.3300,42
52336456370753,14:32:16.456,8.3300,200
52347947927868,14:32:27.947,8.3400,200
52347947941588,14:32:27.947,8.3400,200
52347948015947,14:32:27.948,8.3400,200
52348418814996,14:32:28.418,8.3400,200
52348420324576,14:32:28.420,8.3300,200
52348420324576,14:32:28.420,8.3300,300
52348421395700,14:32:28.421,8.3300,185
52402720924375,14:33:22.720,8.3300,200
52402720924375,14:33:22.720,8.3300,100
52402720924375,14:33:22.720,8.3300,1
52402720938380,14:33:22.720,8.3300,36
52402720941145,14:33:22.720,8.3300,63
52519276907113,14:35:19.276,8.3300,200
52526793853309,14:35:26.793,8.3300,200
52534728536176,14:35:34.728,8.3300,200
52536080500189,14:35:36.080,8.3300,200
52539896670318,14:35:39.896,8.3300,200
52558027266731,14:35:58.027,8.3200,200
52564415600615,14:36:04.415,8.3100,200
52566790840606,14:36:06.790,8.3000,200
52578444810726,14:36:18.444,8.3000,200
52579103818549,14:36:19.103,8.3100,28
52579103819354,14:36:19.103,8.3100,86
52579103993384,14:36:19.103,8.3100,86
52579107750295,14:36:19.107,8.3100,100
52581245915105,14:36:21.245,8.3000,200
52585914796441,14:36:25.914,8.3000,200
52589444787240,14:36:29.444,8.3000,200
52607695731759,14:36:47.695,8.3000,200
52610375483383,14:36:50.375,8.3000,23
52610375496624,14:36:50.375,8.3000,87
52628735498802,14:37:08.735,8.2900,200
52632071530335,14:37:12.071,8.2800,200
52636780288787,14:37:16.780,8.2900,110
52636780512581,14:37:16.780,8.2900,36
52636829456273,14:37:16.829,8.2900,37
52636829470132,14:37:16.829,8.2900,17
52636829470132,14:37:16.829,8.2900,13
52636832554525,14:37:16.832,8.2900,87
52644096797063,14:37:24.096,8.3000,200
52646573183637,14:37:26.573,8.3100,200
52666566053341,14:37:46.566,8.3100,200
52677326781980,14:37:57.326,8.3200,57
52677326899005,14:37:57.326,8.3200,86
52710341724521,14:38:30.341,8.3200,200
52720019085909,14:38:40.019,8.3300,200
52720019085909,14:38:40.019,8.3300,144
52720019087001,14:38:40.019,8.3300,86
52720702268027,14:38:40.702,8.3300,100
52720711089422,14:38:40.711,8.3300,70
52720711089422,14:38:40.711,8.3300,55
52720711459165,14:38:40.711,8.3300,345
52720711459165,14:38:40.711,8.3300,55
52720711491036,14:38:40.711,8.3300,100
52720711977533,14:38:40.711,8.3300,45
52728343754922,14:38:48.343,8.3400,200
52739590655742,14:38:59.590,8.3400,200
52757278749400,14:39:17.278,8.3300,147
52757278762360,14:39:17.278,8.3300,53
52763011539746,14:39:23.011,8.3200,200
52781658928866,14:39:41.658,8.3200,74
52781658935701,14:39:41.658,8.3200,13
52781658936962,14:39:41.658,8.3200,87
52781658939471,14:39:41.658,8.3200,26
52808742184638,14:40:08.742,8.3200,117
52808742191345,14:40:08.742,8.3200,83
52813118960641,14:40:13.118,8.3200,200
52822739797114,14:40:22.739,8.3200,200
52832023750321,14:40:32.023,8.3100,74
52832023761342,14:40:32.023,8.3100,126
52835577435706,14:40:35.577,8.3100,200
52864178236284,14:41:04.178,8.3200,164
52864178266274,14:41:04.178,8.3200,36
52892249795406,14:41:32.249,8.3200,200
52927100203900,14:42:07.100,8.3300,200
52939580148717,14:42:19.580,8.3400,200
52973590330312,14:42:53.590,8.3400,200
52975747785998,14:42:55.747,8.3400,110
52975747799439,14:42:55.747,8.3400,28
52975747799972,14:42:55.747,8.3400,36
52975747812564,14:42:55.747,8.3400,26
52978976021700,14:42:58.976,8.3300,200
52985875316155,14:43:05.875,8.3300,200
52995069425763,14:43:15.069,8.3200,86
52995069440525,14:43:15.069,8.3200,86
52995069673334,14:43:15.069,8.3200,28
52996100399015,14:43:16.100,8.3100,87
52996100645245,14:43:16.100,8.3100,32
52996101040789,14:43:16.101,8.3100,37
53034652576434,14:43:54.652,8.3300,200
53086065481382,14:44:46.065,8.3400,200
53161657022663,14:46:01.657,8.3500,147
53161657042189,14:46:01.657,8.3500,53
53161657042189,14:46:01.657,8.3500,33
53161657057322,14:46:01.657,8.3500,144
53161657091611,14:46:01.657,8.3500,1323
53188256931706,14:46:28.256,8.3500,32
53188256931706,14:46:28.256,8.3500,100
53389094732571,14:49:49.094,8.4000,1
53389094732571,14:49:49.094,8.4000,4
53389095052634,14:49:49.095,8.4000,96
53396074003356,14:49:56.074,8.4000,200
53400097994026,14:50:00.097,8.4000,300
53400097994026,14:50:00.097,8.4000,500
53400098157305,14:50:00.098,8.4000,69
53400098192227,14:50:00.098,8.4000,131
53422590536793,14:50:22.590,8.4000,200
53483324568966,14:51:23.324,8.3900,50
53483324576039,14:51:23.324,8.3900,47
53483324580730,14:51:23.324,8.3900,86
53483324801398,14:51:23.324,8.3900,17
53511103668874,14:51:51.103,8.4000,87
53522822810601,14:52:02.822,8.4000,75
53522822832194,14:52:02.822,8.4000,86
53522822969812,14:52:02.822,8.4000,19
53522822989810,14:52:02.822,8.4000,20
53536569054258,14:52:16.569,8.4100,200
53734726245785,14:55:34.726,8.4400,200
53789700984022,14:56:29.700,8.4400,14
53789701204119,14:56:29.701,8.4400,86
53789707445216,14:56:29.707,8.4400,200
53800931511423,14:56:40.931,8.4500,200
53822932125205,14:57:02.932,8.4400,200
53822932125205,14:57:02.932,8.4400,144
53822932150875,14:57:02.932,8.4400,56
53827793877176,14:57:07.793,8.4300,22
53827794895904,14:57:07.794,8.4300,100
53859040224348,14:57:39.040,8.4300,200
53859040224348,14:57:39.040,8.4300,900
53859041750011,14:57:39.041,8.4300,100
53859041750011,14:57:39.041,8.4300,200
53859041750011,14:57:39.041,8.4300,67
53859041775708,14:57:39.041,8.4300,33
53862751143142,14:57:42.751,8.4400,100
53862751177524,14:57:42.751,8.4400,100
53864857059452,14:57:44.857,8.4400,147
53956067851615,14:59:16.067,8.4500,194
53956068059284,14:59:16.068,8.4500,6
53956068059284,14:59:16.068,8.4500,166
54176517731310,15:02:56.517,8.4400,200
54200921090779,15:03:20.921,8.4300,112
54200921105879,15:03:20.921,8.4300,88
54246307193148,15:04:06.307,8.4200,252
54246307210387,15:04:06.307,8.4200,83
54249587224506,15:04:09.587,8.4200,83
54249587227798,15:04:09.587,8.4200,143
54249587254232,15:04:09.587,8.4200,32
54249587371546,15:04:09.587,8.4200,403
54264395089402,15:04:24.395,8.4000,82
54268830767509,15:04:28.830,8.4000,132
54268830781158,15:04:28.830,8.4000,68
54281739878910,15:04:41.739,8.4000,30
54281739919792,15:04:41.739,8.4000,33
54281740124239,15:04:41.740,8.4000,137
54281740124239,15:04:41.740,8.4000,63
54282586036552,15:04:42.586,8.4000,25
54302373256729,15:05:02.373,8.4000,200
54306458765833,15:05:06.458,8.4000,18
54306459384196,15:05:06.459,8.4000,82
54306462515307,15:05:06.462,8.4000,317
54306462798354,15:05:06.462,8.4000,207
54306463241974,15:05:06.463,8.4000,83
54306463383993,15:05:06.463,8.4000,83
54306463623638,15:05:06.463,8.4000,710
54312981846476,15:05:12.981,8.3900,200
54333300105185,15:05:33.300,8.3900,131
54333300358661,15:05:33.300,8.3900,32
54333306899825,15:05:33.306,8.3900,18
54333307176883,15:05:33.307,8.3900,17
54333307759737,15:05:33.307,8.3900,165
54352653295097,15:05:52.653,8.3800,200
54370698453871,15:06:10.698,8.3600,82
54370698555617,15:06:10.698,8.3600,1018
54387326454618,15:06:27.326,8.3600,200
54395389683930,15:06:35.389,8.3600,9
54395389989620,15:06:35.389,8.3600,191
54450980200031,15:07:30.980,8.3500,200
54465278691385,15:07:45.278,8.3500,96
54465278691385,15:07:45.278,8.3500,200
54486430544687,15:08:06.430,8.3700,200
54486430544687,15:08:06.430,8.3700,129
54486430569922,15:08:06.430,8.3700,71
54486430569922,15:08:06.430,8.3700,12
54513750638784,15:08:33.750,8.3700,200
54545654237325,15:09:05.654,8.3600,83
54545669087825,15:09:05.669,8.3600,47
54545669146450,15:09:05.669,8.3600,70
54560367459447,15:09:20.367,8.3700,200
54633562889772,15:10:33.562,8.3600,130
54633562905306,15:10:33.562,8.3600,70
54667268926917,15:11:07.268,8.3500,131
54667269025316,15:11:07.269,8.3500,69
54708187040419,15:11:48.187,8.3400,200
54728477983495,15:12:08.477,8.3400,200
54785689261058,15:13:05.689,8.3400,200
54785689261058,15:13:05.689,8.3400,100
54787341014471,15:13:07.341,8.3400,200
54789577364397,15:13:09.577,8.3400,58
54803206036826,15:13:23.206,8.3400,200
54947270239356,15:15:47.270,8.3600,200
54996028284116,15:16:36.028,8.3700,200
54998443948230,15:16:38.443,8.3600,200
54998443948230,15:16:38.443,8.3600,129
55123543779702,15:18:43.543,8.3600,200
55138638068962,15:18:58.638,8.3600,166
55138638075831,15:18:58.638,8.3600,34
55170134578669,15:19:30.134,8.3700,100
55204722909607,15:20:04.722,8.3900,200
55237511395322,15:20:37.511,8.3900,100
55237514974289,15:20:37.514,8.3900,100
55237514974289,15:20:37.514,8.3900,500
55237514974289,15:20:37.514,8.3900,200
55237514974289,15:20:37.514,8.3900,100
55237519813907,15:20:37.519,8.3900,100
55237519813907,15:20:37.519,8.3900,65
55237521096124,15:20:37.521,8.3900,200
55237521118428,15:20:37.521,8.3900,235
55237521118428,15:20:37.521,8.3900,100
55237521118428,15:20:37.521,8.3900,65
55237521177752,15:20:37.521,8.3900,35
55310710715058,15:21:50.710,8.3900,200
55310713413455,15:21:50.713,8.3900,83
55310713530476,15:21:50.713,8.3900,82
55310713665262,15:21:50.713,8.3900,35
55332206494319,15:22:12.206,8.3800,200
55339305472062,15:22:19.305,8.3800,100
55389489707426,15:23:09.489,8.3700,129
55389489718933,15:23:09.489,8.3700,71
55389489718933,15:23:09.489,8.3700,12
55389489880067,15:23:09.489,8.3700,82
55463595310495,15:24:23.595,8.3500,100
55463595489298,15:24:23.595,8.3500,66
55510792245176,15:25:10.792,8.3500,100
55510792322321,15:25:10.792,8.3500,100
55563276633831,15:26:03.276,8.3500,329
55563276639283,15:26:03.276,8.3500,83
55563276724836,15:26:03.276,8.3500,82
55564921447918,15:26:04.921,8.3500,83
55564921448447,15:26:04.921,8.3500,83
55564921491690,15:26:04.921,8.3500,400
55564921612963,15:26:04.921,8.3500,100
55564921761204,15:26:04.921,8.3500,40
55564921761204,15:26:04.921,8.3500,100
55564921761204,15:26:04.921,8.3500,100
55576169101395,15:26:16.169,8.3500,19
55576172729801,15:26:16.172,8.3500,1481
55589537458393,15:26:29.537,8.3500,1100
55589537458393,15:26:29.537,8.3500,100
55618789758348,15:26:58.789,8.3500,131
55618789853582,15:26:58.789,8.3500,329
55618789854961,15:26:58.789,8.3500,940
55641979096677,15:27:21.979,8.3400,119
55641986982515,15:27:21.986,8.3400,81
55652947593634,15:27:32.947,8.3400,66
55652947692869,15:27:32.947,8.3400,34
55657542504736,15:27:37.542,8.3500,200
55657542504736,15:27:37.542,8.3500,45
55657542518345,15:27:37.542,8.3500,32
55657542525286,15:27:37.542,8.3500,23
55669985999603,15:27:49.985,8.3500,100
55669985999603,15:27:49.985,8.3500,200
55673130028160,15:27:53.130,8.3600,200
55673130028160,15:27:53.130,8.3600,100
55673135029590,15:27:53.135,8.3600,100
55673135029590,15:27:53.135,8.3600,200
55673136906074,15:27:53.136,8.3600,60
55673136933465,15:27:53.136,8.3600,40
55673136933465,15:27:53.136,8.3600,200
55673139059205,15:27:53.139,8.3600,100
55673139059205,15:27:53.139,8.3600,200
55673141524538,15:27:53.141,8.3600,200
55676047581809,15:27:56.047,8.3700,33
55676047593817,15:27:56.047,8.3700,67
55676047593817,15:27:56.047,8.3700,65
55676047595659,15:27:56.047,8.3700,35
55676047595659,15:27:56.047,8.3700,47
55676047609612,15:27:56.047,8.3700,53
55692945612845,15:28:12.945,8.3800,100
55692945612845,15:28:12.945,8.3800,117
55692945612845,15:28:12.945,8.3800,100
55692945612845,15:28:12.945,8.3800,83
55692945612845,15:28:12.945,8.3800,100
55692945612845,15:28:12.945,8.3800,100
55692945857026,15:28:12.945,8.3800,100
55692945857026,15:28:12.945,8.3800,100
55692945857026,15:28:12.945,8.3800,100
55692945926761,15:28:12.945,8.3800,100
55727989606376,15:28:47.989,8.3800,200
55727989606376,15:28:47.989,8.3800,129
55727989804957,15:28:47.989,8.3800,1171
55755269121684,15:29:15.269,8.3700,53
55755269121684,15:29:15.269,8.3700,47
55755269142964,15:29:15.269,8.3700,32
55755269220049,15:29:15.269,8.3700,21
55757478053081,15:29:17.478,8.3600,12
55757478660396,15:29:17.478,8.3600,188
55830987345182,15:30:30.987,8.3300,200
55831017576335,15:30:31.017,8.3300,400
55831017576335,15:30:31.017,8.3300,100
55831017576335,15:30:31.017,8.3300,411
55831017614197,15:30:31.017,8.3300,89
55831017614197,15:30:31.017,8.3300,100
55831018354658,15:30:31.018,8.3300,100
55831100027405,15:30:31.100,8.3400,200
55831100027405,15:30:31.100,8.3400,100
55831100095534,15:30:31.100,8.3400,100
55872404786944,15:31:12.404,8.3500,37
55872406555384,15:31:12.406,8.3500,29
55872406772068,15:31:12.406,8.3500,113
55872408138505,15:31:12.408,8.3500,21
55872408138505,15:31:12.408,8.3500,57
55872408191868,15:31:12.408,8.3500,43
55872408191868,15:31:12.408,8.3500,36
55872427880084,15:31:12.427,8.3500,29
55872457451934,15:31:12.457,8.3500,35
55872457451934,15:31:12.457,8.3500,65
55872917016914,15:31:12.917,8.3500,35
55872917016914,15:31:12.917,8.3500,100
55872917016914,15:31:12.917,8.3500,100
55872917016914,15:31:12.917,8.3500,100
55884354741854,15:31:24.354,8.3500,300
55884354741854,15:31:24.354,8.3600,100
55884354741854,15:31:24.354,8.3600,100
55916760901878,15:31:56.760,8.3700,97
55916760901878,15:31:56.760,8.3700,100
55916760901878,15:31:56.760,8.3700,100
55933845567353,15:32:13.845,8.3700,200
55933845567353,15:32:13.845,8.3700,1600
55933845567353,15:32:13.845,8.3700,500
55989701424355,15:33:09.701,8.3700,100
56003996764295,15:33:23.996,8.3700,100
56003996764295,15:33:23.996,8.3700,200
56009858063787,15:33:29.858,8.3800,88
56014031697728,15:33:34.031,8.3800,100
56014644933306,15:33:34.644,8.3800,100
56015272374595,15:33:35.272,8.3800,200
56015272374595,15:33:35.272,8.3800,15
56015272731875,15:33:35.272,8.3800,85
56074521778010,15:34:34.521,8.3700,200
56074522016269,15:34:34.522,8.3700,21
56101098036036,15:35:01.098,8.3700,1200
56125339053359,15:35:25.339,8.3800,200
56132904362181,15:35:32.904,8.3900,200
56135796289865,15:35:35.796,8.4000,1000
56138192484549,15:35:38.192,8.4000,100
56138192484549,15:35:38.192,8.4000,200
56218002163325,15:36:58.002,8.4000,16
56219556992672,15:36:59.556,8.4000,200
56248091776044,15:37:28.091,8.4000,100
56290621457506,15:38:10.621,8.3900,118
56295611605072,15:38:15.611,8.3900,82
56303154066538,15:38:23.154,8.3900,200
56323523568034,15:38:43.523,8.4000,80
56323523773922,15:38:43.523,8.4000,20
56324165230319,15:38:44.165,8.4000,100
56334622143131,15:38:54.622,8.4000,500
56370924191077,15:39:30.924,8.4000,100
56371479176878,15:39:31.479,8.4000,200
56371479176878,15:39:31.479,8.4000,100
56383449263080,15:39:43.449,8.4000,116
56383449734969,15:39:43.449,8.4000,84
56399316772248,15:39:59.316,8.4000,200
56399316772248,15:39:59.316,8.4000,100
56460642637175,15:41:00.642,8.3900,100
56474235711193,15:41:14.235,8.3800,200
56498858904362,15:41:38.858,8.3700,42
56498859183984,15:41:38.859,8.3700,29
56498859197083,15:41:38.859,8.3700,79
56498859375178,15:41:38.859,8.3700,29
56498859498955,15:41:38.859,8.3700,21
56507357800155,15:41:47.357,8.3700,200
56566044759029,15:42:46.044,8.3800,200
56624359058863,15:43:44.359,8.4000,100
56624359058863,15:43:44.359,8.4000,200
56636509528816,15:43:56.509,8.4100,100
56636509958560,15:43:56.509,8.4100,100
56701718558960,15:45:01.718,8.4200,700
56759267386667,15:45:59.267,8.4300,800
56889807895070,15:48:09.807,8.4200,200
56965769054739,15:49:25.769,8.4200,200
56999969704556,15:49:59.969,8.4200,100
57065014430445,15:51:05.014,8.4100,200
57068305995918,15:51:08.305,8.4100,200
57077739915264,15:51:17.739,8.4100,135
57077801165127,15:51:17.801,8.4100,65
57077801165127,15:51:17.801,8.4100,83
57078908019195,15:51:18.908,8.4100,17
57120969178207,15:52:00.969,8.4000,14
57122782657707,15:52:02.782,8.4000,27
57122782711416,15:52:02.782,8.4000,78
57130118600889,15:52:10.118,8.3900,152
57143774932395,15:52:23.774,8.3900,200
57143884226618,15:52:23.884,8.3900,236
57143884353999,15:52:23.884,8.3900,200
57190400202287,15:53:10.400,8.3800,200
57190400202287,15:53:10.400,8.3800,100
57206516780319,15:53:26.516,8.3800,200
57296106555347,15:54:56.106,8.3800,104
57296106557424,15:54:56.106,8.3800,58
57296107546804,15:54:56.107,8.3800,80
57301002178280,15:55:01.002,8.4000,236
57301010966275,15:55:01.010,8.4000,157
57301018612771,15:55:01.018,8.4000,48
57301019712385,15:55:01.019,8.4000,74
57310151178871,15:55:10.151,8.4100,59
57310323017688,15:55:10.323,8.4100,200
57310339277641,15:55:10.339,8.4100,100
57310374863558,15:55:10.374,8.4100,141
57416818183599,15:56:56.818,8.4300,200
57529798851182,15:58:49.798,8.4300,700
57540090214296,15:59:00.090,8.4300,100
57540090214296,15:59:00.090,8.4300,200
57540158741627,15:59:00.158,8.4300,100
57563283923738,15:59:23.283,8.4400,100
57565028617538,15:59:25.028,8.4400,22
57590331195914,15:59:50.331,8.4500,6
57591036419332,15:59:51.036,8.4500,33
57600401484348,16:00:00.401,0.0000,0
63967619617396,17:46:07.619,8.4400,630
