timestamp,time,price,volume
34200691520248,09:30:00.691,0.0000,0
34218428489172,09:30:18.428,25.8700,100
34218428489172,09:30:18.428,25.8700,100
34218429697865,09:30:18.429,25.8600,100
34218429697865,09:30:18.429,25.8600,200
34218431097669,09:30:18.431,25.8500,1
34222459872066,09:30:22.459,25.8300,100
34222460177710,09:30:22.460,25.8300,100
34222460304430,09:30:22.460,25.8300,100
34222460304430,09:30:22.460,25.8200,100
34222460330757,09:30:22.460,25.8200,100
34222460330757,09:30:22.460,25.8200,100
34222460513567,09:30:22.460,25.8200,100
34222460516497,09:30:22.460,25.8200,100
34222462077123,09:30:22.462,25.8300,100
34222462077123,09:30:22.462,25.8300,90
34222462119262,09:30:22.462,25.8300,10
34222462119262,09:30:22.462,25.8300,30
34222462119262,09:30:22.462,25.8300,30
34222462568988,09:30:22.462,25.8300,100
34222462568988,09:30:22.462,25.8200,200
34222532106495,09:30:22.532,25.8200,100
34230313707420,09:30:30.313,25.8300,100
34230313869818,09:30:30.313,25.8300,100
34230316083244,09:30:30.316,25.8300,100
34230394370452,09:30:30.394,25.8200,100
34233828244577,09:30:33.828,25.8200,100
34242982203196,09:30:42.982,25.8300,200
34242982288679,09:30:42.982,25.8200,100
34242982288679,09:30:42.982,25.8200,100
34242982288679,09:30:42.982,25.8200,100
34243393786973,09:30:43.393,25.8500,200
34247335213480,09:30:47.335,25.8500,100
34267184515256,09:31:07.184,25.8700,100
34267184825005,09:31:07.184,25.8600,100
34267393025522,09:31:07.393,25.8700,100
34287395684816,09:31:27.395,25.9100,100
34287395684816,09:31:27.395,25.9100,200
34287546487878,09:31:27.546,25.9100,100
34287546546857,09:31:27.546,25.9100,84
34289221362501,09:31:29.221,25.9300,200
34302339755493,09:31:42.339,25.9700,100
34302437383168,09:31:42.437,25.9700,400
34302437383168,09:31:42.437,25.9700,100
34302469113825,09:31:42.469,25.9900,100
34302469113825,09:31:42.469,25.9900,100
34302469113825,09:31:42.469,25.9900,100
34302469113825,09:31:42.469,25.9900,100
34302469576439,09:31:42.469,25.9900,100
34302470005127,09:31:42.470,25.9900,100
34302470005127,09:31:42.470,25.9900,100
34302470005127,09:31:42.470,25.9900,88
34302470020279,09:31:42.470,25.9900,12
34302474692558,09:31:42.474,26.0000,761
34302674023924,09:31:42.674,26.0000,139
34302674023924,09:31:42.674,26.0000,161
34302674397553,09:31:42.674,26.0000,39
34302674397553,09:31:42.674,26.0000,3
34302674397553,09:31:42.674,26.0000,100
34302846062330,09:31:42.846,26.0000,100
34302850417402,09:31:42.850,26.0000,100
34302978990320,09:31:42.978,26.0000,500
34304393828188,09:31:44.393,26.0200,100
34304393851862,09:31:44.393,26.0300,100
34304393851862,09:31:44.393,26.0200,100
34304393940914,09:31:44.393,26.0400,60
34304393981974,09:31:44.393,26.0400,40
34304394563438,09:31:44.394,26.0300,100
34304394563438,09:31:44.394,26.0300,100
34304395697110,09:31:44.395,26.0400,100
34304396528791,09:31:44.396,26.0400,90
34304396528791,09:31:44.396,26.0400,10
34304396577161,09:31:44.396,26.0400,90
34305103868399,09:31:45.103,26.0200,300
34305393166749,09:31:45.393,26.0300,100
34316726410228,09:31:56.726,26.1000,77
34316726410228,09:31:56.726,26.1000,117
34316726410228,09:31:56.726,26.1000,100
34316726890859,09:31:56.726,26.0600,100
34316726890859,09:31:56.726,26.0600,100
34316726890859,09:31:56.726,26.0600,100
34316726890859,09:31:56.726,26.0500,100
34316726890859,09:31:56.726,26.0500,100
34316726949370,09:31:56.726,26.0500,100
34316726964240,09:31:56.726,26.0500,100
34316726966228,09:31:56.726,26.0500,100
34316727004646,09:31:56.727,26.0600,100
34316727004646,09:31:56.727,26.0600,335
34316727004646,09:31:56.727,26.0600,100
34316727039890,09:31:56.727,26.0600,45
34316728059083,09:31:56.728,26.0700,100
34316729069838,09:31:56.729,26.0700,100
34316729216686,09:31:56.729,26.0700,100
34316729216686,09:31:56.729,26.0700,70
34316729216686,09:31:56.729,26.0700,1310
34316729216686,09:31:56.729,26.0700,30
34316729216686,09:31:56.729,26.0800,100
34316729216686,09:31:56.729,26.0800,100
34316729216686,09:31:56.729,26.0800,100
34316729216686,09:31:56.729,26.0900,100
34316729216686,09:31:56.729,26.1000,77
34316729216686,09:31:56.729,26.1000,100
34316729216686,09:31:56.729,26.1100,100
34316729216686,09:31:56.729,26.1200,100
34316730875143,09:31:56.730,26.1100,77
34316730969494,09:31:56.730,26.1200,77
34316731065353,09:31:56.731,26.1100,100
34316731204774,09:31:56.731,26.1000,75
34316731228644,09:31:56.731,26.0900,10
34316731228644,09:31:56.731,26.0900,100
34316731228644,09:31:56.731,26.0900,100
34316731529751,09:31:56.731,26.1000,100
34316731891722,09:31:56.731,26.0900,100
34316731915865,09:31:56.731,26.0900,100
34316732235323,09:31:56.732,26.0800,300
34316738967523,09:31:56.738,26.0700,100
34316738967523,09:31:56.738,26.0700,100
34316738967523,09:31:56.738,26.0700,100
34316738967523,09:31:56.738,26.0700,100
34316738967523,09:31:56.738,26.0700,100
34316738967523,09:31:56.738,26.0700,100
34316738967523,09:31:56.738,26.0700,100
34316739099717,09:31:56.739,26.0700,100
34316740809162,09:31:56.740,26.0700,100
34316740809162,09:31:56.740,26.0700,100
34316740809162,09:31:56.740,26.0700,100
34316851675413,09:31:56.851,26.0600,100
34316851675413,09:31:56.851,26.0600,100
34316852229859,09:31:56.852,26.0600,100
34316871477652,09:31:56.871,26.0600,100
34316871477652,09:31:56.871,26.0600,100
34316871477652,09:31:56.871,26.0600,710
34316871477652,09:31:56.871,26.0700,100
34317394497588,09:31:57.394,26.0900,200
34317395862708,09:31:57.395,26.1000,100
34317397612986,09:31:57.397,26.1100,100
34317397612986,09:31:57.397,26.1100,143
34317400273222,09:31:57.400,26.1000,143
34317400273222,09:31:57.400,26.1000,100
34317403577616,09:31:57.403,26.1200,100
34317403577616,09:31:57.403,26.1300,77
34317403840080,09:31:57.403,26.1200,100
34317403840080,09:31:57.403,26.1200,100
34317404749874,09:31:57.404,26.1400,289
34317404749874,09:31:57.404,26.1400,100
34317404749874,09:31:57.404,26.1400,100
34317405473357,09:31:57.405,26.1300,100
34317405473357,09:31:57.405,26.1300,100
34317411751879,09:31:57.411,26.1100,100
34317411751879,09:31:57.411,26.1100,100
34317698525294,09:31:57.698,26.0900,700
34317698525294,09:31:57.698,26.0900,100
34318393383474,09:31:58.393,26.1000,100
34320054768975,09:32:00.054,26.0900,200
34320102035286,09:32:00.102,26.0800,100
34320102035286,09:32:00.102,26.0800,100
34320546877820,09:32:00.546,26.1000,77
34320546877820,09:32:00.546,26.1100,117
34320546877820,09:32:00.546,26.1100,77
34320546877820,09:32:00.546,26.1100,96
34320546877820,09:32:00.546,26.1200,100
34320546877820,09:32:00.546,26.1200,100
34320546877820,09:32:00.546,26.1200,117
34320546877820,09:32:00.546,26.1200,77
34320546877820,09:32:00.546,26.1200,96
34320546877820,09:32:00.546,26.1300,100
34320546877820,09:32:00.546,26.1300,77
34320546877820,09:32:00.546,26.1400,96
34320546877820,09:32:00.546,26.1500,100
34320547824775,09:32:00.547,26.0800,100
34320547824775,09:32:00.547,26.0800,100
34320547824775,09:32:00.547,26.0800,100
34320548832554,09:32:00.548,26.0900,100
34320548914897,09:32:00.548,26.0900,100
34320548914897,09:32:00.548,26.0900,2772
34320549034431,09:32:00.549,26.0900,100
34320549034431,09:32:00.549,26.0900,100
34320549034431,09:32:00.549,26.1500,100
34320549626200,09:32:00.549,26.1100,100
34320549978225,09:32:00.549,26.1300,100
34320874744804,09:32:00.874,26.1000,100
34320944994495,09:32:00.944,26.0900,100
34321021390523,09:32:01.021,26.0900,100
34321021390523,09:32:01.021,26.0900,100
34321022507192,09:32:01.022,26.1000,100
34321022507192,09:32:01.022,26.1100,100
34321022507192,09:32:01.022,26.1100,100
34321022507192,09:32:01.022,26.1100,100
34321022507192,09:32:01.022,26.1100,100
34321022507192,09:32:01.022,26.1100,100
34321022507192,09:32:01.022,26.1100,100
34321022507192,09:32:01.022,26.1100,100
34321270715857,09:32:01.270,26.1100,100
34321270715857,09:32:01.270,26.1100,100
34322273314145,09:32:02.273,26.1100,100
34323831774343,09:32:03.831,26.1000,100
34324151027636,09:32:04.151,26.0700,20
34329931306087,09:32:09.931,26.0600,100
34329934624694,09:32:09.934,26.0400,100
34329934624694,09:32:09.934,26.0400,100
34329934624694,09:32:09.934,26.0500,100
34330166478260,09:32:10.166,26.0700,100
34330166478260,09:32:10.166,26.0700,50
34330168992850,09:32:10.168,26.0600,100
34340113977484,09:32:20.113,26.0900,100
34349591256796,09:32:29.591,26.0600,100
34349596527572,09:32:29.596,26.0600,100
34352367551546,09:32:32.367,26.0000,100
34352367644653,09:32:32.367,26.0000,100
34352367678356,09:32:32.367,26.0000,100
34352399556845,09:32:32.399,26.0000,100
34352399667159,09:32:32.399,26.0000,100
34352399667159,09:32:32.399,26.0000,100
34352399880308,09:32:32.399,26.0000,100
34352401770658,09:32:32.401,26.0000,100
34352402169196,09:32:32.402,26.0000,100
34352403543359,09:32:32.403,26.0000,100
34352403543359,09:32:32.403,26.0000,100
34352404669273,09:32:32.404,26.0000,100
34361321721031,09:32:41.321,26.0500,100
34361322012471,09:32:41.322,26.0500,100
34378993737942,09:32:58.993,26.0100,1400
34378994522081,09:32:58.994,26.0100,900
34391699339382,09:33:11.699,26.0400,100
34391699339382,09:33:11.699,26.0300,100
34391699765064,09:33:11.699,26.0300,100
34391704446899,09:33:11.704,26.0300,100
34394140014803,09:33:14.140,26.0200,100
34394140014803,09:33:14.140,26.0200,100
34394140652340,09:33:14.140,26.0200,100
34394140652340,09:33:14.140,26.0200,100
34394140652340,09:33:14.140,26.0200,100
34394140652340,09:33:14.140,26.0200,100
34394140778574,09:33:14.140,26.0200,59
34394142078904,09:33:14.142,26.0200,41
34401842522221,09:33:21.842,26.0600,100
34401842522221,09:33:21.842,26.0600,100
34402647071340,09:33:22.647,26.0700,7
34416221491880,09:33:36.221,26.0800,100
34417537107634,09:33:37.537,26.0800,100
34418304554228,09:33:38.304,26.0700,100
34437885904987,09:33:57.885,26.1000,15
34437885928771,09:33:57.885,26.1000,85
34437898963221,09:33:57.898,26.1100,100
34437904095294,09:33:57.904,26.1100,200
34437904095294,09:33:57.904,26.1100,100
34437904095294,09:33:57.904,26.1100,100
34437904095294,09:33:57.904,26.1100,50
34437904240795,09:33:57.904,26.1100,100
34438225068601,09:33:58.225,26.1200,100
34438225068601,09:33:58.225,26.1200,100
34438325283804,09:33:58.325,26.1200,400
34438325283804,09:33:58.325,26.1200,400
34438759440343,09:33:58.759,26.1200,100
34440612369961,09:34:00.612,26.1100,100
34440612546049,09:34:00.612,26.1000,100
34462633870327,09:34:22.633,26.0800,100
34462633870327,09:34:22.633,26.0800,100
34462633899486,09:34:22.633,26.0800,100
34462633929757,09:34:22.633,26.0800,100
34462634107653,09:34:22.634,26.0800,100
34462634356380,09:34:22.634,26.0800,100
34462634365225,09:34:22.634,26.0800,100
34466576570861,09:34:26.576,26.0400,94
34466593664607,09:34:26.593,26.0400,6
34469007472070,09:34:29.007,26.0400,100
34477374188725,09:34:37.374,26.0500,100
34477420367354,09:34:37.420,26.0600,100
34489053286885,09:34:49.053,26.0700,100
34493811667092,09:34:53.811,26.0600,100
34493811667092,09:34:53.811,26.0600,100
34500517460955,09:35:00.517,26.0400,30
34500517487822,09:35:00.517,26.0400,70
34500517487822,09:35:00.517,26.0400,100
34500527337641,09:35:00.527,26.0500,100
34504427910122,09:35:04.427,26.0500,100
34507164846547,09:35:07.164,26.0500,100
34521772973856,09:35:21.772,26.0400,100
34532325186591,09:35:32.325,26.0300,100
34532325641128,09:35:32.325,26.0300,100
34532326160192,09:35:32.326,26.0300,100
34532329123227,09:35:32.329,26.0300,81
34532329133737,09:35:32.329,26.0300,19
34532329133737,09:35:32.329,26.0300,100
34532329133737,09:35:32.329,26.0300,100
34532329133737,09:35:32.329,26.0300,100
34532383501572,09:35:32.383,26.0300,100
34532383501572,09:35:32.383,26.0300,100
34544166553694,09:35:44.166,25.9900,100
34544166553694,09:35:44.166,25.9900,100
34544166553694,09:35:44.166,25.9900,100
34558951023770,09:35:58.951,25.9800,100
34558951023770,09:35:58.951,25.9800,2
34558951023770,09:35:58.951,25.9800,100
34558952995489,09:35:58.952,25.9800,100
34568609761987,09:36:08.609,25.9800,200
34572635052648,09:36:12.635,26.0100,100
34572665467890,09:36:12.665,26.0100,100
34572665467890,09:36:12.665,26.0100,100
34573156537859,09:36:13.156,26.0000,100
34573156537859,09:36:13.156,26.0000,1
34589196065047,09:36:29.196,25.9700,100
34589196065047,09:36:29.196,25.9700,100
34602444768273,09:36:42.444,25.9600,100
34602444844111,09:36:42.444,25.9600,100
34602454607990,09:36:42.454,25.9500,100
34603466456095,09:36:43.466,25.9500,100
34614533161893,09:36:54.533,25.9600,100
34615185399514,09:36:55.185,25.9700,1
34618225871264,09:36:58.225,25.9700,100
34632847073915,09:37:12.847,25.9800,100
34647700462429,09:37:27.700,25.9900,100
34647700462429,09:37:27.700,25.9900,100
34647701639834,09:37:27.701,25.9900,100
34647701639834,09:37:27.701,25.9900,100
34662887552793,09:37:42.887,26.0000,100
34662887552793,09:37:42.887,26.0000,40
34667617231032,09:37:47.617,25.9900,100
34667617955612,09:37:47.617,25.9900,100
34667619865272,09:37:47.619,25.9900,100
34667619865272,09:37:47.619,25.9900,100
34667619865272,09:37:47.619,25.9900,100
34667619865272,09:37:47.619,25.9900,100
34667619865272,09:37:47.619,25.9900,100
34667619865272,09:37:47.619,25.9900,24
34670671623925,09:37:50.671,25.9900,200
34702876544672,09:38:22.876,26.0000,100
34702876544672,09:38:22.876,26.0000,100
34702876544672,09:38:22.876,26.0000,100
34728869833443,09:38:48.869,26.0100,100
34728869833443,09:38:48.869,26.0100,100
34728870056290,09:38:48.870,26.0100,100
34728870056290,09:38:48.870,26.0100,100
34743791797283,09:39:03.791,26.0300,200
34762550273285,09:39:22.550,26.0300,100
34762550273285,09:39:22.550,26.0300,50
34762551375711,09:39:22.551,26.0300,50
34762551375711,09:39:22.551,26.0300,100
34762619213388,09:39:22.619,26.0300,100
34762619213388,09:39:22.619,26.0300,28
34762619213388,09:39:22.619,26.0300,7
34774542014603,09:39:34.542,26.0600,18
34777653738997,09:39:37.653,26.0600,82
34799628994288,09:39:59.628,26.0800,100
34816863330991,09:40:16.863,26.0900,13
34816866974529,09:40:16.866,26.0900,87
34817368254874,09:40:17.368,26.0900,13
34836454226502,09:40:36.454,26.0800,100
34836454226502,09:40:36.454,26.0800,100
34836454226502,09:40:36.454,26.0800,2
34836454226502,09:40:36.454,26.0800,98
34836454308345,09:40:36.454,26.0800,2
34838544942705,09:40:38.544,26.0700,100
34838544942705,09:40:38.544,26.0700,100
34838917500936,09:40:38.917,26.0700,27
34860858379812,09:41:00.858,26.0700,100
34860858924418,09:41:00.858,26.0700,10
34860858942738,09:41:00.858,26.0700,24
34860858942738,09:41:00.858,26.0700,100
34872065431004,09:41:12.065,26.0600,100
34886591763952,09:41:26.591,26.0500,100
34886591763952,09:41:26.591,26.0500,2
34886591763952,09:41:26.591,26.0500,100
34886591763952,09:41:26.591,26.0500,100
34893557107247,09:41:33.557,26.0500,100
34893557107247,09:41:33.557,26.0500,100
34895901544298,09:41:35.901,26.0500,100
34898882292936,09:41:38.882,26.0500,100
34898882292936,09:41:38.882,26.0500,100
34898882292936,09:41:38.882,26.0500,29
34901618715130,09:41:41.618,26.0500,100
34901642395393,09:41:41.642,26.0500,100
34901642395393,09:41:41.642,26.0500,100
34906755453325,09:41:46.755,26.0500,29
34906755800553,09:41:46.755,26.0500,29
34906755800553,09:41:46.755,26.0500,100
34906756173285,09:41:46.756,26.0500,100
34906756530181,09:41:46.756,26.0500,100
34916115708719,09:41:56.115,26.0500,100
34931975415553,09:42:11.975,26.0500,100
34932172910139,09:42:12.172,26.0400,100
34932172910139,09:42:12.172,26.0400,100
34936000773359,09:42:16.000,26.0400,100
34936000773359,09:42:16.000,26.0400,100
34936000773359,09:42:16.000,26.0400,100
34936011265274,09:42:16.011,26.0300,100
34936011265274,09:42:16.011,26.0300,100
34950485104716,09:42:30.485,26.0200,100
34954445089213,09:42:34.445,26.0300,200
34954445089213,09:42:34.445,26.0300,100
34954445089213,09:42:34.445,26.0300,100
34966710951724,09:42:46.710,26.0300,90
34976342053867,09:42:56.342,26.0300,100
34979045744013,09:42:59.045,26.0200,2
34979045744013,09:42:59.045,26.0200,100
34979045744013,09:42:59.045,26.0200,500
34979045744013,09:42:59.045,26.0200,200
34992649736382,09:43:12.649,26.0000,68
34992650465491,09:43:12.650,26.0000,12
34992650465491,09:43:12.650,26.0000,100
35047805084947,09:44:07.805,25.9700,100
35049138479806,09:44:09.138,25.9650,100
35051673546906,09:44:11.673,25.9600,10
35051674219468,09:44:11.674,25.9600,90
35071366504977,09:44:31.366,25.9700,100
35071366524965,09:44:31.366,25.9700,100
35071366593601,09:44:31.366,25.9700,100
35092907902210,09:44:52.907,25.9700,100
35092907902210,09:44:52.907,25.9700,100
35092907902210,09:44:52.907,25.9700,100
35156637874100,09:45:56.637,25.9800,10
35156637874100,09:45:56.637,25.9800,100
35168996971223,09:46:08.996,25.9800,100
35168996971223,09:46:08.996,25.9800,100
35168996971223,09:46:08.996,25.9800,200
35207254338778,09:46:47.254,26.0000,300
35207272517162,09:46:47.272,26.0000,100
35207272667648,09:46:47.272,26.0000,100
35207510157963,09:46:47.510,26.0000,100
35219834286412,09:46:59.834,26.0000,100
35219834286412,09:46:59.834,26.0000,400
35219834286412,09:46:59.834,26.0000,6
35219961004758,09:46:59.961,25.9900,100
35219961004758,09:46:59.961,25.9900,100
35252529403398,09:47:32.529,25.9900,100
35252529403398,09:47:32.529,25.9900,200
35252529403398,09:47:32.529,25.9900,100
35287889143234,09:48:07.889,25.9800,100
35287889143234,09:48:07.889,25.9800,100
35287889360400,09:48:07.889,25.9800,5
35309248253247,09:48:29.248,25.9500,100
35327480800428,09:48:47.480,25.9400,5
35337665005111,09:48:57.665,25.9300,200
35337665005111,09:48:57.665,25.9300,500
35337665005111,09:48:57.665,25.9300,100
35368061358336,09:49:28.061,25.9200,2
35375527227166,09:49:35.527,25.9300,100
35376530253358,09:49:36.530,25.9500,100
35376530253358,09:49:36.530,25.9500,100
35376530253358,09:49:36.530,25.9500,100
35377615585907,09:49:37.615,25.9600,100
35385146703372,09:49:45.146,25.9600,6
35426446061146,09:50:26.446,25.9800,200
35479028133215,09:51:19.028,25.9900,1
35479028133215,09:51:19.028,25.9900,100
35484632147450,09:51:24.632,25.9800,100
35494178779384,09:51:34.178,25.9600,100
35494178779384,09:51:34.178,25.9600,400
35506607810869,09:51:46.607,25.9600,100
35533889169261,09:52:13.889,25.9600,100
35533889169261,09:52:13.889,25.9600,100
35533889340804,09:52:13.889,25.9600,2
35533889340804,09:52:13.889,25.9600,100
35554710435497,09:52:34.710,25.9600,100
35562117220121,09:52:42.117,25.9500,1
35562117220121,09:52:42.117,25.9500,5
35562117220121,09:52:42.117,25.9500,94
35562117252194,09:52:42.117,25.9500,6
35571615502906,09:52:51.615,25.9400,100
35585029077995,09:53:05.029,25.9300,100
35585029077995,09:53:05.029,25.9300,100
35585029077995,09:53:05.029,25.9300,100
35585030241723,09:53:05.030,25.9300,100
35585030241723,09:53:05.030,25.9300,100
35585030241723,09:53:05.030,25.9300,100
35585030241723,09:53:05.030,25.9300,100
35585030241723,09:53:05.030,25.9300,200
35585030241723,09:53:05.030,25.9300,100
35585141622489,09:53:05.141,25.9400,39
35585663070392,09:53:05.663,25.9400,100
35587515938727,09:53:07.515,25.9400,100
35612062081691,09:53:32.062,25.9600,100
35612062081691,09:53:32.062,25.9600,100
35612062081691,09:53:32.062,25.9600,100
35612062081691,09:53:32.062,25.9600,100
35612062081691,09:53:32.062,25.9600,100
35621133491109,09:53:41.133,25.9550,200
35628744660810,09:53:48.744,25.9550,100
35629297590293,09:53:49.297,25.9550,68
35629297590293,09:53:49.297,25.9500,1
35629297590293,09:53:49.297,25.9500,37
35635252448303,09:53:55.252,25.9500,63
35643131845046,09:54:03.131,25.9500,170
35682463673804,09:54:42.463,25.9500,100
35682463673804,09:54:42.463,25.9500,6
35709458345277,09:55:09.458,25.9700,100
35754125921612,09:55:54.125,25.9800,200
35754126363670,09:55:54.126,25.9800,200
35754126424631,09:55:54.126,25.9800,70
35754126837286,09:55:54.126,25.9800,30
35754126837286,09:55:54.126,25.9800,70
35754127046090,09:55:54.127,25.9800,30
35754127046090,09:55:54.127,25.9800,6
35754127046090,09:55:54.127,25.9800,1
35754127046090,09:55:54.127,25.9800,63
35754127110442,09:55:54.127,25.9800,37
35764979329892,09:56:04.979,25.9700,1
35792417659256,09:56:32.417,25.9700,13
35792417733363,09:56:32.417,25.9700,87
35847501712769,09:57:27.501,25.9700,200
35847501712769,09:57:27.501,25.9700,100
35847501712769,09:57:27.501,25.9700,100
35911883954989,09:58:31.883,25.9800,100
35911884352250,09:58:31.884,25.9800,100
35915666461466,09:58:35.666,25.9900,100
35915668621138,09:58:35.668,25.9900,100
35915668621138,09:58:35.668,25.9900,100
35915668621138,09:58:35.668,25.9900,34
35915668621138,09:58:35.668,25.9900,100
35915668621138,09:58:35.668,25.9900,100
35915668621138,09:58:35.668,25.9900,100
35915668621138,09:58:35.668,25.9900,44
35915668621138,09:58:35.668,25.9900,100
35915668621138,09:58:35.668,25.9900,200
35933861607354,09:58:53.861,25.9800,100
35933861607354,09:58:53.861,25.9800,1
35933861607354,09:58:53.861,25.9800,31
35933891878175,09:58:53.891,25.9800,100
35933891878175,09:58:53.891,25.9800,4
35934087993055,09:58:54.087,25.9700,2
35963822063065,09:59:23.822,25.9900,100
35970800135703,09:59:30.800,26.0000,100
35970800135703,09:59:30.800,26.0000,100
35996395629735,09:59:56.395,26.0100,7
35999165610957,09:59:59.165,26.0100,93
35999165610957,09:59:59.165,26.0100,100
35999191545650,09:59:59.191,26.0100,100
35999191545650,09:59:59.191,26.0100,100
35999191545650,09:59:59.191,26.0100,32
35999191545650,09:59:59.191,26.0100,100
35999191545650,09:59:59.191,26.0100,68
35999431589581,09:59:59.431,26.0100,100
35999431589581,09:59:59.431,26.0100,100
35999431589581,09:59:59.431,26.0100,35
35999431589581,09:59:59.431,26.0100,65
36011150537750,10:00:11.150,26.0100,69
36011150537750,10:00:11.150,26.0100,31
36011150537750,10:00:11.150,26.0100,100
36011150537750,10:00:11.150,26.0100,100
36014731626904,10:00:14.731,26.0000,100
36048867306797,10:00:48.867,26.0100,200
36048867306797,10:00:48.867,26.0100,100
36048868175378,10:00:48.868,26.0100,100
36071243996235,10:01:11.243,26.0200,200
36071243996235,10:01:11.243,26.0200,100
36071243996235,10:01:11.243,26.0200,100
36071243996235,10:01:11.243,26.0200,47
36071243996235,10:01:11.243,26.0200,100
36086863885582,10:01:26.863,26.0100,20
36113061763303,10:01:53.061,26.0400,100
36113062484245,10:01:53.062,26.0400,100
36113062922062,10:01:53.062,26.0400,100
36113062980099,10:01:53.062,26.0400,100
36113062988154,10:01:53.062,26.0400,100
36142757559773,10:02:22.757,26.0500,200
36142757559773,10:02:22.757,26.0500,500
36142757559773,10:02:22.757,26.0500,100
36142757726316,10:02:22.757,26.0500,80
36142758487832,10:02:22.758,26.0500,100
36146337393162,10:02:26.337,26.0500,100
36146337393162,10:02:26.337,26.0500,100
36146337393162,10:02:26.337,26.0500,100
36146338066561,10:02:26.338,26.0500,75
36146338829793,10:02:26.338,26.0500,125
36146338829793,10:02:26.338,26.0500,200
36146338829793,10:02:26.338,26.0500,100
36146338829793,10:02:26.338,26.0500,37
36146338829793,10:02:26.338,26.0500,100
36146338829793,10:02:26.338,26.0500,100
36146338829793,10:02:26.338,26.0500,100
36156667264943,10:02:36.667,26.0500,100
36166687731981,10:02:46.687,26.0500,100
36166687731981,10:02:46.687,26.0500,100
36166687731981,10:02:46.687,26.0500,100
36166687731981,10:02:46.687,26.0500,100
36166687731981,10:02:46.687,26.0500,1
36166698283306,10:02:46.698,26.0500,100
36166698665463,10:02:46.698,26.0500,100
36166700765225,10:02:46.700,26.0500,100
36166946521091,10:02:46.946,26.0500,200
36166946521091,10:02:46.946,26.0500,100
36166946521091,10:02:46.946,26.0500,500
36166946521091,10:02:46.946,26.0500,200
36166946521091,10:02:46.946,26.0500,200
36166946521091,10:02:46.946,26.0500,300
36167007280092,10:02:47.007,26.0500,600
36167007280092,10:02:47.007,26.0500,100
36167007280092,10:02:47.007,26.0500,40
36167007280092,10:02:47.007,26.0500,100
36167007280092,10:02:47.007,26.0500,60
36167007845865,10:02:47.007,26.0500,88
36167009060371,10:02:47.009,26.0500,12
36167009060371,10:02:47.009,26.0500,100
36167009060371,10:02:47.009,26.0500,88
36171639732777,10:02:51.639,26.0600,100
36171639732777,10:02:51.639,26.0600,200
36171640549067,10:02:51.640,26.0600,13
36171640589166,10:02:51.640,26.0600,3
36190406911113,10:03:10.406,26.0600,70
36198411128834,10:03:18.411,26.0700,100
36198411128834,10:03:18.411,26.0700,400
36198411857773,10:03:18.411,26.0700,100
36257606796052,10:04:17.606,26.0900,180
36257606805040,10:04:17.606,26.0900,400
36257606839230,10:04:17.606,26.0900,20
36257606839230,10:04:17.606,26.0900,200
36257606839230,10:04:17.606,26.0900,200
36257606839230,10:04:17.606,26.0900,100
36257606839230,10:04:17.606,26.0900,100
36257606925640,10:04:17.606,26.0900,80
36257606948160,10:04:17.606,26.0900,100
36257607050957,10:04:17.607,26.0900,100
36257607537545,10:04:17.607,26.0900,4
36257607657029,10:04:17.607,26.0900,70
36257622176303,10:04:17.622,26.0900,100
36257622176303,10:04:17.622,26.0900,100
36257622176303,10:04:17.622,26.1000,500
36257622176303,10:04:17.622,26.1000,199
36257633571929,10:04:17.633,26.1000,301
36257633571929,10:04:17.633,26.1000,6
36257633571929,10:04:17.633,26.1000,56
36257633571929,10:04:17.633,26.1000,100
36258091350986,10:04:18.091,26.1000,100
36259051649021,10:04:19.051,26.1000,100
36284496922305,10:04:44.496,26.1100,500
36284496922305,10:04:44.496,26.1100,500
36316860462842,10:05:16.860,26.1300,500
36318916113942,10:05:18.916,26.1300,95
36318916113942,10:05:18.916,26.1300,100
36318916113942,10:05:18.916,26.1300,100
36318916113942,10:05:18.916,26.1300,1026
36318916113942,10:05:18.916,26.1300,100
36318916113942,10:05:18.916,26.1300,100
36318916113942,10:05:18.916,26.1300,100
36318916113942,10:05:18.916,26.1300,5
36318916113942,10:05:18.916,26.1300,474
36318916864071,10:05:18.916,26.1300,40
36318916885980,10:05:18.916,26.1300,60
36318916885980,10:05:18.916,26.1300,10
36318916924229,10:05:18.916,26.1300,90
36318916936808,10:05:18.916,26.1300,90
36318917033426,10:05:18.917,26.1300,46
36318927624459,10:05:18.927,26.1300,200
36318927624459,10:05:18.927,26.1300,42
36318927624459,10:05:18.927,26.1300,100
36318927624459,10:05:18.927,26.1300,61
36318927682991,10:05:18.927,26.1300,193
36319459343259,10:05:19.459,26.1300,100
36319459676199,10:05:19.459,26.1300,200
36319459676199,10:05:19.459,26.1300,100
36319459676199,10:05:19.459,26.1300,100
36319459676199,10:05:19.459,26.1300,100
36319459676199,10:05:19.459,26.1300,100
36319459676199,10:05:19.459,26.1300,100
36319459702325,10:05:19.459,26.1300,100
36319469579145,10:05:19.469,26.1300,68
36319469579145,10:05:19.469,26.1300,300
36319469579145,10:05:19.469,26.1300,500
36333598895812,10:05:33.598,26.1300,80
36333598895812,10:05:33.598,26.1300,100
36333598895812,10:05:33.598,26.1300,95
36333598895812,10:05:33.598,26.1300,1
36333598895812,10:05:33.598,26.1300,300
36333598895812,10:05:33.598,26.1300,100
36333599996382,10:05:33.599,26.1300,100
36333599996382,10:05:33.599,26.1300,100
36333599996382,10:05:33.599,26.1300,100
36333599996382,10:05:33.599,26.1300,100
36342018053510,10:05:42.018,26.1200,100
36342018053510,10:05:42.018,26.1200,100
36342654403071,10:05:42.654,26.1100,100
36346606086547,10:05:46.606,26.1050,100
36346606086547,10:05:46.606,26.1100,400
36346606086547,10:05:46.606,26.1100,100
36346606086547,10:05:46.606,26.1100,100
36346606086547,10:05:46.606,26.1100,68
36346606086547,10:05:46.606,26.1100,100
36346606086547,10:05:46.606,26.1100,132
36346606606198,10:05:46.606,26.1100,168
36346859519786,10:05:46.859,26.1100,100
36369793068840,10:06:09.793,26.1300,7
36371823370763,10:06:11.823,26.1400,100
36371823370763,10:06:11.823,26.1400,100
36371823370763,10:06:11.823,26.1400,100
36371823370763,10:06:11.823,26.1400,100
36372734835008,10:06:12.734,26.1300,100
36372734835008,10:06:12.734,26.1300,99
36372734930198,10:06:12.734,26.1300,1
36384030715804,10:06:24.030,26.1200,69
36384030742910,10:06:24.030,26.1200,31
36384030742910,10:06:24.030,26.1200,1
36428517886054,10:07:08.517,26.1200,100
36439200206985,10:07:19.200,26.1500,100
36439200206985,10:07:19.200,26.1500,1
36445755769552,10:07:25.755,26.1400,100
36445755769552,10:07:25.755,26.1400,100
36445755769552,10:07:25.755,26.1400,100
36445755769552,10:07:25.755,26.1400,100
36445755769552,10:07:25.755,26.1400,1
36446260478468,10:07:26.260,26.1300,100
36446260478468,10:07:26.260,26.1300,100
36446260478468,10:07:26.260,26.1300,100
36470385624421,10:07:50.385,26.1400,100
36484540132032,10:08:04.540,26.1400,100
36511407733202,10:08:31.407,26.1300,100
36511407733202,10:08:31.407,26.1300,100
36511407733202,10:08:31.407,26.1300,100
36515455956109,10:08:35.455,26.1100,100
36549196894169,10:09:09.196,26.0900,100
36551435444331,10:09:11.435,26.0900,100
36598548113393,10:09:58.548,26.0900,100
36600614381817,10:10:00.614,26.1000,400
36600615535610,10:10:00.615,26.1000,6
36610908875457,10:10:10.908,26.1100,1
36623794506933,10:10:23.794,26.1100,100
36623794506933,10:10:23.794,26.1100,100
36623794506933,10:10:23.794,26.1100,100
36623794506933,10:10:23.794,26.1100,100
36623794540856,10:10:23.794,26.1100,100
36623794540856,10:10:23.794,26.1100,100
36646780290383,10:10:46.780,26.1100,100
36708665250204,10:11:48.665,26.1500,4
36708668525784,10:11:48.668,26.1500,100
36708669999852,10:11:48.669,26.1500,50
36708696940703,10:11:48.696,26.1500,100
36708696940703,10:11:48.696,26.1500,100
36723268343271,10:12:03.268,26.1500,100
36723268343271,10:12:03.268,26.1500,70
36723268370295,10:12:03.268,26.1500,30
36723268370295,10:12:03.268,26.1500,100
36723268370295,10:12:03.268,26.1500,200
36723268370295,10:12:03.268,26.1500,100
36723268370295,10:12:03.268,26.1500,100
36762854501655,10:12:42.854,26.1600,100
36762854868264,10:12:42.854,26.1600,6
36762854868264,10:12:42.854,26.1600,100
36762854868264,10:12:42.854,26.1600,100
36762854868264,10:12:42.854,26.1600,100
36767110194212,10:12:47.110,26.1700,100
36767110194212,10:12:47.110,26.1700,100
36767110194212,10:12:47.110,26.1700,100
36768767968240,10:12:48.767,26.1600,100
36768767968240,10:12:48.767,26.1600,300
36806413592693,10:13:26.413,26.1500,43
36806423184893,10:13:26.423,26.1500,57
36806423184893,10:13:26.423,26.1500,40
36806423273074,10:13:26.423,26.1500,60
36865058863901,10:14:25.058,26.1400,39
36865059068862,10:14:25.059,26.1400,61
36865059068862,10:14:25.059,26.1400,100
36865059068862,10:14:25.059,26.1400,100
36930952593524,10:15:30.952,26.1300,100
36930952593524,10:15:30.952,26.1300,100
36930952593524,10:15:30.952,26.1300,200
36930952593524,10:15:30.952,26.1300,100
36934303362769,10:15:34.303,26.1200,49
36934303362769,10:15:34.303,26.1200,100
36934303362769,10:15:34.303,26.1200,100
36934303362769,10:15:34.303,26.1200,20
36934303362769,10:15:34.303,26.1200,100
36934303362769,10:15:34.303,26.1200,100
36939510440926,10:15:39.510,26.1100,100
36939510440926,10:15:39.510,26.1100,100
36943214602047,10:15:43.214,26.1100,61
36943214602047,10:15:43.214,26.1100,100
36943214602047,10:15:43.214,26.1100,39
36960631941617,10:16:00.631,26.1100,79
36960632316574,10:16:00.632,26.1100,64
36962653448376,10:16:02.653,26.1200,100
36962653448376,10:16:02.653,26.1200,100
36962653448376,10:16:02.653,26.1200,100
36967628521329,10:16:07.628,26.1300,2
36971648530242,10:16:11.648,26.1300,100
36976629986113,10:16:16.629,26.1200,70
36979103073778,10:16:19.103,26.1200,30
36979103073778,10:16:19.103,26.1200,100
36979103073778,10:16:19.103,26.1200,100
36994943976709,10:16:34.943,26.1100,1
36994944002609,10:16:34.944,26.1100,99
36994944002609,10:16:34.944,26.1100,100
37038192431391,10:17:18.192,26.1200,100
37040455997236,10:17:20.455,26.1100,100
37040455997236,10:17:20.455,26.1100,100
37040455997236,10:17:20.455,26.1100,100
37044639176054,10:17:24.639,26.1000,100
37044639904439,10:17:24.639,26.1000,100
37064769681296,10:17:44.769,26.1000,1
37084177234717,10:18:04.177,26.0900,100
37089658848991,10:18:09.658,26.0900,35
37089658945872,10:18:09.658,26.0900,65
37093882527396,10:18:13.882,26.1000,100
37095559219048,10:18:15.559,26.1100,2
37095761589295,10:18:15.761,26.1100,40
37095761614484,10:18:15.761,26.1100,20
37142852417275,10:19:02.852,26.1000,100
37142852417275,10:19:02.852,26.1000,100
37142852417275,10:19:02.852,26.1000,100
37151533896927,10:19:11.533,26.1100,70
37151533938633,10:19:11.533,26.1100,30
37158577243111,10:19:18.577,26.1200,100
37158599407884,10:19:18.599,26.1200,200
37158599407884,10:19:18.599,26.1200,52
37158599407884,10:19:18.599,26.1200,100
37177750692099,10:19:37.750,26.1400,51
37177750943340,10:19:37.750,26.1400,100
37191171291870,10:19:51.171,26.1400,100
37191171291870,10:19:51.171,26.1400,59
37235044341489,10:20:35.044,26.1500,100
37235044341489,10:20:35.044,26.1500,100
37235044341489,10:20:35.044,26.1500,100
37235044369635,10:20:35.044,26.1500,100
37235044369635,10:20:35.044,26.1500,100
37235044369635,10:20:35.044,26.1500,100
37235771377626,10:20:35.771,26.1400,100
37235771377626,10:20:35.771,26.1400,100
37235771377626,10:20:35.771,26.1400,100
37235771377626,10:20:35.771,26.1400,100
37281629678363,10:21:21.629,26.1400,8
37281629678363,10:21:21.629,26.1400,100
37281629678363,10:21:21.629,26.1400,100
37282291731292,10:21:22.291,26.1500,100
37285587072542,10:21:25.587,26.1600,100
37285587072542,10:21:25.587,26.1600,48
37285587072542,10:21:25.587,26.1600,60
37285587072542,10:21:25.587,26.1600,100
37295601664835,10:21:35.601,26.1500,100
37295601664835,10:21:35.601,26.1500,100
37326572002100,10:22:06.572,26.1500,100
37326572002100,10:22:06.572,26.1500,6
37356631843484,10:22:36.631,26.1700,1
37369129526931,10:22:49.129,26.1700,1
37374003220312,10:22:54.003,26.1700,19
37374003931470,10:22:54.003,26.1700,118
37374003952148,10:22:54.003,26.1700,100
37374004155008,10:22:54.004,26.1700,23
37374004446358,10:22:54.004,26.1700,38
37388094855284,10:23:08.094,26.1700,100
37388094855284,10:23:08.094,26.1700,100
37388094855284,10:23:08.094,26.1700,100
37388094855284,10:23:08.094,26.1700,100
37396225059097,10:23:16.225,26.1600,100
37404439385637,10:23:24.439,26.1500,1
37428758531614,10:23:48.758,26.1400,100
37428758531614,10:23:48.758,26.1400,100
37450356600618,10:24:10.356,26.1400,100
37450356600618,10:24:10.356,26.1400,5
37495758056659,10:24:55.758,26.1800,100
37495758056659,10:24:55.758,26.1800,100
37506494266773,10:25:06.494,26.1900,100
37515918845770,10:25:15.918,26.1900,100
37515918845770,10:25:15.918,26.1900,100
37515918845770,10:25:15.918,26.1900,100
37515918845770,10:25:15.918,26.1900,100
37537441354372,10:25:37.441,26.1800,100
37537441354372,10:25:37.441,26.1800,1
37537441354372,10:25:37.441,26.1800,199
37537441382969,10:25:37.441,26.1800,1
37537441382969,10:25:37.441,26.1800,200
37537441382969,10:25:37.441,26.1800,100
37537441382969,10:25:37.441,26.1800,100
37537441382969,10:25:37.441,26.1800,100
37543038236927,10:25:43.038,26.1700,100
37543038236927,10:25:43.038,26.1700,100
37543038236927,10:25:43.038,26.1700,400
37543038236927,10:25:43.038,26.1700,100
37544239790533,10:25:44.239,26.1700,100
37549991775412,10:25:49.991,26.1700,100
37549991775412,10:25:49.991,26.1700,100
37561008891235,10:26:01.008,26.1700,100
37568581606215,10:26:08.581,26.1800,100
37571856160414,10:26:11.856,26.1900,9
37571860319799,10:26:11.860,26.1900,100
37571860319799,10:26:11.860,26.1900,100
37571860319799,10:26:11.860,26.1900,55
37571860319799,10:26:11.860,26.1900,63
37571860319799,10:26:11.860,26.1900,100
37571860319799,10:26:11.860,26.1900,100
37571860319799,10:26:11.860,26.1900,82
37571861002826,10:26:11.861,26.1900,18
37605649050116,10:26:45.649,26.1800,100
37605649050116,10:26:45.649,26.1800,100
37605649050116,10:26:45.649,26.1800,2
37605649132984,10:26:45.649,26.1800,98
37607224054062,10:26:47.224,26.1750,100
37607247937712,10:26:47.247,26.1800,100
37608011003421,10:26:48.011,26.1900,100
37703610595212,10:28:23.610,26.2000,200
37703610595212,10:28:23.610,26.2000,195
37703611809268,10:28:23.611,26.2100,100
37703611809268,10:28:23.611,26.2100,11
37705083004614,10:28:25.083,26.2150,300
37715461119023,10:28:35.461,26.2200,100
37717464921328,10:28:37.464,26.2200,100
37717464921328,10:28:37.464,26.2200,100
37722583846029,10:28:42.583,26.2200,100
37752720799334,10:29:12.720,26.2300,100
37752720799334,10:29:12.720,26.2300,100
37752720799334,10:29:12.720,26.2300,100
37752720799334,10:29:12.720,26.2300,100
37752720799334,10:29:12.720,26.2300,100
37752720799334,10:29:12.720,26.2300,100
37752721288274,10:29:12.721,26.2300,100
37771092991061,10:29:31.092,26.2300,100
37772571203899,10:29:32.571,26.2300,100
37772571203899,10:29:32.571,26.2300,66
37772571295349,10:29:32.571,26.2300,34
37772571295349,10:29:32.571,26.2300,4
37773120980033,10:29:33.120,26.2250,100
37790037177217,10:29:50.037,26.2250,100
37790037177217,10:29:50.037,26.2300,105
37800082958404,10:30:00.082,26.2300,12
37800083065028,10:30:00.083,26.2300,17
37815372843957,10:30:15.372,26.2400,200
37921267051444,10:32:01.267,26.2350,9
37937886032046,10:32:17.886,26.2400,100
37941924212346,10:32:21.924,26.2400,203
37941924212346,10:32:21.924,26.2400,20
37941924212346,10:32:21.924,26.2400,300
37941924212346,10:32:21.924,26.2400,9
37943408368231,10:32:23.408,26.2500,100
37943408368231,10:32:23.408,26.2500,193
37944828094764,10:32:24.828,26.2500,100
37944828094764,10:32:24.828,26.2500,100
37944828094764,10:32:24.828,26.2500,100
37944828094764,10:32:24.828,26.2500,100
37965449267442,10:32:45.449,26.2600,6
37995569972212,10:33:15.569,26.2700,100
38019442955023,10:33:39.442,26.2800,100
38025437702414,10:33:45.437,26.2900,100
38025437751791,10:33:45.437,26.2900,300
38029019989634,10:33:49.019,26.3000,100
38029019989634,10:33:49.019,26.3000,100
38040760231203,10:34:00.760,26.3000,100
38050016561177,10:34:10.016,26.3000,100
38050016561177,10:34:10.016,26.3000,100
38050016561177,10:34:10.016,26.3000,100
38050016561177,10:34:10.016,26.3000,100
38050016561177,10:34:10.016,26.3000,100
38050017588328,10:34:10.017,26.3000,77
38052165112404,10:34:12.165,26.2900,100
38052165112404,10:34:12.165,26.2900,100
38052165112404,10:34:12.165,26.2900,100
38052165112404,10:34:12.165,26.2900,100
38052857974645,10:34:12.857,26.2800,100
38052857974645,10:34:12.857,26.2800,100
38105019604010,10:35:05.019,26.2800,100
38105019604010,10:35:05.019,26.2800,100
38105019604010,10:35:05.019,26.2800,200
38105019824846,10:35:05.019,26.2800,100
38131170556610,10:35:31.170,26.2800,100
38131170556610,10:35:31.170,26.2800,100
38132019112458,10:35:32.019,26.2800,100
38132019978062,10:35:32.019,26.2800,70
38154020765409,10:35:54.020,26.2900,200
38154020765409,10:35:54.020,26.2900,100
38154020970641,10:35:54.020,26.2900,100
38154020970641,10:35:54.020,26.2900,100
38154025208544,10:35:54.025,26.2900,100
38154025208544,10:35:54.025,26.2900,63
38154025208544,10:35:54.025,26.2900,100
38154025208544,10:35:54.025,26.2900,100
38154025208544,10:35:54.025,26.2900,100
38157808355850,10:35:57.808,26.2800,70
38157808386069,10:35:57.808,26.2800,30
38157808386069,10:35:57.808,26.2800,100
38157808386069,10:35:57.808,26.2800,200
38164890089748,10:36:04.890,26.2700,100
38164890155791,10:36:04.890,26.2700,49
38169019884070,10:36:09.019,26.2600,100
38173532933101,10:36:13.532,26.2600,100
38173532933101,10:36:13.532,26.2600,100
38191748018838,10:36:31.748,26.2600,70
38191748045543,10:36:31.748,26.2600,30
38191748045543,10:36:31.748,26.2600,12
38191748242247,10:36:31.748,26.2600,100
38221791773276,10:37:01.791,26.2800,100
38244838299827,10:37:24.838,26.2900,200
38272786570408,10:37:52.786,26.2800,100
38272786570408,10:37:52.786,26.2800,100
38272786570408,10:37:52.786,26.2800,100
38272786570408,10:37:52.786,26.2800,100
38299969469070,10:38:19.969,26.2800,12
38299969469070,10:38:19.969,26.2800,28
38299969495931,10:38:19.969,26.2800,72
38342587196372,10:39:02.587,26.3100,50
38342587284260,10:39:02.587,26.3100,50
38358032543863,10:39:18.032,26.3200,100
38358032543863,10:39:18.032,26.3200,60
38358032543863,10:39:18.032,26.3200,100
38358032543863,10:39:18.032,26.3200,100
38358032543863,10:39:18.032,26.3200,79
38358032590763,10:39:18.032,26.3200,21
38372925852838,10:39:32.925,26.3100,100
38372925852838,10:39:32.925,26.3100,100
38372925852838,10:39:32.925,26.3100,26
38372925889290,10:39:32.925,26.3100,43
38372925889290,10:39:32.925,26.3100,1
38374018843905,10:39:34.018,26.3000,1500
38374018843905,10:39:34.018,26.3000,100
38374018843905,10:39:34.018,26.3000,200
38377084150696,10:39:37.084,26.2900,100
38377084150696,10:39:37.084,26.2900,2
38399702131622,10:39:59.702,26.2900,100
38399702131622,10:39:59.702,26.2900,100
38399702131622,10:39:59.702,26.2900,100
38419593728199,10:40:19.593,26.2900,100
38419593817424,10:40:19.593,26.2900,20
38419593840705,10:40:19.593,26.2900,80
38423314787018,10:40:23.314,26.2900,100
38439610274401,10:40:39.610,26.2900,170
38439610325356,10:40:39.610,26.2900,30
38439610325356,10:40:39.610,26.2900,100
38439610866507,10:40:39.610,26.2900,100
38457026142117,10:40:57.026,26.2800,80
38457026168658,10:40:57.026,26.2800,20
38457026168658,10:40:57.026,26.2800,63
38462528361055,10:41:02.528,26.2900,100
38462528361055,10:41:02.528,26.2900,15
38474915904931,10:41:14.915,26.3000,39
38666736258177,10:44:26.736,26.3000,100
38666736258177,10:44:26.736,26.3000,13
38666736258177,10:44:26.736,26.3000,100
38674535423059,10:44:34.535,26.3100,100
38674535423059,10:44:34.535,26.3100,100
38674535423059,10:44:34.535,26.3100,100
38674535423059,10:44:34.535,26.3100,65
38674535423059,10:44:34.535,26.3100,100
38674535423059,10:44:34.535,26.3100,35
38674535929094,10:44:34.535,26.3100,72
38674535929094,10:44:34.535,26.3100,100
38674535929094,10:44:34.535,26.3100,100
38674536298223,10:44:34.536,26.3100,100
38674536298223,10:44:34.536,26.3100,100
38674536298223,10:44:34.536,26.3100,68
38674536298223,10:44:34.536,26.3100,99
38674536298223,10:44:34.536,26.3100,100
38674536298223,10:44:34.536,26.3100,33
38741199156073,10:45:41.199,26.3100,100
38741199562460,10:45:41.199,26.3100,3
38741199562460,10:45:41.199,26.3100,100
38741204166260,10:45:41.204,26.3100,68
38741204166260,10:45:41.204,26.3100,100
38748316530420,10:45:48.316,26.3000,100
38748316530420,10:45:48.316,26.3000,100
38748316530420,10:45:48.316,26.3000,2
38748316530420,10:45:48.316,26.3000,100
38748316530420,10:45:48.316,26.3000,100
38748316530420,10:45:48.316,26.3000,100
38748316530420,10:45:48.316,26.3000,100
38758165579980,10:45:58.165,26.2900,100
38758167800857,10:45:58.167,26.2900,3
38758167800857,10:45:58.167,26.2900,97
38758402962717,10:45:58.402,26.2900,3
38786750739166,10:46:26.750,26.2900,11
38808716070536,10:46:48.716,26.2900,100
38808716070536,10:46:48.716,26.2900,100
38817046813481,10:46:57.046,26.2900,100
38824596701670,10:47:04.596,26.2800,37
38824596701670,10:47:04.596,26.2800,2
38824596701670,10:47:04.596,26.2800,100
38848894046745,10:47:28.894,26.2700,49
38848894046745,10:47:28.894,26.2700,100
38903017295810,10:48:23.017,26.2800,100
38903017295810,10:48:23.017,26.2800,100
38903017295810,10:48:23.017,26.2800,10
38920332411588,10:48:40.332,26.2900,27
38920332411588,10:48:40.332,26.2900,100
38920332411588,10:48:40.332,26.2900,100
38953751443260,10:49:13.751,26.2900,100
38998682482320,10:49:58.682,26.2900,100
38998682533200,10:49:58.682,26.2900,25
38998682533200,10:49:58.682,26.2900,75
38998682533200,10:49:58.682,26.2900,100
38999192947584,10:49:59.192,26.2900,13
39036268830010,10:50:36.268,26.2900,137
39036268830010,10:50:36.268,26.2900,33
39036269282651,10:50:36.269,26.2900,67
39036269282651,10:50:36.269,26.2900,30
39036269306871,10:50:36.269,26.2900,51
39036845158139,10:50:36.845,26.2900,19
39036845158139,10:50:36.845,26.2900,1
39075716244074,10:51:15.716,26.2700,14
39075716815217,10:51:15.716,26.2700,3
39078452061088,10:51:18.452,26.2700,83
39085850503043,10:51:25.850,26.2750,100
39085850503043,10:51:25.850,26.2750,100
39085850503043,10:51:25.850,26.2750,100
39085850503043,10:51:25.850,26.2700,400
39085850503043,10:51:25.850,26.2700,100
39085850503043,10:51:25.850,26.2700,100
39085850503043,10:51:25.850,26.2700,79
39085850503043,10:51:25.850,26.2700,100
39085850503043,10:51:25.850,26.2700,72
39085850503043,10:51:25.850,26.2700,100
39085850503043,10:51:25.850,26.2700,100
39085850503043,10:51:25.850,26.2700,100
39085850503043,10:51:25.850,26.2700,49
39091358235054,10:51:31.358,26.2700,70
39091358264488,10:51:31.358,26.2700,30
39091358264488,10:51:31.358,26.2700,100
39117203104468,10:51:57.203,26.2700,100
39117203422459,10:51:57.203,26.2700,100
39117203422459,10:51:57.203,26.2700,100
39119627636021,10:51:59.627,26.2800,100
39144685745101,10:52:24.685,26.2900,7
39144685745101,10:52:24.685,26.2900,93
39144686022080,10:52:24.686,26.2900,7
39148918844979,10:52:28.918,26.3000,100
39148918844979,10:52:28.918,26.3000,200
39148918844979,10:52:28.918,26.3000,100
39148925395365,10:52:28.925,26.3000,100
39148925395365,10:52:28.925,26.3000,75
39148925395365,10:52:28.925,26.3000,100
39148925395365,10:52:28.925,26.3000,100
39148925395365,10:52:28.925,26.3000,100
39160438147333,10:52:40.438,26.2900,100
39160438147333,10:52:40.438,26.2900,100
39160438147333,10:52:40.438,26.2900,100
39160438147333,10:52:40.438,26.2900,100
39175372886805,10:52:55.372,26.2900,100
39175372886805,10:52:55.372,26.2900,100
39213356647808,10:53:33.356,26.2800,12
39215292399988,10:53:35.292,26.2800,80
39215292399988,10:53:35.292,26.2800,100
39215292399988,10:53:35.292,26.2800,100
39215292399988,10:53:35.292,26.2800,100
39219429619213,10:53:39.429,26.2700,100
39219429619213,10:53:39.429,26.2700,100
39223101339014,10:53:43.101,26.2600,100
39249429088030,10:54:09.429,26.2500,70
39249429524874,10:54:09.429,26.2500,430
39249429524874,10:54:09.429,26.2500,5
39254064151270,10:54:14.064,26.2500,100
39255390455324,10:54:15.390,26.2500,100
39255390455324,10:54:15.390,26.2500,43
39269491478501,10:54:29.491,26.2500,69
39269491478501,10:54:29.491,26.2500,100
39269491478501,10:54:29.491,26.2500,1
39269491722656,10:54:29.491,26.2500,99
39308626740692,10:55:08.626,26.2500,100
39319733463156,10:55:19.733,26.2600,200
39319733463156,10:55:19.733,26.2600,100
39332117126750,10:55:32.117,26.2600,100
39332117126750,10:55:32.117,26.2600,100
39332117126750,10:55:32.117,26.2600,100
39332117126750,10:55:32.117,26.2600,100
39332117126750,10:55:32.117,26.2600,100
39416452118194,10:56:56.452,26.2600,8
39416452118194,10:56:56.452,26.2600,100
39416452118194,10:56:56.452,26.2600,100
39432887469328,10:57:12.887,26.2600,100
39432887607689,10:57:12.887,26.2600,30
39433163635688,10:57:13.163,26.2600,70
39433163635688,10:57:13.163,26.2600,30
39467248319161,10:57:47.248,26.2500,100
39467248319161,10:57:47.248,26.2500,21
39467248376393,10:57:47.248,26.2500,79
39467248376393,10:57:47.248,26.2500,100
39467248376393,10:57:47.248,26.2500,21
39467249342253,10:57:47.249,26.2500,79
39497398426570,10:58:17.398,26.2500,100
39497398426570,10:58:17.398,26.2500,100
39497398426570,10:58:17.398,26.2500,8
39497398426570,10:58:17.398,26.2500,100
39498632936282,10:58:18.632,26.2500,170
39498673344101,10:58:18.673,26.2500,85
39501497333368,10:58:21.497,26.2500,100
39501497369153,10:58:21.497,26.2500,45
39501497402789,10:58:21.497,26.2500,100
39528130635894,10:58:48.130,26.2400,200
39528130635894,10:58:48.130,26.2400,100
39528130635894,10:58:48.130,26.2400,500
39528130635894,10:58:48.130,26.2400,50
39528130667802,10:58:48.130,26.2400,50
39573138835005,10:59:33.138,26.2400,200
39596774976516,10:59:56.774,26.2500,100
39596774976516,10:59:56.774,26.2500,100
39609893343779,11:00:09.893,26.2600,100
39609893343779,11:00:09.893,26.2600,100
39609893343779,11:00:09.893,26.2600,64
39609893343779,11:00:09.893,26.2600,8
39609893343779,11:00:09.893,26.2600,100
39613075737139,11:00:13.075,26.2600,1100
39613075737139,11:00:13.075,26.2600,100
39613075737139,11:00:13.075,26.2600,300
39663093774612,11:01:03.093,26.2600,100
39663094547048,11:01:03.094,26.2600,685
39663094547048,11:01:03.094,26.2600,100
39663094547048,11:01:03.094,26.2600,81
39663094547048,11:01:03.094,26.2600,90
39663094580391,11:01:03.094,26.2600,110
39663094580391,11:01:03.094,26.2600,100
39663094736194,11:01:03.094,26.2600,100
39663094736194,11:01:03.094,26.2600,100
39663095506127,11:01:03.095,26.2600,100
39663416808392,11:01:03.416,26.2600,100
39663416808392,11:01:03.416,26.2600,100
39663416808392,11:01:03.416,26.2600,100
39663468882122,11:01:03.468,26.2700,300
39663468882122,11:01:03.468,26.2700,100
39663470901460,11:01:03.470,26.2700,5
39663475195254,11:01:03.475,26.2700,95
39663703264034,11:01:03.703,26.2800,92
39664433639567,11:01:04.433,26.2700,100
39667179850062,11:01:07.179,26.2700,7
39667179850062,11:01:07.179,26.2700,100
39670986374942,11:01:10.986,26.2700,200
39724701975640,11:02:04.701,26.2650,13
39732363433598,11:02:12.363,26.2650,208
39732363461382,11:02:12.363,26.2650,208
39732363482443,11:02:12.363,26.2650,113
39732363590148,11:02:12.363,26.2650,200
39763895318069,11:02:43.895,26.2600,2
39763895318069,11:02:43.895,26.2600,7
39763895347008,11:02:43.895,26.2600,493
39763895347008,11:02:43.895,26.2600,100
39763895347008,11:02:43.895,26.2600,100
39763895347008,11:02:43.895,26.2600,100
39821969056253,11:03:41.969,26.2500,270
39821969785375,11:03:41.969,26.2500,693
39821969785375,11:03:41.969,26.2500,100
39821969785375,11:03:41.969,26.2500,500
39821969785375,11:03:41.969,26.2500,400
39821969785375,11:03:41.969,26.2500,100
39821969785375,11:03:41.969,26.2500,100
39821972349552,11:03:41.972,26.2400,100
39821972349552,11:03:41.972,26.2400,100
39878478099450,11:04:38.478,26.2300,100
39878478099450,11:04:38.478,26.2300,100
39878478099450,11:04:38.478,26.2300,100
39878478099450,11:04:38.478,26.2300,100
39878478099450,11:04:38.478,26.2300,100
39894411859987,11:04:54.411,26.2250,100
39912322099161,11:05:12.322,26.2250,300
39912322099161,11:05:12.322,26.2300,100
39912322103465,11:05:12.322,26.2300,25
39912322103465,11:05:12.322,26.2300,100
39912322103465,11:05:12.322,26.2300,75
39912322103465,11:05:12.322,26.2300,100
39912322103465,11:05:12.322,26.2300,100
39912322768244,11:05:12.322,26.2300,23
39912323208181,11:05:12.323,26.2300,500
39912323208181,11:05:12.323,26.2300,100
39912323208181,11:05:12.323,26.2300,100
39912323208181,11:05:12.323,26.2300,100
39912323208181,11:05:12.323,26.2300,200
39912323208181,11:05:12.323,26.2300,200
39912327984849,11:05:12.327,26.2300,9
39912329239910,11:05:12.329,26.2300,94
39912330718471,11:05:12.330,26.2250,100
39933246363853,11:05:33.246,26.2200,100
39933246363853,11:05:33.246,26.2200,100
39933246396476,11:05:33.246,26.2200,100
39933246396476,11:05:33.246,26.2200,100
40043156480867,11:07:23.156,26.2100,50
40043156480867,11:07:23.156,26.2100,100
40043156480867,11:07:23.156,26.2100,100
40043156480867,11:07:23.156,26.2100,100
40043156480867,11:07:23.156,26.2100,100
40043156480867,11:07:23.156,26.2100,100
40043156480867,11:07:23.156,26.2100,100
40046019723492,11:07:26.019,26.2100,26
40046019977427,11:07:26.019,26.2100,74
40069821790505,11:07:49.821,26.2100,100
40077104007100,11:07:57.104,26.2100,25
40077104007100,11:07:57.104,26.2100,2
40077104007100,11:07:57.104,26.2100,100
40147276893926,11:09:07.276,26.2100,100
40147276893926,11:09:07.276,26.2100,1
40147276893926,11:09:07.276,26.2100,99
40147276932991,11:09:07.276,26.2100,1
40181608595456,11:09:41.608,26.2000,500
40181608595456,11:09:41.608,26.2000,100
40181608595456,11:09:41.608,26.2000,100
40181608595456,11:09:41.608,26.2000,100
40181608595456,11:09:41.608,26.2000,100
40181672055774,11:09:41.672,26.1900,100
40181672055774,11:09:41.672,26.1900,100
40181672055774,11:09:41.672,26.1900,100
40181672055774,11:09:41.672,26.1900,100
40181672055774,11:09:41.672,26.1900,100
40181672055774,11:09:41.672,26.1900,500
40183577755996,11:09:43.577,26.1800,100
40183577755996,11:09:43.577,26.1800,100
40183577755996,11:09:43.577,26.1800,500
40186192934234,11:09:46.192,26.1800,500
40186192934234,11:09:46.192,26.1800,300
40186192934234,11:09:46.192,26.1800,100
40186192934234,11:09:46.192,26.1800,3
40198500095844,11:09:58.500,26.1800,200
40198500095844,11:09:58.500,26.1800,500
40198500125905,11:09:58.500,26.1800,100
40215752682665,11:10:15.752,26.1700,1
40215752682665,11:10:15.752,26.1700,100
40225670592895,11:10:25.670,26.1700,49
40225672878739,11:10:25.672,26.1700,51
40225672878739,11:10:25.672,26.1700,100
40225672878739,11:10:25.672,26.1700,20
40309073959019,11:11:49.073,26.1600,100
40309073959019,11:11:49.073,26.1600,100
40309073959019,11:11:49.073,26.1600,100
40309073959019,11:11:49.073,26.1600,200
40309073959019,11:11:49.073,26.1600,100
40309074160405,11:11:49.074,26.1600,20
40309074176037,11:11:49.074,26.1600,97
40309074262317,11:11:49.074,26.1600,83
40309074262317,11:11:49.074,26.1600,100
40323535825241,11:12:03.535,26.1500,100
40323535825241,11:12:03.535,26.1500,100
40323535825241,11:12:03.535,26.1500,500
40323535825241,11:12:03.535,26.1500,3
40327085593171,11:12:07.085,26.1400,100
40433788467679,11:13:53.788,26.1350,100
40433794262354,11:13:53.794,26.1350,100
40446693257646,11:14:06.693,26.1350,231
40446693257646,11:14:06.693,26.1300,500
40446693257646,11:14:06.693,26.1300,100
40446693257646,11:14:06.693,26.1300,100
40446693257646,11:14:06.693,26.1300,100
40446693257646,11:14:06.693,26.1300,89
40446693257646,11:14:06.693,26.1300,6
40446720107173,11:14:06.720,26.1200,100
40446720107173,11:14:06.720,26.1200,100
40446720107173,11:14:06.720,26.1200,100
40446720107173,11:14:06.720,26.1200,100
40446720107173,11:14:06.720,26.1200,100
40446720107173,11:14:06.720,26.1200,100
40446720107173,11:14:06.720,26.1200,100
40446720107173,11:14:06.720,26.1200,400
40446720698270,11:14:06.720,26.1200,100
40446720698270,11:14:06.720,26.1200,100
40446756756180,11:14:06.756,26.1150,100
40446757275538,11:14:06.757,26.1150,60
40452527210508,11:14:12.527,26.1100,40
40452527231772,11:14:12.527,26.1100,38
40452527407789,11:14:12.527,26.1100,22
40452527407789,11:14:12.527,26.1100,148
40452529208899,11:14:12.529,26.1100,100
40452531177640,11:14:12.531,26.1100,252
40452531177640,11:14:12.531,26.1100,100
40486105939870,11:14:46.105,26.1100,100
40486105939870,11:14:46.105,26.1100,100
40486105939870,11:14:46.105,26.1100,100
40486106490657,11:14:46.106,26.1200,200
40492534797747,11:14:52.534,26.1100,500
40492534797747,11:14:52.534,26.1100,100
40552429361927,11:15:52.429,26.1100,100
40552429361927,11:15:52.429,26.1100,4
40552429361927,11:15:52.429,26.1100,100
40552429361927,11:15:52.429,26.1100,100
40552810521871,11:15:52.810,26.1200,400
40552810521871,11:15:52.810,26.1200,100
40552810521871,11:15:52.810,26.1200,100
40582392987805,11:16:22.392,26.1100,100
40582392987805,11:16:22.392,26.1100,100
40582392987805,11:16:22.392,26.1100,10
40701143752508,11:18:21.143,26.1100,100
40701143752508,11:18:21.143,26.1100,300
40701143752508,11:18:21.143,26.1100,100
40734015390563,11:18:54.015,26.1200,100
40734015390563,11:18:54.015,26.1200,100
40737740001392,11:18:57.740,26.1200,57
40737740386961,11:18:57.740,26.1200,100
40737740386961,11:18:57.740,26.1200,11
40737740386961,11:18:57.740,26.1200,100
40737745459418,11:18:57.745,26.1100,100
40738748699292,11:18:58.748,26.1100,100
40738748699292,11:18:58.748,26.1100,100
40738748699292,11:18:58.748,26.1100,200
40774197680563,11:19:34.197,26.1000,200
40782195676778,11:19:42.195,26.1000,200
40802758857408,11:20:02.758,26.1000,100
40802758857408,11:20:02.758,26.1000,100
40802758857408,11:20:02.758,26.1000,300
40813861842816,11:20:13.861,26.1000,100
40813863067869,11:20:13.863,26.1000,11
40880798282845,11:21:20.798,26.0900,500
40880798282845,11:21:20.798,26.0900,100
40880798282845,11:21:20.798,26.0900,100
40880798282845,11:21:20.798,26.0900,100
40909353701838,11:21:49.353,26.0900,200
40909353701838,11:21:49.353,26.0900,200
41051597664001,11:24:11.597,26.0800,200
41051597664001,11:24:11.597,26.0800,66
41051597750827,11:24:11.597,26.0800,34
41051597750827,11:24:11.597,26.0800,190
41051597750827,11:24:11.597,26.0800,100
41051597750827,11:24:11.597,26.0800,100
41051597750827,11:24:11.597,26.0800,100
41051597750827,11:24:11.597,26.0800,100
41051597750827,11:24:11.597,26.0800,13
41051598206102,11:24:11.598,26.0800,400
41051598206102,11:24:11.598,26.0800,100
41052438799578,11:24:12.438,26.0750,100
41052438799578,11:24:12.438,26.0800,100
41052438799578,11:24:12.438,26.0800,100
41052438799578,11:24:12.438,26.0800,100
41052439093709,11:24:12.439,26.0800,100
41117126674709,11:25:17.126,26.0800,100
41117126674709,11:25:17.126,26.0800,100
41117126674709,11:25:17.126,26.0800,100
41122139023165,11:25:22.139,26.0700,100
41122139023165,11:25:22.139,26.0700,100
41122139023165,11:25:22.139,26.0700,300
41135958660260,11:25:35.958,26.0600,100
41135958660260,11:25:35.958,26.0600,100
41159313845021,11:25:59.313,26.0600,200
41159313845021,11:25:59.313,26.0600,100
41159314779192,11:25:59.314,26.0600,100
41162009159045,11:26:02.009,26.0500,200
41162009159045,11:26:02.009,26.0500,100
41162009159045,11:26:02.009,26.0500,100
41162009159045,11:26:02.009,26.0500,2
41162009159045,11:26:02.009,26.0500,300
41162011555436,11:26:02.011,26.0600,100
41162011555436,11:26:02.011,26.0600,100
41162011555436,11:26:02.011,26.0600,100
41176364980067,11:26:16.364,26.0600,13
41223006267541,11:27:03.006,26.0700,100
41223006267541,11:27:03.006,26.0700,300
41223006267541,11:27:03.006,26.0700,47
41223006296739,11:27:03.006,26.0700,53
41223006296739,11:27:03.006,26.0700,100
41223006296739,11:27:03.006,26.0700,64
41223006296739,11:27:03.006,26.0700,100
41225668686099,11:27:05.668,26.0800,100
41225668686099,11:27:05.668,26.0800,100
41225668686099,11:27:05.668,26.0800,200
41241506416689,11:27:21.506,26.0800,57
41241506809066,11:27:21.506,26.0800,43
41241506809066,11:27:21.506,26.0800,100
41261832030576,11:27:41.832,26.0700,70
41261833477737,11:27:41.833,26.0700,30
41261833477737,11:27:41.833,26.0700,70
41261834225390,11:27:41.834,26.0700,17
41262012171453,11:27:42.012,26.0700,13
41297016313848,11:28:17.016,26.0700,100
41297016313848,11:28:17.016,26.0700,200
41384824400907,11:29:44.824,26.0800,100
41384824400907,11:29:44.824,26.0800,165
41384824400907,11:29:44.824,26.0800,100
41389927408336,11:29:49.927,26.0800,100
41389927503529,11:29:49.927,26.0800,12
41397187720125,11:29:57.187,26.0800,100
41397187720125,11:29:57.187,26.0750,100
41397187720125,11:29:57.187,26.0750,400
41622292433690,11:33:42.292,26.0700,100
41622292433690,11:33:42.292,26.0700,100
41622292433690,11:33:42.292,26.0700,100
41622292433690,11:33:42.292,26.0700,100
41622292433690,11:33:42.292,26.0700,12
41622292433690,11:33:42.292,26.0700,100
41622292433690,11:33:42.292,26.0700,100
41622292433690,11:33:42.292,26.0700,100
41665193706835,11:34:25.193,26.0700,100
41703483125047,11:35:03.483,26.0650,100
41703483125047,11:35:03.483,26.0650,100
41731590134926,11:35:31.590,26.0600,100
41731590190053,11:35:31.590,26.0600,100
41731590190053,11:35:31.590,26.0600,200
41731590190053,11:35:31.590,26.0600,12
41731590190053,11:35:31.590,26.0600,100
41731590190053,11:35:31.590,26.0600,100
41731590190053,11:35:31.590,26.0600,100
41738879794688,11:35:38.879,26.0500,100
41738880026665,11:35:38.880,26.0500,100
41739640516365,11:35:39.640,26.0500,100
41739640516365,11:35:39.640,26.0500,100
41739640516365,11:35:39.640,26.0500,100
41769997618587,11:36:09.997,26.0400,100
41769997618587,11:36:09.997,26.0400,100
41769997618587,11:36:09.997,26.0400,100
41769997618587,11:36:09.997,26.0400,100
41769997618587,11:36:09.997,26.0400,18
41786665463284,11:36:26.665,26.0300,100
41786665463284,11:36:26.665,26.0300,100
41786665463284,11:36:26.665,26.0300,100
41786665463284,11:36:26.665,26.0300,100
41787139799382,11:36:27.139,26.0250,37
41798662201020,11:36:38.662,26.0200,100
41798665336671,11:36:38.665,26.0200,100
41798665336671,11:36:38.665,26.0200,148
41799164372645,11:36:39.164,26.0200,100
41799164372645,11:36:39.164,26.0200,100
41799164372645,11:36:39.164,26.0200,200
41801764375610,11:36:41.764,26.0200,100
41850520063983,11:37:30.520,26.0300,200
41850520063983,11:37:30.520,26.0300,100
41850522009778,11:37:30.522,26.0400,100
41850522009778,11:37:30.522,26.0400,100
41850522009778,11:37:30.522,26.0400,100
41850522009778,11:37:30.522,26.0400,100
41850522009778,11:37:30.522,26.0400,100
41872524664196,11:37:52.524,26.0500,300
41872528119857,11:37:52.528,26.0500,500
41872528119857,11:37:52.528,26.0500,100
41874468391633,11:37:54.468,26.0500,100
41909382431458,11:38:29.382,26.0400,100
41909382431458,11:38:29.382,26.0400,100
41909382431458,11:38:29.382,26.0400,15
41909382431458,11:38:29.382,26.0400,100
41909659824067,11:38:29.659,26.0300,4
42002729027783,11:40:02.729,26.0350,100
42003233025370,11:40:03.233,26.0350,100
42003851024146,11:40:03.851,26.0350,100
42004351021329,11:40:04.351,26.0350,100
42005235026391,11:40:05.235,26.0350,100
42005744021619,11:40:05.744,26.0350,100
42006244026551,11:40:06.244,26.0350,100
42006744025175,11:40:06.744,26.0350,100
42007244027094,11:40:07.244,26.0350,100
42007746029719,11:40:07.746,26.0350,100
42008252023544,11:40:08.252,26.0350,100
42071194399776,11:41:11.194,26.0400,300
42071194399776,11:41:11.194,26.0400,100
42071194938443,11:41:11.194,26.0400,100
42075324548760,11:41:15.324,26.0400,100
42075324548760,11:41:15.324,26.0400,100
42087771177422,11:41:27.771,26.0300,100
42087771177422,11:41:27.771,26.0300,200
42087771177422,11:41:27.771,26.0300,100
42087771177422,11:41:27.771,26.0300,78
42087771177422,11:41:27.771,26.0300,17
42087771177422,11:41:27.771,26.0300,100
42096471674944,11:41:36.471,26.0200,100
42096471674944,11:41:36.471,26.0200,10
42096471674944,11:41:36.471,26.0200,600
42096471674944,11:41:36.471,26.0200,100
42096471674944,11:41:36.471,26.0200,90
42096471924729,11:41:36.471,26.0200,10
42096471959019,11:41:36.471,26.0200,100
42182934281469,11:43:02.934,26.0200,100
42235278495898,11:43:55.278,26.0250,100
42235278495898,11:43:55.278,26.0200,100
42235278495898,11:43:55.278,26.0200,200
42235278495898,11:43:55.278,26.0200,19
42235278495898,11:43:55.278,26.0200,100
42235278495898,11:43:55.278,26.0200,100
42235278495898,11:43:55.278,26.0200,99
42245163363616,11:44:05.163,26.0100,100
42245163363616,11:44:05.163,26.0100,100
42245163363616,11:44:05.163,26.0100,100
42245163363616,11:44:05.163,26.0100,200
42245163363616,11:44:05.163,26.0100,18
42285293278613,11:44:45.293,26.0000,300
42285293278613,11:44:45.293,26.0000,200
42285293278613,11:44:45.293,26.0000,600
42285293278613,11:44:45.293,26.0000,100
42285293278613,11:44:45.293,26.0000,50
42285293278613,11:44:45.293,26.0000,200
42285293278613,11:44:45.293,26.0000,200
42285293278613,11:44:45.293,26.0000,47
42285293749313,11:44:45.293,26.0000,100
42300826019947,11:45:00.826,25.9950,100
42301185089293,11:45:01.185,26.0000,100
42301185089293,11:45:01.185,26.0000,200
42301185089293,11:45:01.185,26.0000,100
42301185089293,11:45:01.185,26.0000,100
42301185306155,11:45:01.185,26.0000,200
42301185306155,11:45:01.185,26.0000,100
42301185526671,11:45:01.185,26.0000,100
42301185547898,11:45:01.185,26.0000,100
42301185551771,11:45:01.185,26.0000,78
42301185551771,11:45:01.185,26.0000,22
42301185555172,11:45:01.185,26.0000,100
42301186003483,11:45:01.186,26.0000,100
42324039361607,11:45:24.039,25.9950,300
42324041081279,11:45:24.041,25.9900,100
42324041081279,11:45:24.041,25.9900,100
42324041081279,11:45:24.041,25.9900,100
42325346104306,11:45:25.346,25.9900,100
42325346104306,11:45:25.346,25.9900,100
42325346104306,11:45:25.346,25.9900,800
42373840063166,11:46:13.840,26.0000,100
42373840063166,11:46:13.840,26.0000,100
42373840063166,11:46:13.840,26.0000,100
42373840265662,11:46:13.840,26.0000,200
42373840265662,11:46:13.840,26.0000,100
42373840265662,11:46:13.840,26.0000,100
42373840560117,11:46:13.840,26.0000,70
42373840608648,11:46:13.840,26.0000,130
42373840608648,11:46:13.840,26.0000,70
42373840617978,11:46:13.840,26.0000,100
42373840734623,11:46:13.840,26.0000,200
42373840734623,11:46:13.840,26.0000,100
42373840734623,11:46:13.840,26.0000,108
42379697421033,11:46:19.697,26.0100,100
42379697421033,11:46:19.697,26.0100,100
42382875265175,11:46:22.875,26.0200,100
42382875265175,11:46:22.875,26.0200,74
42382875292042,11:46:22.875,26.0200,26
42382877486982,11:46:22.877,26.0300,200
42392477056883,11:46:32.477,26.0350,300
42392478490124,11:46:32.478,26.0300,300
42393529965420,11:46:33.529,26.0300,1
42393530008953,11:46:33.530,26.0300,99
42393530008953,11:46:33.530,26.0300,100
42393551894136,11:46:33.551,26.0400,37
42393552562999,11:46:33.552,26.0400,163
42400555110968,11:46:40.555,26.0400,100
42400555110968,11:46:40.555,26.0400,300
42400555348368,11:46:40.555,26.0400,100
42400602169619,11:46:40.602,26.0400,14
42400602169619,11:46:40.602,26.0400,300
42400602169619,11:46:40.602,26.0400,100
42400602169619,11:46:40.602,26.0400,186
42401104717906,11:46:41.104,26.0500,100
42422075885457,11:47:02.075,26.0400,100
42422075885457,11:47:02.075,26.0400,100
42422075885457,11:47:02.075,26.0400,100
42422076216739,11:47:02.076,26.0400,20
42426751004638,11:47:06.751,26.0300,100
42447994974616,11:47:27.994,26.0500,100
42447994974616,11:47:27.994,26.0500,300
42447995357373,11:47:27.995,26.0500,100
42463252073130,11:47:43.252,26.0500,200
42464498592011,11:47:44.498,26.0600,41
42468627247237,11:47:48.627,26.0600,100
42495332278374,11:48:15.332,26.0500,100
42495332278374,11:48:15.332,26.0500,100
42495332278374,11:48:15.332,26.0500,14
42495332278374,11:48:15.332,26.0500,100
42495613576876,11:48:15.613,26.0500,97
42584385598835,11:49:44.385,26.0500,300
42584385598835,11:49:44.385,26.0500,100
42584385598835,11:49:44.385,26.0500,100
42584385598835,11:49:44.385,26.0500,100
42584385951112,11:49:44.385,26.0500,100
42584385951112,11:49:44.385,26.0500,200
42584385951112,11:49:44.385,26.0500,100
42584385951112,11:49:44.385,26.0500,100
42584385951112,11:49:44.385,26.0500,100
42584385951112,11:49:44.385,26.0500,100
42584385951112,11:49:44.385,26.0500,100
42584385951112,11:49:44.385,26.0500,100
42584386089491,11:49:44.386,26.0500,100
42626200130634,11:50:26.200,26.0500,100
42626200130634,11:50:26.200,26.0500,100
42626200130634,11:50:26.200,26.0500,100
42626200130634,11:50:26.200,26.0500,62
42626200805759,11:50:26.200,26.0500,138
42691523579107,11:51:31.523,26.0500,100
42691523579107,11:51:31.523,26.0500,100
42691523579107,11:51:31.523,26.0500,16
42691523579107,11:51:31.523,26.0500,100
42722054033397,11:52:02.054,26.0400,100
42722054033397,11:52:02.054,26.0400,1500
42722054033397,11:52:02.054,26.0400,93
42722054033397,11:52:02.054,26.0400,7
42722055286623,11:52:02.055,26.0400,93
42723485488759,11:52:03.485,26.0450,7
42736692390466,11:52:16.692,26.0400,100
42736692390466,11:52:16.692,26.0400,20
42736692390466,11:52:16.692,26.0400,100
42786371820534,11:53:06.371,26.0350,25
42790368903997,11:53:10.368,26.0400,100
42790369325056,11:53:10.369,26.0400,100
42790369984628,11:53:10.369,26.0400,59
42790835884502,11:53:10.835,26.0400,41
42790835884502,11:53:10.835,26.0400,59
42813866753958,11:53:33.866,26.0450,100
42813866753958,11:53:33.866,26.0400,100
42813866753958,11:53:33.866,26.0400,100
42825066949295,11:53:45.066,26.0500,100
42825066949295,11:53:45.066,26.0500,100
42825066949295,11:53:45.066,26.0500,90
42842330872917,11:54:02.330,26.0600,100
42842330872917,11:54:02.330,26.0600,100
42876070466612,11:54:36.070,26.0500,19
42876070466612,11:54:36.070,26.0500,100
42876070466612,11:54:36.070,26.0500,100
42876070466612,11:54:36.070,26.0500,100
42883769956004,11:54:43.769,26.0400,53
42883769956004,11:54:43.769,26.0400,100
42900514834907,11:55:00.514,26.0400,100
42900514834907,11:55:00.514,26.0400,100
42912473169242,11:55:12.473,26.0450,8
42925900479121,11:55:25.900,26.0400,100
43058069884420,11:57:38.069,26.0400,9
43058069884420,11:57:38.069,26.0400,100
43058069884420,11:57:38.069,26.0400,191
43058069917119,11:57:38.069,26.0400,109
43058069917119,11:57:38.069,26.0400,100
43115761795801,11:58:35.761,26.0500,100
43115761795801,11:58:35.761,26.0500,100
43115761795801,11:58:35.761,26.0500,149
43115761795801,11:58:35.761,26.0500,16
43115761795801,11:58:35.761,26.0500,100
43115761795801,11:58:35.761,26.0500,100
43134514019966,11:58:54.514,26.0400,100
43194772973553,11:59:54.772,26.0400,300
43194772973553,11:59:54.772,26.0400,100
43194772973553,11:59:54.772,26.0400,100
43194775828523,11:59:54.775,26.0500,100
43313025143925,12:01:53.025,26.0600,60
43313025215840,12:01:53.025,26.0600,40
43313025215840,12:01:53.025,26.0600,100
43313025215840,12:01:53.025,26.0600,200
43313025215840,12:01:53.025,26.0600,100
43313030942725,12:01:53.030,26.0700,100
43313058927493,12:01:53.058,26.0800,100
43356671742488,12:02:36.671,26.0900,1
43381453361797,12:03:01.453,26.1000,100
43381453443665,12:03:01.453,26.1000,100
43381453443665,12:03:01.453,26.1000,100
43382078620093,12:03:02.078,26.1100,99
43382078653716,12:03:02.078,26.1100,1
43388201837433,12:03:08.201,26.1100,100
43388201837433,12:03:08.201,26.1100,100
43388201837433,12:03:08.201,26.1100,100
43388201837433,12:03:08.201,26.1100,100
43388201837433,12:03:08.201,26.1100,100
43388201837433,12:03:08.201,26.1100,100
43388201837433,12:03:08.201,26.1100,100
43388201837433,12:03:08.201,26.1100,88
43388201870438,12:03:08.201,26.1100,200
43388201870438,12:03:08.201,26.1100,100
43388201870438,12:03:08.201,26.1100,413
43388203167200,12:03:08.203,26.1100,500
43389076669648,12:03:09.076,26.1000,100
43389076669648,12:03:09.076,26.1000,100
43389076669648,12:03:09.076,26.1000,92
43389076669648,12:03:09.076,26.1000,100
43389076669648,12:03:09.076,26.1000,16
43406685996462,12:03:26.685,26.0900,100
43450011767580,12:04:10.011,26.0900,100
43450011767580,12:04:10.011,26.0900,100
43450011767580,12:04:10.011,26.0900,17
43450011767580,12:04:10.011,26.0900,100
43534059739695,12:05:34.059,26.0900,70
43534059958106,12:05:34.059,26.0900,30
43534059958106,12:05:34.059,26.0900,79
43534059958106,12:05:34.059,26.0900,100
43534059958106,12:05:34.059,26.0900,100
43534064710790,12:05:34.064,26.0950,100
43534064710790,12:05:34.064,26.0900,100
43534064710790,12:05:34.064,26.0900,100
43534064710790,12:05:34.064,26.0900,100
43534064710790,12:05:34.064,26.0900,200
43534064710790,12:05:34.064,26.0900,100
43534064710790,12:05:34.064,26.0900,90
43534064710790,12:05:34.064,26.0900,10
43534065327229,12:05:34.065,26.0900,1
43534070542560,12:05:34.070,26.0900,89
43622714935747,12:07:02.714,26.0900,100
43622714935747,12:07:02.714,26.0900,100
43624678098631,12:07:04.678,26.0950,90
43681616160200,12:08:01.616,26.1100,100
43681622091970,12:08:01.622,26.1100,100
43687584747379,12:08:07.584,26.1200,100
43687592332882,12:08:07.592,26.1200,100
43755738367727,12:09:15.738,26.1400,100
43764625873986,12:09:24.625,26.1400,100
43786686336859,12:09:46.686,26.1300,60
43786686544462,12:09:46.686,26.1350,200
43786686544462,12:09:46.686,26.1300,40
43786686544462,12:09:46.686,26.1300,100
43786686544462,12:09:46.686,26.1300,100
43786686544462,12:09:46.686,26.1300,14
43786686686210,12:09:46.686,26.1300,100
43786686686210,12:09:46.686,26.1300,100
43793258140829,12:09:53.258,26.1400,100
43793258140829,12:09:53.258,26.1400,100
43793258140829,12:09:53.258,26.1400,79
43868011348788,12:11:08.011,26.1400,300
43868011348788,12:11:08.011,26.1400,10
43868011348788,12:11:08.011,26.1400,100
43868011348788,12:11:08.011,26.1400,100
43868011348788,12:11:08.011,26.1400,100
43868011348788,12:11:08.011,26.1400,100
43868011721961,12:11:08.011,26.1400,400
43868011783437,12:11:08.011,26.1400,100
43930171153968,12:12:10.171,26.1500,15
43930171178759,12:12:10.171,26.1500,85
43931240845644,12:12:11.240,26.1600,600
43932699379155,12:12:12.699,26.1600,100
43932699379155,12:12:12.699,26.1600,100
43932699379155,12:12:12.699,26.1600,100
43932699379155,12:12:12.699,26.1600,100
43953031590497,12:12:33.031,26.1500,10
43953031590497,12:12:33.031,26.1500,5
43953032130224,12:12:33.032,26.1500,95
43953045853842,12:12:33.045,26.1500,100
43953045853842,12:12:33.045,26.1500,2
43953045889929,12:12:33.045,26.1500,13
43953045889929,12:12:33.045,26.1500,100
43953045889929,12:12:33.045,26.1500,100
43953045889929,12:12:33.045,26.1500,600
43962398834666,12:12:42.398,26.1600,600
43962403599978,12:12:42.403,26.1650,100
43962403599978,12:12:42.403,26.1600,200
43962403599978,12:12:42.403,26.1600,13
43962403599978,12:12:42.403,26.1600,100
43962403599978,12:12:42.403,26.1600,200
43962403599978,12:12:42.403,26.1600,387
43994421602870,12:13:14.421,26.1500,100
43994421602870,12:13:14.421,26.1500,200
43994421602870,12:13:14.421,26.1500,100
43994422099755,12:13:14.422,26.1500,400
43994422099755,12:13:14.422,26.1500,100
43994422099755,12:13:14.422,26.1500,100
43994424172630,12:13:14.424,26.1500,100
44110318210192,12:15:10.318,26.1400,100
44110318210192,12:15:10.318,26.1400,213
44110318210192,12:15:10.318,26.1400,100
44110318210192,12:15:10.318,26.1400,100
44110318210192,12:15:10.318,26.1400,6
44110318210192,12:15:10.318,26.1400,100
44110318210192,12:15:10.318,26.1400,10
44110318210192,12:15:10.318,26.1400,100
44127578053754,12:15:27.578,26.1400,100
44130947623207,12:15:30.947,26.1400,200
44130947660328,12:15:30.947,26.1400,100
44153086689221,12:15:53.086,26.1400,100
44153086689221,12:15:53.086,26.1400,100
44153086689221,12:15:53.086,26.1400,100
44163326791250,12:16:03.326,26.1500,300
44163326791250,12:16:03.326,26.1500,100
44206368845514,12:16:46.368,26.1600,400
44243462611695,12:17:23.462,26.1650,100
44255442800028,12:17:35.442,26.1650,100
44257282633550,12:17:37.282,26.1700,2
44266502178106,12:17:46.502,26.1700,298
44266502178106,12:17:46.502,26.1700,2
44296544106985,12:18:16.544,26.1700,98
44296544106985,12:18:16.544,26.1700,2
44318072988394,12:18:38.072,26.1800,1
44318073019686,12:18:38.073,26.1800,99
44318073019686,12:18:38.073,26.1800,100
44318073019686,12:18:38.073,26.1800,100
44318073019686,12:18:38.073,26.1800,100
44318073019686,12:18:38.073,26.1800,200
44318073019686,12:18:38.073,26.1800,105
44318076023914,12:18:38.076,26.1750,100
44320764390441,12:18:40.764,26.1750,66
44320764390441,12:18:40.764,26.1700,100
44320764390441,12:18:40.764,26.1700,100
44320764390441,12:18:40.764,26.1700,8
44320764390441,12:18:40.764,26.1700,100
44320764390441,12:18:40.764,26.1700,100
44320764390441,12:18:40.764,26.1700,34
44320764404999,12:18:40.764,26.1700,66
44320764404999,12:18:40.764,26.1700,5
44327658610203,12:18:47.658,26.1700,162
44327658639742,12:18:47.658,26.1700,38
44335083886698,12:18:55.083,26.1600,100
44335083886698,12:18:55.083,26.1600,100
44335083886698,12:18:55.083,26.1600,100
44335083886698,12:18:55.083,26.1600,100
44335083886698,12:18:55.083,26.1600,100
44335083886698,12:18:55.083,26.1600,100
44391221607931,12:19:51.221,26.1600,100
44391221607931,12:19:51.221,26.1600,100
44391221607931,12:19:51.221,26.1600,100
44391221607931,12:19:51.221,26.1600,100
44394224023795,12:19:54.224,26.1500,300
44394224023795,12:19:54.224,26.1500,100
44394224023795,12:19:54.224,26.1500,100
44394224023795,12:19:54.224,26.1500,100
44394224023795,12:19:54.224,26.1500,200
44394224464412,12:19:54.224,26.1500,300
44394224464412,12:19:54.224,26.1500,100
44531521261024,12:22:11.521,26.1550,400
44549239110336,12:22:29.239,26.1500,300
44549239110336,12:22:29.239,26.1500,200
44549239110336,12:22:29.239,26.1500,100
44549239110336,12:22:29.239,26.1500,100
44549239110336,12:22:29.239,26.1500,300
44549239110336,12:22:29.239,26.1500,100
44549239110336,12:22:29.239,26.1500,7
44549239110336,12:22:29.239,26.1500,100
44549239110336,12:22:29.239,26.1500,100
44550209732727,12:22:30.209,26.1400,100
44631687413205,12:23:51.687,26.1400,500
44631687413205,12:23:51.687,26.1400,200
44631687413205,12:23:51.687,26.1400,100
44631687413205,12:23:51.687,26.1400,100
44631687413205,12:23:51.687,26.1400,100
44631687413205,12:23:51.687,26.1400,100
44631687413205,12:23:51.687,26.1400,100
44639366509863,12:23:59.366,26.1300,200
44639525866352,12:23:59.525,26.1300,65
44639529244903,12:23:59.529,26.1300,35
44640837867679,12:24:00.837,26.1300,100
44640837867679,12:24:00.837,26.1300,100
44640837867679,12:24:00.837,26.1300,100
44654718566037,12:24:14.718,26.1400,100
44654718591394,12:24:14.718,26.1400,100
44654718591394,12:24:14.718,26.1400,100
44668289862190,12:24:28.289,26.1500,100
44668289862190,12:24:28.289,26.1500,100
44707035174532,12:25:07.035,26.1600,100
44707035174532,12:25:07.035,26.1600,100
44707861425227,12:25:07.861,26.1600,100
44719613683820,12:25:19.613,26.1550,100
44719613683820,12:25:19.613,26.1550,400
44719613683820,12:25:19.613,26.1500,300
44719613683820,12:25:19.613,26.1500,100
44738169485476,12:25:38.169,26.1500,100
44738169485476,12:25:38.169,26.1500,100
44738169485476,12:25:38.169,26.1500,100
44739078303120,12:25:39.078,26.1500,70
44739078408651,12:25:39.078,26.1500,30
44773444359330,12:26:13.444,26.1500,100
44773444359330,12:26:13.444,26.1500,100
44773444359330,12:26:13.444,26.1500,100
44776440096692,12:26:16.440,26.1500,100
44814441536885,12:26:54.441,26.1500,100
44834860166781,12:27:14.860,26.1500,100
44834914865531,12:27:14.914,26.1400,100
44834914865531,12:27:14.914,26.1400,100
44834915242421,12:27:14.915,26.1400,100
44834915266674,12:27:14.915,26.1400,100
44835017048637,12:27:15.017,26.1400,16
44835017048637,12:27:15.017,26.1400,200
44835017048637,12:27:15.017,26.1400,114
44835017048637,12:27:15.017,26.1400,100
44835017048637,12:27:15.017,26.1400,100
44855283979778,12:27:35.283,26.1500,1
44855283979778,12:27:35.283,26.1500,200
44863080250150,12:27:43.080,26.1600,100
44885995986817,12:28:05.995,26.1700,3
44916563517894,12:28:36.563,26.1700,100
44916563517894,12:28:36.563,26.1700,100
44916563517894,12:28:36.563,26.1700,9
44916563517894,12:28:36.563,26.1700,100
44916563517894,12:28:36.563,26.1700,91
44916563984437,12:28:36.563,26.1700,81
44916563984437,12:28:36.563,26.1700,19
44916563991838,12:28:36.563,26.1700,81
44943706052182,12:29:03.706,26.1600,100
44982333820754,12:29:42.333,26.1700,100
44982333820754,12:29:42.333,26.1700,100
45008317334478,12:30:08.317,26.1700,100
45008317334478,12:30:08.317,26.1700,100
45008317334478,12:30:08.317,26.1700,100
45008317334478,12:30:08.317,26.1700,100
45034252129520,12:30:34.252,26.1700,100
45034252129520,12:30:34.252,26.1700,100
45034252129520,12:30:34.252,26.1700,200
45068006511115,12:31:08.006,26.1600,100
45068006511115,12:31:08.006,26.1600,100
45068006511115,12:31:08.006,26.1600,100
45090163086946,12:31:30.163,26.1600,100
45090163086946,12:31:30.163,26.1600,100
45186705945612,12:33:06.705,26.1600,748
45186705945612,12:33:06.705,26.1600,1
45186705945612,12:33:06.705,26.1600,100
45186705945612,12:33:06.705,26.1600,100
45186705945612,12:33:06.705,26.1600,93
45186705978853,12:33:06.705,26.1600,7
45215145066351,12:33:35.145,26.1500,1
45268843948291,12:34:28.843,26.1450,58
45275572819460,12:34:35.572,26.1450,400
45288092133653,12:34:48.092,26.1400,100
45288092133653,12:34:48.092,26.1400,100
45288092133653,12:34:48.092,26.1400,4
45288092133653,12:34:48.092,26.1400,100
45288092133653,12:34:48.092,26.1400,100
45288092557843,12:34:48.092,26.1400,300
45317135794493,12:35:17.135,26.1300,100
45317136175597,12:35:17.136,26.1300,300
45317136265192,12:35:17.136,26.1300,70
45317137393476,12:35:17.137,26.1300,30
45317181414290,12:35:17.181,26.1300,14
45317181414290,12:35:17.181,26.1300,100
45328135948009,12:35:28.135,26.1300,100
45328135948009,12:35:28.135,26.1300,200
45328135948009,12:35:28.135,26.1300,100
45328136499072,12:35:28.136,26.1300,70
45328136862758,12:35:28.136,26.1300,100
45328137161277,12:35:28.137,26.1300,30
45328137161277,12:35:28.137,26.1300,70
45328137213696,12:35:28.137,26.1300,30
45348386562403,12:35:48.386,26.1200,100
45403633148012,12:36:43.633,26.1300,100
45514118415111,12:38:34.118,26.1500,100
45531845754989,12:38:51.845,26.1500,100
45533283893356,12:38:53.283,26.1600,20
45533365589231,12:38:53.365,26.1600,100
45533365589231,12:38:53.365,26.1600,100
45533365589231,12:38:53.365,26.1600,100
45540764254380,12:39:00.764,26.1500,100
45540764546765,12:39:00.764,26.1500,200
45540764546765,12:39:00.764,26.1500,100
45540764546765,12:39:00.764,26.1500,75
45540764646137,12:39:00.764,26.1500,25
45540764646137,12:39:00.764,26.1500,3
45540764646137,12:39:00.764,26.1500,72
45540764751747,12:39:00.764,26.1500,100
45540764914700,12:39:00.764,26.1500,28
45550239543875,12:39:10.239,26.1400,100
45560333749953,12:39:20.333,26.1400,300
45633542516026,12:40:33.542,26.1400,100
45633542672165,12:40:33.542,26.1400,200
45633542672165,12:40:33.542,26.1400,100
45633542672165,12:40:33.542,26.1400,100
45633542841573,12:40:33.542,26.1400,100
45643048496311,12:40:43.048,26.1400,100
45643048496311,12:40:43.048,26.1400,2
45643048496311,12:40:43.048,26.1400,100
45643048496311,12:40:43.048,26.1400,100
45643048496311,12:40:43.048,26.1400,98
45643048682503,12:40:43.048,26.1400,2
45649096507189,12:40:49.096,26.1500,100
45649096515424,12:40:49.096,26.1500,69
45706086010919,12:41:46.086,26.1500,32
45706086010919,12:41:46.086,26.1500,68
45706086087680,12:41:46.086,26.1500,32
45710908892935,12:41:50.908,26.1400,100
45710908892935,12:41:50.908,26.1400,100
45710908892935,12:41:50.908,26.1400,100
45728703365184,12:42:08.703,26.1300,10
45728703365184,12:42:08.703,26.1300,30
45728705083343,12:42:08.705,26.1300,2
45728706299456,12:42:08.706,26.1300,68
45728706299456,12:42:08.706,26.1300,1
45730310306589,12:42:10.310,26.1300,10
45792794882000,12:43:12.794,26.1400,100
45792794882000,12:43:12.794,26.1400,100
45830016386367,12:43:50.016,26.1500,100
45843968351806,12:44:03.968,26.1550,100
45843968351806,12:44:03.968,26.1500,201
45843968351806,12:44:03.968,26.1500,100
45843968351806,12:44:03.968,26.1500,99
45843968561676,12:44:03.968,26.1500,1
45843968561676,12:44:03.968,26.1500,100
45843968561676,12:44:03.968,26.1500,1
45871871897509,12:44:31.871,26.1500,100
45878437338243,12:44:38.437,26.1400,2
45878437338243,12:44:38.437,26.1400,100
45878437338243,12:44:38.437,26.1400,100
45878437338243,12:44:38.437,26.1400,100
45878437338243,12:44:38.437,26.1400,100
45899577439592,12:44:59.577,26.1300,400
45899577439592,12:44:59.577,26.1300,100
45899577439592,12:44:59.577,26.1300,100
46028715454808,12:47:08.715,26.1250,400
46199471912645,12:49:59.471,26.1300,100
46199471912645,12:49:59.471,26.1300,100
46200059195203,12:50:00.059,26.1400,98
46200215915525,12:50:00.215,26.1400,2
46267007690465,12:51:07.007,26.1600,100
46306862380751,12:51:46.862,26.1500,200
46306862380751,12:51:46.862,26.1500,100
46306862380751,12:51:46.862,26.1500,100
46306862380751,12:51:46.862,26.1500,4
46306862380751,12:51:46.862,26.1500,200
46389061067361,12:53:09.061,26.1400,200
46389061067361,12:53:09.061,26.1400,100
46389061067361,12:53:09.061,26.1400,4
46389061067361,12:53:09.061,26.1400,100
46389061067361,12:53:09.061,26.1400,100
46389061067361,12:53:09.061,26.1400,96
46389062185491,12:53:09.062,26.1400,4
46389062185491,12:53:09.062,26.1400,96
46389062590554,12:53:09.062,26.1400,4
46455929027904,12:54:15.929,26.1300,100
46455929027904,12:54:15.929,26.1300,100
46455929027904,12:54:15.929,26.1300,3
46457439833661,12:54:17.439,26.1300,100
46457439833661,12:54:17.439,26.1300,27
46457439902107,12:54:17.439,26.1300,73
46476741265457,12:54:36.741,26.1300,100
46476741265457,12:54:36.741,26.1300,200
46476741295202,12:54:36.741,26.1300,100
46476741295202,12:54:36.741,26.1300,200
46477227261744,12:54:37.227,26.1300,100
46524483991971,12:55:24.483,26.1300,60
46535461526257,12:55:35.461,26.1300,140
46535461526257,12:55:35.461,26.1300,100
46535461526257,12:55:35.461,26.1300,60
46535461588051,12:55:35.461,26.1300,40
46584009289767,12:56:24.009,26.1300,10
46647748658543,12:57:27.748,26.1300,90
46647748658543,12:57:27.748,26.1300,10
46673075019309,12:57:53.075,26.1200,3
46673075019309,12:57:53.075,26.1200,100
46673075019309,12:57:53.075,26.1200,100
46673075019309,12:57:53.075,26.1200,100
46673075019309,12:57:53.075,26.1200,100
46673075019309,12:57:53.075,26.1200,100
46673075019309,12:57:53.075,26.1200,5
46704395292356,12:58:24.395,26.1100,50
46704395292356,12:58:24.395,26.1100,50
46704398007689,12:58:24.398,26.1100,150
46704398007689,12:58:24.398,26.1100,1
46704398007689,12:58:24.398,26.1100,100
46704424489310,12:58:24.424,26.1100,93
46743900171302,12:59:03.900,26.1200,100
46743900255334,12:59:03.900,26.1200,100
46743900255334,12:59:03.900,26.1200,100
46743900255334,12:59:03.900,26.1200,100
46765789109628,12:59:25.789,26.1300,100
46766896951693,12:59:26.896,26.1300,200
46766896951693,12:59:26.896,26.1300,100
46766897005131,12:59:26.897,26.1300,100
46800035476675,13:00:00.035,26.1400,100
46815820506724,13:00:15.820,26.1500,100
46815820506724,13:00:15.820,26.1500,1
46845317253838,13:00:45.317,26.1500,800
46845317278723,13:00:45.317,26.1500,137
46845317278723,13:00:45.317,26.1500,48
46845317837421,13:00:45.317,26.1500,40
46845317864171,13:00:45.317,26.1500,12
46845317864171,13:00:45.317,26.1500,33
46845317864171,13:00:45.317,26.1500,100
46845317864171,13:00:45.317,26.1500,100
46893134168048,13:01:33.134,26.1400,100
46893134168048,13:01:33.134,26.1400,300
46893134168048,13:01:33.134,26.1400,100
46893134168048,13:01:33.134,26.1400,100
46893134168048,13:01:33.134,26.1400,100
46915308666423,13:01:55.308,26.1300,100
46915313965607,13:01:55.313,26.1300,100
46915313965607,13:01:55.313,26.1300,100
46915314732069,13:01:55.314,26.1300,100
46915316050461,13:01:55.316,26.1300,100
46975728138818,13:02:55.728,26.1300,200
46975728138818,13:02:55.728,26.1300,100
46975728138818,13:02:55.728,26.1300,100
46975728850334,13:02:55.728,26.1300,100
46975728850334,13:02:55.728,26.1300,40
46975730002596,13:02:55.730,26.1300,60
46975730002596,13:02:55.730,26.1300,100
46975730002596,13:02:55.730,26.1300,100
46975730002596,13:02:55.730,26.1300,100
46975730363265,13:02:55.730,26.1300,100
46975730616398,13:02:55.730,26.1300,53
46975730965097,13:02:55.730,26.1300,10
46982336762446,13:03:02.336,26.1300,137
46988749470214,13:03:08.749,26.1200,100
46988751449756,13:03:08.751,26.1250,100
46999534687758,13:03:19.534,26.1200,100
47064259403585,13:04:24.259,26.1300,100
47064259403585,13:04:24.259,26.1300,100
47064259403585,13:04:24.259,26.1300,100
47064259403585,13:04:24.259,26.1300,100
47064259403585,13:04:24.259,26.1300,2
47064259446404,13:04:24.259,26.1300,100
47064259873148,13:04:24.259,26.1300,86
47064259968834,13:04:24.259,26.1300,14
47095563460893,13:04:55.563,26.1300,300
47095563460893,13:04:55.563,26.1300,100
47095563460893,13:04:55.563,26.1300,100
47095563460893,13:04:55.563,26.1300,100
47116616265889,13:05:16.616,26.1400,62
47116616278989,13:05:16.616,26.1400,38
47116616278989,13:05:16.616,26.1400,62
47116616376678,13:05:16.616,26.1400,38
47116616376678,13:05:16.616,26.1400,200
47214166919052,13:06:54.166,26.1500,10
47214166919052,13:06:54.166,26.1500,10
47214166919052,13:06:54.166,26.1500,3
47310812728938,13:08:30.812,26.1600,3
47310817949721,13:08:30.817,26.1700,100
47310817949721,13:08:30.817,26.1700,200
47404307999570,13:10:04.307,26.1750,100
47589353594338,13:13:09.353,26.1700,400
47589353594338,13:13:09.353,26.1700,100
47589353594338,13:13:09.353,26.1700,100
47589353631268,13:13:09.353,26.1700,100
47589354005050,13:13:09.354,26.1700,100
47589359562994,13:13:09.359,26.1700,400
47589359562994,13:13:09.359,26.1700,100
47589359562994,13:13:09.359,26.1700,200
47589359562994,13:13:09.359,26.1700,100
47589359562994,13:13:09.359,26.1700,100
47589359562994,13:13:09.359,26.1700,200
47589360077667,13:13:09.360,26.1700,99
47592152238542,13:13:12.152,26.1800,100
47592152238542,13:13:12.152,26.1800,5
47592154468770,13:13:12.154,26.1800,500
47592154468770,13:13:12.154,26.1800,18
47592154468770,13:13:12.154,26.1800,100
47592154468770,13:13:12.154,26.1800,100
47592154468770,13:13:12.154,26.1800,52
47605038262541,13:13:25.038,26.1800,170
47605038306944,13:13:25.038,26.1800,30
47605038306944,13:13:25.038,26.1800,10
47605038306944,13:13:25.038,26.1800,100
47705233584690,13:15:05.233,26.1700,99
47705234001708,13:15:05.234,26.1700,101
47705234001708,13:15:05.234,26.1700,100
47705234001708,13:15:05.234,26.1700,100
47705234001708,13:15:05.234,26.1700,100
47705234001708,13:15:05.234,26.1700,100
47705234001708,13:15:05.234,26.1700,100
47705235281238,13:15:05.235,26.1650,60
47705244000900,13:15:05.244,26.1700,15
47705244000900,13:15:05.244,26.1700,100
47705244000900,13:15:05.244,26.1700,100
47705244000900,13:15:05.244,26.1700,100
47705244000900,13:15:05.244,26.1700,100
47705244000900,13:15:05.244,26.1700,100
47705244000900,13:15:05.244,26.1700,100
47705244000900,13:15:05.244,26.1700,100
47705244000900,13:15:05.244,26.1700,385
47705244124184,13:15:05.244,26.1700,15
47705244124184,13:15:05.244,26.1700,100
47737102110759,13:15:37.102,26.1800,100
47737102110759,13:15:37.102,26.1800,200
47737102176168,13:15:37.102,26.1800,100
47737102190941,13:15:37.102,26.1800,400
47737102190941,13:15:37.102,26.1800,9
47756135605204,13:15:56.135,26.1900,10
47756135605204,13:15:56.135,26.1900,10
47756135605204,13:15:56.135,26.1900,100
47756135605204,13:15:56.135,26.1900,700
47756135605204,13:15:56.135,26.1900,100
47756135605204,13:15:56.135,26.1900,100
47756135605204,13:15:56.135,26.1900,100
47756135605204,13:15:56.135,26.1900,80
47771059530002,13:16:11.059,26.1900,100
47771059530002,13:16:11.059,26.1900,100
47771059530002,13:16:11.059,26.1900,100
47771059530002,13:16:11.059,26.1900,100
47771059530002,13:16:11.059,26.1900,200
47771059530002,13:16:11.059,26.1900,100
47771059564339,13:16:11.059,26.1900,29
47771060238229,13:16:11.060,26.1900,100
47771060238229,13:16:11.060,26.1900,200
47771060238229,13:16:11.060,26.1900,100
47771060238229,13:16:11.060,26.1900,100
47771060238229,13:16:11.060,26.1900,400
47771060238229,13:16:11.060,26.1900,200
47771060238229,13:16:11.060,26.1900,104
47771060238229,13:16:11.060,26.1900,100
47783422822994,13:16:23.422,26.1900,100
47790736910828,13:16:30.736,26.1800,100
47790736956745,13:16:30.736,26.1800,5
47838379409742,13:17:18.379,26.1700,200
47838379409742,13:17:18.379,26.1700,100
47838379409742,13:17:18.379,26.1700,100
47838379409742,13:17:18.379,26.1700,200
47838379438769,13:17:18.379,26.1700,25
47838386965610,13:17:18.386,26.1700,500
47838386965610,13:17:18.386,26.1700,15
47838386965610,13:17:18.386,26.1700,100
47838386965610,13:17:18.386,26.1700,100
47838386965610,13:17:18.386,26.1700,107
47838386965610,13:17:18.386,26.1700,100
47838386965610,13:17:18.386,26.1700,100
47838386965610,13:17:18.386,26.1700,100
47838414458788,13:17:18.414,26.1700,300
47838414458788,13:17:18.414,26.1700,100
47838414458788,13:17:18.414,26.1700,16
47838414458788,13:17:18.414,26.1700,300
47838414458788,13:17:18.414,26.1700,200
47838414458788,13:17:18.414,26.1700,84
47879973380031,13:17:59.973,26.1600,196
47882628439442,13:18:02.628,26.1600,100
47882628493130,13:18:02.628,26.1600,100
47882628493130,13:18:02.628,26.1600,100
47882628493130,13:18:02.628,26.1600,100
47922347613609,13:18:42.347,26.1300,100
47922347692053,13:18:42.347,26.1300,1
47922347843875,13:18:42.347,26.1300,8
47994303153487,13:19:54.303,26.1200,100
47994303153487,13:19:54.303,26.1200,100
47994303179856,13:19:54.303,26.1200,2
47994303184794,13:19:54.303,26.1200,98
47994303184794,13:19:54.303,26.1200,100
48019617068757,13:20:19.617,26.1100,23
48019617068757,13:20:19.617,26.1100,100
48019617068757,13:20:19.617,26.1100,100
48019617068757,13:20:19.617,26.1100,2
48019617068757,13:20:19.617,26.1100,100
48019617107180,13:20:19.617,26.1100,100
48034210511437,13:20:34.210,26.1100,100
48045699067442,13:20:45.699,26.1100,5
48045699067442,13:20:45.699,26.1100,95
48045699069452,13:20:45.699,26.1100,5
48045699069452,13:20:45.699,26.1100,95
48045699144743,13:20:45.699,26.1100,5
48045841071101,13:20:45.841,26.1000,40
48045868867533,13:20:45.868,26.1000,60
48045868867533,13:20:45.868,26.1000,65
48045868922302,13:20:45.868,26.1000,35
48046041670061,13:20:46.041,26.1000,15
48046041670061,13:20:46.041,26.1000,85
48132184569618,13:22:12.184,26.1100,100
48132184569618,13:22:12.184,26.1100,26
48132184569618,13:22:12.184,26.1100,100
48132184569618,13:22:12.184,26.1100,74
48132184569618,13:22:12.184,26.1100,100
48132184674738,13:22:12.184,26.1100,2
48132184738582,13:22:12.184,26.1100,100
48132184888760,13:22:12.184,26.1100,100
48132574995740,13:22:12.574,26.1100,100
48132575037943,13:22:12.575,26.1100,200
48132575037943,13:22:12.575,26.1100,101
48133022124889,13:22:13.022,26.1100,74
48133022124889,13:22:13.022,26.1100,100
48133022124889,13:22:13.022,26.1100,26
48133023021359,13:22:13.023,26.1100,100
48133024398302,13:22:13.024,26.1100,100
48134272171702,13:22:14.272,26.1100,70
48137396407567,13:22:17.396,26.1000,100
48137398653852,13:22:17.398,26.1000,100
48137398935805,13:22:17.398,26.1000,78
48137399007006,13:22:17.399,26.1000,22
48143611785080,13:22:23.611,26.0900,100
48143611785080,13:22:23.611,26.0900,100
48151558905850,13:22:31.558,26.0900,21
48151559128611,13:22:31.559,26.0900,100
48176890054960,13:22:56.890,26.0800,82
48176890102526,13:22:56.890,26.0800,18
48176890102526,13:22:56.890,26.0800,100
48199286277348,13:23:19.286,26.0800,31
48223597943331,13:23:43.597,26.0900,100
48242951967704,13:24:02.951,26.0900,100
48242951974640,13:24:02.951,26.0900,100
48305646275028,13:25:05.646,26.0900,1
48305646275028,13:25:05.646,26.0900,100
48305646275028,13:25:05.646,26.0900,100
48305646275028,13:25:05.646,26.0900,199
48316260661870,13:25:16.260,26.0900,100
48323513948897,13:25:23.513,26.0900,32
48330554625100,13:25:30.554,26.0900,100
48331318522142,13:25:31.318,26.0900,1
48331318522142,13:25:31.318,26.0900,100
48383463403435,13:26:23.463,26.0800,49
48383463403435,13:26:23.463,26.0800,51
48420693090940,13:27:00.693,26.0800,49
48420693090940,13:27:00.693,26.0800,51
48420693090940,13:27:00.693,26.0800,100
48420693090940,13:27:00.693,26.0800,100
48423899213631,13:27:03.899,26.0700,70
48436044690096,13:27:16.044,26.0700,1
48436044690096,13:27:16.044,26.0700,99
48436044721123,13:27:16.044,26.0700,93
48463785594375,13:27:43.785,26.0800,100
48463785594375,13:27:43.785,26.0800,100
48463785594375,13:27:43.785,26.0800,100
48463785627070,13:27:43.785,26.0800,192
48488539391797,13:28:08.539,26.0800,99
48488539391797,13:28:08.539,26.0800,100
48488539391797,13:28:08.539,26.0800,186
48497659681711,13:28:17.659,26.0700,100
48497659681711,13:28:17.659,26.0700,30
48503191055920,13:28:23.191,26.0600,100
48503191055920,13:28:23.191,26.0600,100
48515275788571,13:28:35.275,26.0500,100
48548753276219,13:29:08.753,26.0600,100
48548753276219,13:29:08.753,26.0600,2
48568592638321,13:29:28.592,26.0700,100
48610090299105,13:30:10.090,26.0800,100
48610090299105,13:30:10.090,26.0800,100
48610090299105,13:30:10.090,26.0800,100
48610090299105,13:30:10.090,26.0800,1
48628148488841,13:30:28.148,26.0900,70
48628148656236,13:30:28.148,26.0900,130
48652393796768,13:30:52.393,26.0800,100
48652393796768,13:30:52.393,26.0800,100
48652393796768,13:30:52.393,26.0800,100
48652394140803,13:30:52.394,26.0800,100
48652394679743,13:30:52.394,26.0800,100
48659960947482,13:30:59.960,26.0800,100
48659960947482,13:30:59.960,26.0800,86
48722035961395,13:32:02.035,26.0800,62
48722035961395,13:32:02.035,26.0800,38
48722035961395,13:32:02.035,26.0800,100
48792856698530,13:33:12.856,26.0850,100
48820136352882,13:33:40.136,26.0800,100
48820136352882,13:33:40.136,26.0800,100
48820136352882,13:33:40.136,26.0800,100
48844615304060,13:34:04.615,26.0700,100
48844615304060,13:34:04.615,26.0700,3
48861994120511,13:34:21.994,26.0600,100
48867945174531,13:34:27.945,26.0600,100
48875214889647,13:34:35.214,26.0600,100
48904945761671,13:35:04.945,26.0500,40
48904946310228,13:35:04.946,26.0500,2
48904946407948,13:35:04.946,26.0500,58
48947865275785,13:35:47.865,26.0600,100
48947865275785,13:35:47.865,26.0600,100
48973563902239,13:36:13.563,26.0700,100
48973563902239,13:36:13.563,26.0700,1
48980174076432,13:36:20.174,26.0700,100
48980174076432,13:36:20.174,26.0700,100
49079264316476,13:37:59.264,26.0800,20
49079264316476,13:37:59.264,26.0800,80
49080042426821,13:38:00.042,26.0800,100
49080042426821,13:38:00.042,26.0800,100
49117107956438,13:38:37.107,26.0800,100
49117107956438,13:38:37.107,26.0800,100
49117108201565,13:38:37.108,26.0800,100
49117108202860,13:38:37.108,26.0800,100
49144120453437,13:39:04.120,26.0700,100
49144120453437,13:39:04.120,26.0700,100
49144120453437,13:39:04.120,26.0700,100
49151743227209,13:39:11.743,26.0600,49
49151743227209,13:39:11.743,26.0600,51
49182458217370,13:39:42.458,26.0600,49
49208287414119,13:40:08.287,26.0450,100
49211297940216,13:40:11.297,26.0500,29
49211297966542,13:40:11.297,26.0500,71
49211297966542,13:40:11.297,26.0500,100
49232476828358,13:40:32.476,26.0600,100
49232476828358,13:40:32.476,26.0600,100
49235024805925,13:40:35.024,26.0700,100
49235024805925,13:40:35.024,26.0700,100
49235024805925,13:40:35.024,26.0700,100
49264157297894,13:41:04.157,26.0800,100
49264157297894,13:41:04.157,26.0800,100
49264157297894,13:41:04.157,26.0800,100
49264157356192,13:41:04.157,26.0800,8
49264157356192,13:41:04.157,26.0800,92
49264157398783,13:41:04.157,26.0800,8
49264157398783,13:41:04.157,26.0800,92
49264157401528,13:41:04.157,26.0800,8
49303547821586,13:41:43.547,26.0900,100
49303547853070,13:41:43.547,26.0900,30
49303547853070,13:41:43.547,26.0900,100
49303547853070,13:41:43.547,26.0900,20
49303547853070,13:41:43.547,26.0900,58
49303547853070,13:41:43.547,26.0900,22
49334354212110,13:42:14.354,26.0900,100
49334354212110,13:42:14.354,26.0900,100
49334354212110,13:42:14.354,26.0900,100
49334354212110,13:42:14.354,26.0900,89
49334354250541,13:42:14.354,26.0900,11
49334354250541,13:42:14.354,26.0900,100
49338304100739,13:42:18.304,26.0800,170
49338321903561,13:42:18.321,26.0800,30
49338321903561,13:42:18.321,26.0800,100
49338321903561,13:42:18.321,26.0800,100
49348527231509,13:42:28.527,26.0800,40
49350099890911,13:42:30.099,26.0800,20
49396260931429,13:43:16.260,26.0800,40
49396260931429,13:43:16.260,26.0800,4
49413355775509,13:43:33.355,26.0900,70
49413355883539,13:43:33.355,26.0900,30
49447443922849,13:44:07.443,26.0900,100
49447443922849,13:44:07.443,26.0900,4
49454142025976,13:44:14.142,26.1000,23
49454142206304,13:44:14.142,26.1000,77
49455200004099,13:44:15.200,26.1000,100
49455200004099,13:44:15.200,26.1000,100
49455200004099,13:44:15.200,26.1000,10
49455200004099,13:44:15.200,26.1000,200
49455200004099,13:44:15.200,26.1000,200
49455200004099,13:44:15.200,26.1000,200
49460629688764,13:44:20.629,26.0900,100
49460629688764,13:44:20.629,26.0900,43
49460630357794,13:44:20.630,26.0900,57
49461483263448,13:44:21.483,26.0900,100
49466206409072,13:44:26.206,26.0900,100
49466206409072,13:44:26.206,26.0900,100
49466206409072,13:44:26.206,26.0900,100
49466206409072,13:44:26.206,26.0900,101
49466206409072,13:44:26.206,26.0900,200
49466206409072,13:44:26.206,26.0900,100
49466206409072,13:44:26.206,26.0900,100
49466206409072,13:44:26.206,26.0900,100
49470114271454,13:44:30.114,26.0800,100
49470171066171,13:44:30.171,26.0800,33
49510386995774,13:45:10.386,26.0700,100
49524433805232,13:45:24.433,26.0600,100
49576515234924,13:46:16.515,26.0600,100
49576515234924,13:46:16.515,26.0600,100
49623461653836,13:47:03.461,26.0700,100
49623461653836,13:47:03.461,26.0700,100
49623461653836,13:47:03.461,26.0700,100
49623461653836,13:47:03.461,26.0700,4
49623461653836,13:47:03.461,26.0700,100
49623461653836,13:47:03.461,26.0700,100
49623461653836,13:47:03.461,26.0700,100
49623463578037,13:47:03.463,26.0600,400
49623463578037,13:47:03.463,26.0600,200
49623463578037,13:47:03.463,26.0600,100
49623463578037,13:47:03.463,26.0600,100
49623463578037,13:47:03.463,26.0600,100
49623463578037,13:47:03.463,26.0600,100
49623463578037,13:47:03.463,26.0600,100
49623463578037,13:47:03.463,26.0600,100
49633090416843,13:47:13.090,26.0500,100
49633090416843,13:47:13.090,26.0500,100
49633090416843,13:47:13.090,26.0500,100
49638586724751,13:47:18.586,26.0300,100
49638586724751,13:47:18.586,26.0300,100
49638586724751,13:47:18.586,26.0300,100
49638586724751,13:47:18.586,26.0300,14
49642442727445,13:47:22.442,26.0300,100
49643531228104,13:47:23.531,26.0300,400
49643531228104,13:47:23.531,26.0300,100
49643531228104,13:47:23.531,26.0300,100
49643531228104,13:47:23.531,26.0300,100
49643531228104,13:47:23.531,26.0300,100
49647018763809,13:47:27.018,26.0200,100
49672033873787,13:47:52.033,26.0200,100
49719159413303,13:48:39.159,26.0200,100
49719159413303,13:48:39.159,26.0200,100
49719159413303,13:48:39.159,26.0200,100
49719162001698,13:48:39.162,26.0200,100
49719162001698,13:48:39.162,26.0200,100
49719162001698,13:48:39.162,26.0200,100
49722286482344,13:48:42.286,26.0200,100
49722286482344,13:48:42.286,26.0200,200
49723095407123,13:48:43.095,26.0100,100
49723095407123,13:48:43.095,26.0100,100
49723095407123,13:48:43.095,26.0100,8
49723095407123,13:48:43.095,26.0100,100
49723095407123,13:48:43.095,26.0100,100
49723095407123,13:48:43.095,26.0100,100
49766360735378,13:49:26.360,26.0000,4
49766360735378,13:49:26.360,26.0000,100
49766360735378,13:49:26.360,26.0000,100
49766376880032,13:49:26.376,26.0000,200
49766376880032,13:49:26.376,26.0000,100
49766376880032,13:49:26.376,26.0000,100
49766376880032,13:49:26.376,26.0000,400
49766376880032,13:49:26.376,26.0000,95
49766376880032,13:49:26.376,26.0000,200
49766376880032,13:49:26.376,26.0000,100
49766376880032,13:49:26.376,26.0000,5
49766377501443,13:49:26.377,26.0000,15
49766377562687,13:49:26.377,26.0000,3
49766379372592,13:49:26.379,26.0000,77
