timestamp,time,price,volume
34200809114988,09:30:00.809,0.0000,0
34267234509152,09:31:07.234,26.2700,15
34437883650948,09:33:57.883,26.3400,65
34437883662319,09:33:57.883,26.3400,135
34437883662319,09:33:57.883,26.3400,58
34437884159710,09:33:57.884,26.3400,42
34437943740293,09:33:57.943,26.3400,100
34438893142200,09:33:58.893,26.3400,100
34440935601226,09:34:00.935,26.3300,100
34440935601226,09:34:00.935,26.3300,200
34441012002758,09:34:01.012,26.3200,100
34447336329248,09:34:07.336,26.3300,100
34481498395073,09:34:41.498,26.3400,81
34483669007922,09:34:43.669,26.3400,3
34486202187869,09:34:46.202,26.3500,100
34489448406902,09:34:49.448,26.3400,100
34489448406902,09:34:49.448,26.3400,100
34489472616455,09:34:49.472,26.3500,100
34489472633782,09:34:49.472,26.3500,100
34489538005131,09:34:49.538,26.3500,100
34494451604076,09:34:54.451,26.3500,100
34516336457168,09:35:16.336,26.3600,100
34516336457168,09:35:16.336,26.3600,3
34516374169364,09:35:16.374,26.3700,3
34531205615923,09:35:31.205,26.3700,100
34537384027801,09:35:37.384,26.3600,68
34547313066469,09:35:47.313,26.3500,100
34547751887231,09:35:47.751,26.3400,100
34561397127201,09:36:01.397,26.3300,100
34561397152519,09:36:01.397,26.3200,100
34561397152519,09:36:01.397,26.3200,60
34561397155681,09:36:01.397,26.3200,40
34561397389281,09:36:01.397,26.3200,40
34561600641590,09:36:01.600,26.3100,100
34561600641590,09:36:01.600,26.3100,100
34565989696707,09:36:05.989,26.3100,100
34565995727058,09:36:05.995,26.3200,8
34584144160864,09:36:24.144,26.3100,24
34586543281833,09:36:26.543,26.3000,100
34587544061914,09:36:27.544,26.3000,100
34593883288028,09:36:33.883,26.3100,100
34595711289531,09:36:35.711,26.3200,100
34606633487418,09:36:46.633,26.2900,200
34606633487418,09:36:46.633,26.2900,100
34606635621239,09:36:46.635,26.2900,100
34606635621239,09:36:46.635,26.2900,100
34606635621239,09:36:46.635,26.2900,100
34606891650309,09:36:46.891,26.3000,600
34606892049552,09:36:46.892,26.3000,100
34606892049552,09:36:46.892,26.3000,100
34606892049552,09:36:46.892,26.3000,200
34606892049552,09:36:46.892,26.3000,100
34606892049552,09:36:46.892,26.3000,100
34606892049552,09:36:46.892,26.3000,100
34607464609411,09:36:47.464,26.3000,100
34613729792503,09:36:53.729,26.3000,100
34613744834194,09:36:53.744,26.3000,100
34613744834194,09:36:53.744,26.3000,100
34613744834194,09:36:53.744,26.3000,100
34615835807172,09:36:55.835,26.3000,100
34615836975389,09:36:55.836,26.3000,100
34623266891855,09:37:03.266,26.2900,100
34623266891855,09:37:03.266,26.2900,100
34623266891855,09:37:03.266,26.2900,25
34650028024294,09:37:30.028,26.2900,1
34650028024294,09:37:30.028,26.2900,100
34650028024294,09:37:30.028,26.2900,1
34650028050129,09:37:30.028,26.2900,99
34693075843377,09:38:13.075,26.3000,100
34693075843377,09:38:13.075,26.3000,100
34701330563998,09:38:21.330,26.2900,100
34711746211973,09:38:31.746,26.2900,100
34716984901987,09:38:36.984,26.3000,100
34747514836612,09:39:07.514,26.2800,100
34751120035610,09:39:11.120,26.2800,100
34775034510440,09:39:35.034,26.2600,100
34776394964541,09:39:36.394,26.2600,100
34789268451480,09:39:49.268,26.2600,100
34789268451480,09:39:49.268,26.2600,100
34789724973401,09:39:49.724,26.2600,100
34789724973401,09:39:49.724,26.2600,100
34796630160266,09:39:56.630,26.2600,93
34796630648995,09:39:56.630,26.2600,7
34796630648995,09:39:56.630,26.2600,100
34808727613526,09:40:08.727,26.2600,100
34810074297359,09:40:10.074,26.2600,100
34811175055854,09:40:11.175,26.2700,3
34812804311273,09:40:12.804,26.2700,100
34812804767308,09:40:12.804,26.2700,100
34816346809020,09:40:16.346,26.2700,100
34816346809020,09:40:16.346,26.2700,100
34817213650736,09:40:17.213,26.2700,100
34817213650736,09:40:17.213,26.2700,100
34867388988421,09:41:07.388,26.2900,100
34892094209598,09:41:32.094,26.3100,100
34912863694352,09:41:52.863,26.3300,100
34926215482674,09:42:06.215,26.3300,100
34926337972378,09:42:06.337,26.3400,100
34926915134844,09:42:06.915,26.3400,100
34926915134844,09:42:06.915,26.3400,100
34932703737521,09:42:12.703,26.3400,100
34932703737521,09:42:12.703,26.3400,100
34954445623704,09:42:34.445,26.3400,100
34967724212560,09:42:47.724,26.3400,100
34967724212560,09:42:47.724,26.3400,3
35020705440790,09:43:40.705,26.3600,100
35020705440790,09:43:40.705,26.3600,100
35044286310813,09:44:04.286,26.3700,100
35046145760354,09:44:06.145,26.3800,100
35047321675576,09:44:07.321,26.3900,3
35047802976333,09:44:07.802,26.3900,100
35047812558916,09:44:07.812,26.3900,88
35061166617344,09:44:21.166,26.4000,15
35061166625245,09:44:21.166,26.4000,85
35072238046581,09:44:32.238,26.4000,100
35093937755472,09:44:53.937,26.4000,88
35101825525792,09:45:01.825,26.3900,100
35118978033427,09:45:18.978,26.3800,100
35179563720387,09:46:19.563,26.3800,100
35226218046996,09:47:06.218,26.3900,3
35226218046996,09:47:06.218,26.3900,97
35226218168426,09:47:06.218,26.3900,3
35233238881520,09:47:13.238,26.3900,100
35233260521867,09:47:13.260,26.3900,2
35287894355609,09:48:07.894,26.4000,100
35307394376757,09:48:27.394,26.4200,321
35307394403992,09:48:27.394,26.4200,279
35307394403992,09:48:27.394,26.4200,100
35307394403992,09:48:27.394,26.4200,2
35352151867579,09:49:12.151,26.4100,88
35354288356520,09:49:14.288,26.4100,100
35410698245365,09:50:10.698,26.4300,100
35410698245365,09:50:10.698,26.4300,100
35413457818934,09:50:13.457,26.4200,100
35413457818934,09:50:13.457,26.4200,2
35486267472792,09:51:26.267,26.4200,3
35486267472792,09:51:26.267,26.4200,97
35534215477236,09:52:14.215,26.4100,2
35534215477236,09:52:14.215,26.4100,100
35568024488506,09:52:48.024,26.4100,200
35595376638328,09:53:15.376,26.4200,100
35595400075960,09:53:15.400,26.4200,100
35605977535189,09:53:25.977,26.4200,100
35630259380655,09:53:50.259,26.4300,2
35630832108069,09:53:50.832,26.4200,100
35666394236131,09:54:26.394,26.4100,100
35708004493556,09:55:08.004,26.4100,3
35766204132102,09:56:06.204,26.4300,100
35772208978341,09:56:12.208,26.4300,200
35772208978341,09:56:12.208,26.4300,100
35772209003532,09:56:12.209,26.4300,100
35809738934244,09:56:49.738,26.4400,100
35815849979270,09:56:55.849,26.4500,100
35815850105683,09:56:55.850,26.4500,100
35822066528422,09:57:02.066,26.4400,3
35822066528422,09:57:02.066,26.4400,100
35822066528422,09:57:02.066,26.4400,2
35837423505761,09:57:17.423,26.4300,300
35957150581169,09:59:17.150,26.4800,1
35965752986869,09:59:25.752,26.4800,100
35969559868996,09:59:29.559,26.4800,100
35969803432329,09:59:29.803,26.4700,100
36001320130174,10:00:01.320,26.4700,100
36068849062193,10:01:08.849,26.4700,100
36099323378347,10:01:39.323,26.4600,100
36125620051437,10:02:05.620,26.4600,84
36125620051437,10:02:05.620,26.4600,5
36147440042895,10:02:27.440,26.4500,100
36147441814590,10:02:27.441,26.4500,100
36147441861910,10:02:27.441,26.4500,100
36147447995618,10:02:27.447,26.4500,100
36147447995618,10:02:27.447,26.4500,33
36147447995618,10:02:27.447,26.4500,100
36147447995618,10:02:27.447,26.4500,67
36147532692839,10:02:27.532,26.4500,100
36147532692839,10:02:27.532,26.4500,100
36152035315632,10:02:32.035,26.4500,100
36160206622411,10:02:40.206,26.4600,11
36160206622411,10:02:40.206,26.4600,100
36191289999209,10:03:11.289,26.4600,100
36191289999209,10:03:11.289,26.4600,200
36193643849117,10:03:13.643,26.4700,100
36193643849117,10:03:13.643,26.4700,100
36193643849117,10:03:13.643,26.4700,87
36193643849117,10:03:13.643,26.4700,100
36193643849117,10:03:13.643,26.4700,200
36238841867978,10:03:58.841,26.4700,100
36238842320199,10:03:58.842,26.4700,5
36238938001992,10:03:58.938,26.4700,40
36238938001992,10:03:58.938,26.4700,100
36238938001992,10:03:58.938,26.4700,100
36254389389874,10:04:14.389,26.4800,84
36254389423135,10:04:14.389,26.4800,16
36254389423135,10:04:14.389,26.4800,100
36254389423135,10:04:14.389,26.4800,200
36275198870947,10:04:35.198,26.4900,19
36278006299962,10:04:38.006,26.4900,38
36278006299962,10:04:38.006,26.4900,62
36278006336692,10:04:38.006,26.4900,38
36278006336692,10:04:38.006,26.4900,100
36339834213448,10:05:39.834,26.4800,7
36339895851631,10:05:39.895,26.4800,93
36346098016213,10:05:46.098,26.4700,100
36346111148401,10:05:46.111,26.4700,100
36346111148401,10:05:46.111,26.4700,100
36346111148401,10:05:46.111,26.4700,100
36346111148401,10:05:46.111,26.4700,100
36346111148401,10:05:46.111,26.4700,39
36346111148401,10:05:46.111,26.4700,100
36364708815723,10:06:04.708,26.4700,100
36364708815723,10:06:04.708,26.4700,5
36364915014308,10:06:04.915,26.4700,100
36364915014308,10:06:04.915,26.4700,100
36386169841789,10:06:26.169,26.4700,100
36386169841789,10:06:26.169,26.4700,100
36386169841789,10:06:26.169,26.4700,100
36386169841789,10:06:26.169,26.4700,300
36406061582289,10:06:46.061,26.4700,100
36430962513827,10:07:10.962,26.4700,100
36447551720353,10:07:27.551,26.4800,13
36447551720353,10:07:27.551,26.4800,123
36482597614113,10:08:02.597,26.4800,77
36482597614113,10:08:02.597,26.4800,109
36509051806272,10:08:29.051,26.4800,100
36509053486839,10:08:29.053,26.4800,100
36509055392393,10:08:29.055,26.4800,100
36509057890039,10:08:29.057,26.4900,200
36509057890039,10:08:29.057,26.4900,100
36509057890039,10:08:29.057,26.4900,10
36509057890039,10:08:29.057,26.4900,100
36514627252071,10:08:34.627,26.5000,73
36546259610990,10:09:06.259,26.5100,100
36588767591385,10:09:48.767,26.5100,79
36588767664334,10:09:48.767,26.5100,321
36588767664334,10:09:48.767,26.5100,100
36588767664334,10:09:48.767,26.5100,100
36588773003026,10:09:48.773,26.5100,77
36588773007150,10:09:48.773,26.5100,23
36588777352239,10:09:48.777,26.5100,100
36670233177800,10:11:10.233,26.5200,100
36670233177800,10:11:10.233,26.5200,85
36670233206506,10:11:10.233,26.5200,21
36670233206506,10:11:10.233,26.5200,22
36670233206506,10:11:10.233,26.5200,100
36670233206506,10:11:10.233,26.5200,200
36689690808963,10:11:29.690,26.5300,100
36694749269996,10:11:34.749,26.5300,100
36694749269996,10:11:34.749,26.5300,100
36694749269996,10:11:34.749,26.5300,100
36717781112698,10:11:57.781,26.5300,400
36717781112698,10:11:57.781,26.5300,100
36717781112698,10:11:57.781,26.5300,100
36721819404775,10:12:01.819,26.5200,100
36721971211300,10:12:01.971,26.5200,100
36721971211300,10:12:01.971,26.5200,100
36721971211300,10:12:01.971,26.5200,100
36743059119598,10:12:23.059,26.5200,55
36743059119598,10:12:23.059,26.5200,100
36753012994382,10:12:33.012,26.5250,100
36780997927367,10:13:00.997,26.5300,13
36805928092748,10:13:25.928,26.5400,17
36816406127278,10:13:36.406,26.5400,200
36904720785270,10:15:04.720,26.5600,17
36904720785270,10:15:04.720,26.5600,100
36943565538187,10:15:43.565,26.5700,100
36994872288067,10:16:34.872,26.5800,100
36994872591709,10:16:34.872,26.5800,16
36994872591709,10:16:34.872,26.5800,100
36996613331029,10:16:36.613,26.5900,100
36996613331029,10:16:36.613,26.5900,100
36996613331029,10:16:36.613,26.5900,100
36996613331029,10:16:36.613,26.5900,100
37005189437355,10:16:45.189,26.5900,200
37005189437355,10:16:45.189,26.5900,100
37021818279588,10:17:01.818,26.5900,352
37021818295862,10:17:01.818,26.5900,148
37021818295862,10:17:01.818,26.5900,100
37021818295862,10:17:01.818,26.5900,3
37021818311622,10:17:01.818,26.5900,97
37036082492346,10:17:16.082,26.6100,93
37046246703922,10:17:26.246,26.6100,7
37046246703922,10:17:26.246,26.6100,200
37098824815436,10:18:18.824,26.6100,100
37098824815436,10:18:18.824,26.6100,127
37098824846492,10:18:18.824,26.6100,73
37098824846492,10:18:18.824,26.6100,100
37098824846492,10:18:18.824,26.6100,100
37098824846492,10:18:18.824,26.6100,100
37098940457512,10:18:18.940,26.6100,200
37098940457512,10:18:18.940,26.6100,58
37098940457512,10:18:18.940,26.6100,37
37098940589542,10:18:18.940,26.6100,63
37098940589542,10:18:18.940,26.6100,37
37098941634261,10:18:18.941,26.6100,63
37142280700683,10:19:02.280,26.6200,19
37142280797361,10:19:02.280,26.6200,81
37142280797361,10:19:02.280,26.6200,100
37142280797361,10:19:02.280,26.6200,100
37142323572023,10:19:02.323,26.6300,100
37142323572023,10:19:02.323,26.6300,300
37142323572023,10:19:02.323,26.6300,69
37142323572023,10:19:02.323,26.6300,200
37142323572023,10:19:02.323,26.6300,100
37142323572023,10:19:02.323,26.6300,100
37146882963658,10:19:06.882,26.6200,100
37146882963658,10:19:06.882,26.6200,100
37146882963658,10:19:06.882,26.6200,100
37146883617354,10:19:06.883,26.6200,200
37146883617354,10:19:06.883,26.6200,100
37146883617354,10:19:06.883,26.6200,100
37146883617354,10:19:06.883,26.6200,100
37146956731588,10:19:06.956,26.6200,100
37152317030902,10:19:12.317,26.6200,100
37152317030902,10:19:12.317,26.6200,21
37152397635134,10:19:12.397,26.6200,400
37152397635134,10:19:12.397,26.6200,72
37152397635134,10:19:12.397,26.6200,100
37154078873393,10:19:14.078,26.6200,100
37154110271144,10:19:14.110,26.6200,100
37166258548497,10:19:26.258,26.6200,100
37166258548497,10:19:26.258,26.6200,100
37166258548497,10:19:26.258,26.6200,100
37171909621724,10:19:31.909,26.6200,100
37180194155049,10:19:40.194,26.6200,100
37189976975126,10:19:49.976,26.6300,200
37189976975126,10:19:49.976,26.6300,100
37189976975126,10:19:49.976,26.6300,97
37189976975126,10:19:49.976,26.6300,200
37189976975126,10:19:49.976,26.6300,200
37196347829085,10:19:56.347,26.6300,1
37196347891993,10:19:56.347,26.6300,3
37196419955513,10:19:56.419,26.6300,200
37196419955513,10:19:56.419,26.6300,100
37200525863736,10:20:00.525,26.6400,100
37200525863736,10:20:00.525,26.6400,100
37200525863736,10:20:00.525,26.6400,200
37200525863736,10:20:00.525,26.6400,100
37201963827201,10:20:01.963,26.6400,100
37201963827201,10:20:01.963,26.6400,100
37201963827201,10:20:01.963,26.6400,200
37201963827201,10:20:01.963,26.6400,100
37204238067054,10:20:04.238,26.6300,100
37204238067054,10:20:04.238,26.6300,400
37204238067054,10:20:04.238,26.6300,100
37204239987243,10:20:04.239,26.6300,100
37204239994384,10:20:04.239,26.6300,100
37204240020135,10:20:04.240,26.6300,100
37204240050069,10:20:04.240,26.6300,200
37205482322224,10:20:05.482,26.6300,28
37205600249480,10:20:05.600,26.6300,272
37205600249480,10:20:05.600,26.6300,200
37205600249480,10:20:05.600,26.6300,100
37205600249480,10:20:05.600,26.6300,28
37206925592375,10:20:06.925,26.6300,72
37206925592375,10:20:06.925,26.6300,100
37220960823531,10:20:20.960,26.6300,100
37220960823531,10:20:20.960,26.6300,100
37220960823531,10:20:20.960,26.6300,100
37220960823531,10:20:20.960,26.6300,200
37221166256421,10:20:21.166,26.6200,10
37221166280211,10:20:21.166,26.6200,168
37221166341352,10:20:21.166,26.6200,22
37221166341352,10:20:21.166,26.6200,300
37221166341352,10:20:21.166,26.6200,100
37221166341352,10:20:21.166,26.6200,100
37221166724720,10:20:21.166,26.6200,300
37221168111743,10:20:21.168,26.6200,100
37221168111743,10:20:21.168,26.6200,200
37222278500175,10:20:22.278,26.6200,100
37222278500175,10:20:22.278,26.6200,100
37222278500175,10:20:22.278,26.6200,100
37234097361951,10:20:34.097,26.6100,100
37234097361951,10:20:34.097,26.6100,100
37234097491037,10:20:34.097,26.6100,200
37236074302601,10:20:36.074,26.6100,200
37236074302601,10:20:36.074,26.6100,100
37236074302601,10:20:36.074,26.6100,40
37236074302601,10:20:36.074,26.6100,60
37240377138644,10:20:40.377,26.6100,200
37240377138644,10:20:40.377,26.6100,100
37240377138644,10:20:40.377,26.6100,100
37240377138644,10:20:40.377,26.6100,100
37240599327560,10:20:40.599,26.6100,100
37240599327560,10:20:40.599,26.6100,200
37240599327560,10:20:40.599,26.6100,100
37240599327560,10:20:40.599,26.6100,100
37245934124015,10:20:45.934,26.6050,500
37248684090132,10:20:48.684,26.6050,300
37248684090132,10:20:48.684,26.6050,200
37248926491877,10:20:48.926,26.6000,5
37248926491877,10:20:48.926,26.6000,100
37248926491877,10:20:48.926,26.6000,26
37255522603755,10:20:55.522,26.6000,100
37255522603755,10:20:55.522,26.6000,200
37255603036691,10:20:55.603,26.6000,63
37255603036691,10:20:55.603,26.6000,300
37255603036691,10:20:55.603,26.6000,200
37255603036691,10:20:55.603,26.6000,300
37257555355925,10:20:57.555,26.5900,348
37285180177994,10:21:25.180,26.5800,100
37285180177994,10:21:25.180,26.5800,100
37285180177994,10:21:25.180,26.5800,100
37290366708163,10:21:30.366,26.5700,100
37290366708163,10:21:30.366,26.5700,100
37290367605659,10:21:30.367,26.5700,200
37290368607426,10:21:30.368,26.5700,200
37290368607426,10:21:30.368,26.5700,100
37290368607426,10:21:30.368,26.5700,400
37290368607426,10:21:30.368,26.5700,68
37290368607426,10:21:30.368,26.5700,100
37290368607426,10:21:30.368,26.5700,100
37290368607426,10:21:30.368,26.5700,232
37290368643270,10:21:30.368,26.5700,68
37290505087345,10:21:30.505,26.5750,100
37290505087345,10:21:30.505,26.5700,400
37290505087345,10:21:30.505,26.5700,100
37290505087345,10:21:30.505,26.5700,100
37290505087345,10:21:30.505,26.5700,300
37290505087345,10:21:30.505,26.5700,63
37290505087345,10:21:30.505,26.5700,200
37290505087345,10:21:30.505,26.5700,100
37292707543890,10:21:32.707,26.5600,100
37292707543890,10:21:32.707,26.5600,100
37292992454486,10:21:32.992,26.5600,100
37292993828029,10:21:32.993,26.5600,100
37292993828029,10:21:32.993,26.5600,63
37292993828029,10:21:32.993,26.5600,200
37292993828029,10:21:32.993,26.5600,100
37292993828029,10:21:32.993,26.5600,200
37300433133569,10:21:40.433,26.5500,100
37300433133569,10:21:40.433,26.5500,100
37300433133569,10:21:40.433,26.5500,187
37300433213113,10:21:40.433,26.5500,113
37302841884782,10:21:42.841,26.5450,100
37302841884782,10:21:42.841,26.5400,100
37305937969479,10:21:45.937,26.5400,100
37311187285692,10:21:51.187,26.5400,100
37311187454312,10:21:51.187,26.5400,100
37316191590756,10:21:56.191,26.5300,200
37316261310644,10:21:56.261,26.5300,5
37317026783568,10:21:57.026,26.5300,50
37317797155241,10:21:57.797,26.5300,45
37317797155241,10:21:57.797,26.5300,100
37320086169622,10:22:00.086,26.5200,100
37320089674939,10:22:00.089,26.5200,100
37320089674939,10:22:00.089,26.5200,100
37320089674939,10:22:00.089,26.5200,68
37320089674939,10:22:00.089,26.5200,200
37320089674939,10:22:00.089,26.5200,300
37322866799444,10:22:02.866,26.5200,200
37322866799444,10:22:02.866,26.5200,200
37322874592257,10:22:02.874,26.5300,200
37322874592257,10:22:02.874,26.5300,100
37323208226321,10:22:03.208,26.5300,64
37323208226321,10:22:03.208,26.5300,200
37323213032071,10:22:03.213,26.5400,100
37323213032071,10:22:03.213,26.5400,200
37323213032071,10:22:03.213,26.5400,167
37325574059120,10:22:05.574,26.5300,100
37343057838482,10:22:23.057,26.5300,12
37343057838482,10:22:23.057,26.5300,88
37358901344674,10:22:38.901,26.5300,200
37364649104739,10:22:44.649,26.5300,200
37373909792922,10:22:53.909,26.5400,100
37385147267954,10:23:05.147,26.5400,100
37385147970453,10:23:05.147,26.5500,200
37385147970453,10:23:05.147,26.5500,50
37385147970453,10:23:05.147,26.5500,300
37385147970453,10:23:05.147,26.5500,100
37385147970453,10:23:05.147,26.5500,64
37385147970453,10:23:05.147,26.5500,100
37385147970453,10:23:05.147,26.5500,100
37385210616963,10:23:05.210,26.5500,100
37385210616963,10:23:05.210,26.5500,69
37385210616963,10:23:05.210,26.5500,100
37385210616963,10:23:05.210,26.5500,100
37391408536899,10:23:11.408,26.5400,100
37391408536899,10:23:11.408,26.5400,200
37391408536899,10:23:11.408,26.5400,100
37391411091185,10:23:11.411,26.5500,82
37391429295851,10:23:11.429,26.5500,218
37391429295851,10:23:11.429,26.5500,282
37391429859736,10:23:11.429,26.5500,18
37403899053302,10:23:23.899,26.5600,200
37403899053302,10:23:23.899,26.5600,27
37403902151481,10:23:23.902,26.5700,98
37403903117513,10:23:23.903,26.5700,2
37403903117513,10:23:23.903,26.5700,100
37403903117513,10:23:23.903,26.5700,98
37403903170377,10:23:23.903,26.5700,2
37403911420280,10:23:23.911,26.5700,100
37403911420280,10:23:23.911,26.5700,100
37403911420280,10:23:23.911,26.5700,100
37403911420280,10:23:23.911,26.5700,100
37403911420280,10:23:23.911,26.5700,200
37523166210090,10:25:23.166,26.5500,100
37523166210090,10:25:23.166,26.5500,3
37523166210090,10:25:23.166,26.5500,6
37523166217298,10:25:23.166,26.5500,194
37523166217298,10:25:23.166,26.5500,1
37523166753496,10:25:23.166,26.5500,11
37523166772295,10:25:23.166,26.5500,89
37556934022183,10:25:56.934,26.5400,200
37556934022183,10:25:56.934,26.5400,18
37556934022183,10:25:56.934,26.5400,182
37557937310133,10:25:57.937,26.5400,18
37557937310133,10:25:57.937,26.5400,4
37566704677841,10:26:06.704,26.5500,21
37566704677841,10:26:06.704,26.5500,200
37585080056147,10:26:25.080,26.5500,100
37591687681023,10:26:31.687,26.5500,100
37591687681023,10:26:31.687,26.5500,100
37591687681023,10:26:31.687,26.5500,62
37591687713023,10:26:31.687,26.5500,38
37605395813243,10:26:45.395,26.5500,200
37605399008552,10:26:45.399,26.5600,100
37605399087425,10:26:45.399,26.5600,36
37605399147353,10:26:45.399,26.5600,100
37605400521410,10:26:45.400,26.5600,64
37605400521410,10:26:45.400,26.5600,100
37605400521410,10:26:45.400,26.5600,200
37607682552197,10:26:47.682,26.5500,100
37607682552197,10:26:47.682,26.5500,42
37612841512971,10:26:52.841,26.5600,200
37612841512971,10:26:52.841,26.5600,100
37612841512971,10:26:52.841,26.5600,100
37612841512971,10:26:52.841,26.5600,68
37612925873674,10:26:52.925,26.5700,100
37627326588980,10:27:07.326,26.5750,100
37637642811680,10:27:17.642,26.5750,100
37637642811680,10:27:17.642,26.5800,200
37637642811680,10:27:17.642,26.5800,200
37637642811680,10:27:17.642,26.5800,100
37637642811680,10:27:17.642,26.5800,100
37637642872545,10:27:17.642,26.5800,100
37643638496056,10:27:23.638,26.5800,100
37643638496056,10:27:23.638,26.5800,100
37663452866960,10:27:43.452,26.5800,100
37663452866960,10:27:43.452,26.5800,53
37663452895322,10:27:43.452,26.5800,100
37663452895322,10:27:43.452,26.5800,100
37663452906192,10:27:43.452,26.5800,100
37663452906192,10:27:43.452,26.5800,100
37663528697869,10:27:43.528,26.5900,200
37663528697869,10:27:43.528,26.5900,100
37663528697869,10:27:43.528,26.5900,100
37663850807601,10:27:43.850,26.5900,200
37663850807601,10:27:43.850,26.5900,100
37670128140652,10:27:50.128,26.5800,100
37674773867048,10:27:54.773,26.5800,100
37674773867048,10:27:54.773,26.5800,200
37674773867048,10:27:54.773,26.5800,100
37674773867048,10:27:54.773,26.5800,200
37704167441634,10:28:24.167,26.5900,200
37704167441634,10:28:24.167,26.5900,100
37704167441634,10:28:24.167,26.5900,31
37709883938880,10:28:29.883,26.6000,100
37711801739023,10:28:31.801,26.6000,100
37740971733403,10:29:00.971,26.6000,100
37744000374768,10:29:04.000,26.6100,100
37765653654385,10:29:25.653,26.6100,20
37779182269687,10:29:39.182,26.6100,100
37804029760412,10:30:04.029,26.6000,200
37804029760412,10:30:04.029,26.6000,40
37804029762739,10:30:04.029,26.6000,60
37804029762739,10:30:04.029,26.6000,100
37826064098813,10:30:26.064,26.5800,100
37826064098813,10:30:26.064,26.5800,66
37826064098813,10:30:26.064,26.5800,34
37834563922801,10:30:34.563,26.5700,3
37843306572370,10:30:43.306,26.5700,92
37843309496713,10:30:43.309,26.5700,300
37843650791989,10:30:43.650,26.5700,100
37843650791989,10:30:43.650,26.5700,100
37850066019827,10:30:50.066,26.5700,26
37850066019827,10:30:50.066,26.5700,74
37850066679527,10:30:50.066,26.5700,126
37855739871406,10:30:55.739,26.5800,100
37856109255093,10:30:56.109,26.5800,100
37857741081068,10:30:57.741,26.5800,100
37870344126123,10:31:10.344,26.5800,100
37870344126123,10:31:10.344,26.5800,100
37870344126123,10:31:10.344,26.5800,100
37871241804487,10:31:11.241,26.5800,100
37871244211635,10:31:11.244,26.5800,100
37871244211635,10:31:11.244,26.5800,100
37871244211635,10:31:11.244,26.5800,67
37871244211635,10:31:11.244,26.5800,100
37871244211635,10:31:11.244,26.5800,200
37871244211635,10:31:11.244,26.5800,100
37943186455392,10:32:23.186,26.5800,100
37944589693972,10:32:24.589,26.5800,100
37950330641959,10:32:30.330,26.5700,100
37950330641959,10:32:30.330,26.5700,100
37989584233197,10:33:09.584,26.5600,200
37989584822174,10:33:09.584,26.5600,20
38025158253052,10:33:45.158,26.5450,100
38043327869814,10:34:03.327,26.5500,200
38043327869814,10:34:03.327,26.5500,147
38050030193263,10:34:10.030,26.5500,400
38050030193263,10:34:10.030,26.5500,13
38050030250725,10:34:10.030,26.5500,187
38050030250725,10:34:10.030,26.5500,100
38058641059612,10:34:18.641,26.5500,19
38058641059612,10:34:18.641,26.5500,100
38058641059612,10:34:18.641,26.5500,100
38058641059612,10:34:18.641,26.5500,100
38058641095764,10:34:18.641,26.5500,100
38058643359239,10:34:18.643,26.5600,100
38068353082064,10:34:28.353,26.5600,100
38078608099697,10:34:38.608,26.5600,100
38078608381003,10:34:38.608,26.5700,100
38080185728715,10:34:40.185,26.5750,100
38119198261129,10:35:19.198,26.5800,100
38119198261129,10:35:19.198,26.5800,100
38135238231506,10:35:35.238,26.5800,100
38135238231506,10:35:35.238,26.5800,87
38135238242966,10:35:35.238,26.5800,13
38163446854368,10:36:03.446,26.5700,100
38163446854368,10:36:03.446,26.5700,300
38190512369286,10:36:30.512,26.5700,100
38190512369286,10:36:30.512,26.5700,183
38190512369286,10:36:30.512,26.5700,100
38310832275162,10:38:30.832,26.5600,42
38310832275162,10:38:30.832,26.5600,100
38310832275162,10:38:30.832,26.5600,171
38310832275162,10:38:30.832,26.5600,32
38310832275162,10:38:30.832,26.5600,120
38379094279615,10:39:39.094,26.5700,100
38386694017090,10:39:46.694,26.5700,100
38386694017090,10:39:46.694,26.5700,61
38386694017090,10:39:46.694,26.5700,3
38386948659155,10:39:46.948,26.5700,100
38447591360676,10:40:47.591,26.5700,198
38447591360676,10:40:47.591,26.5700,27
38447591360676,10:40:47.591,26.5700,127
38447592210139,10:40:47.592,26.5700,200
38449773153863,10:40:49.773,26.5700,100
38465216995998,10:41:05.216,26.5700,100
38469908903741,10:41:09.908,26.5700,100
38528342301970,10:42:08.342,26.5700,100
38528342301970,10:42:08.342,26.5700,100
38542275171908,10:42:22.275,26.5600,100
38542275171908,10:42:22.275,26.5600,45
38657498524132,10:44:17.498,26.5700,20
38675424101646,10:44:35.424,26.5700,100
38675424101646,10:44:35.424,26.5700,100
38675424101646,10:44:35.424,26.5700,100
38675424101646,10:44:35.424,26.5700,27
38675424101646,10:44:35.424,26.5700,65
38675424101646,10:44:35.424,26.5700,8
38675426346616,10:44:35.426,26.5700,83
38748301128444,10:45:48.301,26.5800,100
38776241719037,10:46:16.241,26.5900,100
38885848927980,10:48:05.848,26.5900,61
38885848927980,10:48:05.848,26.5900,100
38885848927980,10:48:05.848,26.5900,39
38885848958349,10:48:05.848,26.5900,61
38885848958349,10:48:05.848,26.5900,29
38902677850405,10:48:22.677,26.6000,102
38915032826277,10:48:35.032,26.6000,100
38978349766677,10:49:38.349,26.5900,100
38978349766677,10:49:38.349,26.5900,100
38978349766677,10:49:38.349,26.5900,211
38990622225501,10:49:50.622,26.5800,100
38990622225501,10:49:50.622,26.5800,100
38990622225501,10:49:50.622,26.5800,100
39011588422997,10:50:11.588,26.5800,100
39011588464399,10:50:11.588,26.5800,26
39120766104040,10:52:00.766,26.5800,100
39120766104040,10:52:00.766,26.5800,54
39120766494029,10:52:00.766,26.5800,100
39120767684072,10:52:00.767,26.5800,100
39130334557258,10:52:10.334,26.5800,100
39130334597805,10:52:10.334,26.5800,100
39130335059141,10:52:10.335,26.5800,100
39130335059141,10:52:10.335,26.5800,100
39188786884195,10:53:08.786,26.5800,178
39188786884195,10:53:08.786,26.5800,48
39221317943799,10:53:41.317,26.5700,26
39221319202294,10:53:41.319,26.5700,100
39234531907431,10:53:54.531,26.5600,20
39275245861094,10:54:35.245,26.5600,115
39275248149961,10:54:35.248,26.5600,85
39275248149961,10:54:35.248,26.5600,24
39275248149961,10:54:35.248,26.5600,4
39275248149961,10:54:35.248,26.5600,53
39284867136047,10:54:44.867,26.5700,200
39284867136047,10:54:44.867,26.5700,100
39284867136047,10:54:44.867,26.5700,100
39284868942681,10:54:44.868,26.5800,100
39284868942681,10:54:44.868,26.5800,100
39284868942681,10:54:44.868,26.5800,200
39284868942681,10:54:44.868,26.5800,200
39284921381479,10:54:44.921,26.5800,100
39284921381479,10:54:44.921,26.5800,70
39284921381479,10:54:44.921,26.5800,200
39284921381479,10:54:44.921,26.5800,100
39294609461859,10:54:54.609,26.5900,100
39294609461859,10:54:54.609,26.5900,100
39295302211631,10:54:55.302,26.5900,200
39295302211631,10:54:55.302,26.5900,400
39295302588059,10:54:55.302,26.5900,100
39295302588059,10:54:55.302,26.5900,100
39295302588059,10:54:55.302,26.5900,100
39295302588059,10:54:55.302,26.5900,68
39295302590043,10:54:55.302,26.5900,132
39295302590043,10:54:55.302,26.5900,200
39295302590043,10:54:55.302,26.5900,100
39311163829992,10:55:11.163,26.6000,100
39311163829992,10:55:11.163,26.6000,100
39311163829992,10:55:11.163,26.6000,100
39321093759569,10:55:21.093,26.6100,800
39321093820688,10:55:21.093,26.6100,100
39321093820688,10:55:21.093,26.6100,100
39354146433878,10:55:54.146,26.6100,198
39354146716432,10:55:54.146,26.6100,45
39354146800833,10:55:54.146,26.6100,100
39354146821798,10:55:54.146,26.6100,57
39354146821798,10:55:54.146,26.6100,61
39354146821798,10:55:54.146,26.6100,100
39354146821798,10:55:54.146,26.6100,2
39381441277499,10:56:21.441,26.6000,67
39415807830983,10:56:55.807,26.6050,100
39415807830983,10:56:55.807,26.6100,100
39415807830983,10:56:55.807,26.6100,400
39415807830983,10:56:55.807,26.6100,200
39415807830983,10:56:55.807,26.6100,1
39415811724095,10:56:55.811,26.6100,105
39415811724095,10:56:55.811,26.6100,100
39415811724095,10:56:55.811,26.6100,195
39427511575712,10:57:07.511,26.6100,705
39427511575712,10:57:07.511,26.6100,48
39427511575712,10:57:07.511,26.6100,200
39427511575712,10:57:07.511,26.6100,109
39427511575712,10:57:07.511,26.6100,100
39427511575712,10:57:07.511,26.6100,100
39427512264165,10:57:07.512,26.6200,100
39427517473445,10:57:07.517,26.6200,100
39432230836673,10:57:12.230,26.6200,100
39432231925173,10:57:12.231,26.6200,200
39450604516292,10:57:30.604,26.6100,100
39450604516292,10:57:30.604,26.6100,2
39450604516292,10:57:30.604,26.6100,100
39489795529395,10:58:09.795,26.5900,100
39493305805087,10:58:13.305,26.6000,100
39493305805087,10:58:13.305,26.6000,500
39493305837858,10:58:13.305,26.6000,400
39493305837858,10:58:13.305,26.6000,50
39554432352921,10:59:14.432,26.6000,2
39554432795670,10:59:14.432,26.6000,98
39584999820181,10:59:44.999,26.6000,100
39585756473728,10:59:45.756,26.6000,2
39589255818743,10:59:49.255,26.6000,98
39655048871987,11:00:55.048,26.6000,100
39655048910214,11:00:55.048,26.6000,100
39655048910214,11:00:55.048,26.6000,3
39655048910214,11:00:55.048,26.6000,100
39655156221947,11:00:55.156,26.6000,81
39655156221947,11:00:55.156,26.6000,19
39655620632920,11:00:55.620,26.6000,100
39655620632920,11:00:55.620,26.6000,100
39655620632920,11:00:55.620,26.6000,100
39663461735276,11:01:03.461,26.6100,100
39663461735276,11:01:03.461,26.6100,100
39663461735276,11:01:03.461,26.6100,50
39663461735276,11:01:03.461,26.6100,200
39663461735276,11:01:03.461,26.6100,117
39663461735276,11:01:03.461,26.6100,100
39663494770510,11:01:03.494,26.6200,4
39663501786141,11:01:03.501,26.6200,96
39663501786141,11:01:03.501,26.6200,100
39667070013619,11:01:07.070,26.6200,100
39713084335309,11:01:53.084,26.6200,2
39772758078534,11:02:52.758,26.6100,600
39772758078534,11:02:52.758,26.6100,100
39772758078534,11:02:52.758,26.6100,20
39772758078534,11:02:52.758,26.6100,80
39772758115267,11:02:52.758,26.6100,20
39785247598719,11:03:05.247,26.6100,100
39798736744396,11:03:18.736,26.6200,89
39798737432018,11:03:18.737,26.6200,11
39798737432018,11:03:18.737,26.6200,89
39798737477548,11:03:18.737,26.6200,11
39798737477548,11:03:18.737,26.6200,46
39798737477548,11:03:18.737,26.6200,100
39798737477548,11:03:18.737,26.6200,130
39798737477548,11:03:18.737,26.6200,100
39807130966649,11:03:27.130,26.6200,100
39928357601870,11:05:28.357,26.6100,1
39928357601870,11:05:28.357,26.6100,99
39928357837231,11:05:28.357,26.6100,1
39970976660483,11:06:10.976,26.6100,200
39970976660483,11:06:10.976,26.6100,41
39987085203737,11:06:27.085,26.6100,100
40016670952579,11:06:56.670,26.6100,2
40016670952579,11:06:56.670,26.6100,100
40055088665946,11:07:35.088,26.6100,2
40090386139101,11:08:10.386,26.6100,65
40090386139101,11:08:10.386,26.6100,35
40090386164796,11:08:10.386,26.6100,8
40181611022851,11:09:41.611,26.6100,100
40181611077338,11:09:41.611,26.6100,100
40181620733647,11:09:41.620,26.6100,20
40181620733647,11:09:41.620,26.6100,2
40207595125455,11:10:07.595,26.6100,42
40282666564089,11:11:22.666,26.6200,200
40282666612446,11:11:22.666,26.6200,400
40282666645871,11:11:22.666,26.6200,100
40309333765604,11:11:49.333,26.6200,42
40309333862755,11:11:49.333,26.6200,58
40309333862755,11:11:49.333,26.6200,42
40309334026313,11:11:49.334,26.6200,58
40309334026313,11:11:49.334,26.6200,42
40309334090826,11:11:49.334,26.6200,58
40365754497165,11:12:45.754,26.6200,100
40365754497165,11:12:45.754,26.6200,47
40365754497165,11:12:45.754,26.6200,65
40394272445711,11:13:14.272,26.6200,100
40401532553123,11:13:21.532,26.6200,100
40401532553123,11:13:21.532,26.6200,200
40401532553123,11:13:21.532,26.6200,100
40480511553251,11:14:40.511,26.6200,100
40638753322034,11:17:18.753,26.6200,48
40638753322034,11:17:18.753,26.6200,200
40638753322034,11:17:18.753,26.6200,48
40638753322034,11:17:18.753,26.6200,4
40638753360104,11:17:18.753,26.6200,39
40707276606271,11:18:27.276,26.6300,49
40707276606271,11:18:27.276,26.6300,51
40707276708579,11:18:27.276,26.6300,49
40707278103622,11:18:27.278,26.6300,100
40717005229194,11:18:37.005,26.6300,100
40717005229194,11:18:37.005,26.6300,100
40717005229194,11:18:37.005,26.6300,261
40717005263503,11:18:37.005,26.6300,139
40717005263503,11:18:37.005,26.6300,100
40730998396258,11:18:50.998,26.6300,100
40757628450070,11:19:17.628,26.6300,100
40757628450070,11:19:17.628,26.6300,200
40758584803092,11:19:18.584,26.6300,52
40758584803092,11:19:18.584,26.6300,48
40761087536771,11:19:21.087,26.6300,100
40773195475103,11:19:33.195,26.6300,100
40773195475103,11:19:33.195,26.6300,100
40782385189087,11:19:42.385,26.6300,82
40782385189087,11:19:42.385,26.6300,100
40810943842625,11:20:10.943,26.6200,200
40810943842625,11:20:10.943,26.6200,100
40810943842625,11:20:10.943,26.6200,100
40910201172935,11:21:50.201,26.6100,81
40910201328278,11:21:50.201,26.6100,19
40910201328278,11:21:50.201,26.6100,100
40912749434243,11:21:52.749,26.6050,20
40930523796787,11:22:10.523,26.6100,44
40930523796787,11:22:10.523,26.6100,100
40979076120201,11:22:59.076,26.6200,100
40979076120201,11:22:59.076,26.6200,100
40979076120201,11:22:59.076,26.6200,51
40979076120201,11:22:59.076,26.6200,51
41021272599444,11:23:41.272,26.6200,100
41028119618726,11:23:48.119,26.6200,20
41251863500110,11:27:31.863,26.6100,300
41251863500110,11:27:31.863,26.6100,100
41251863500110,11:27:31.863,26.6100,100
41254554725061,11:27:34.554,26.6050,100
41254554725061,11:27:34.554,26.6100,600
41254554725061,11:27:34.554,26.6100,100
41254554725061,11:27:34.554,26.6100,200
41254554725061,11:27:34.554,26.6100,100
41254554725061,11:27:34.554,26.6100,200
41254555416767,11:27:34.555,26.6100,47
41254569335602,11:27:34.569,26.6200,100
41254569335602,11:27:34.569,26.6200,100
41254569335602,11:27:34.569,26.6200,100
41254569335602,11:27:34.569,26.6200,200
41254570696057,11:27:34.570,26.6200,200
41254571400546,11:27:34.571,26.6200,100
41254572347422,11:27:34.572,26.6200,100
41254572347422,11:27:34.572,26.6200,100
41254572347422,11:27:34.572,26.6200,93
41254572347422,11:27:34.572,26.6200,500
41254572347422,11:27:34.572,26.6200,100
41254573152786,11:27:34.573,26.6300,200
41254573152786,11:27:34.573,26.6300,100
41254573152786,11:27:34.573,26.6300,100
41254573152786,11:27:34.573,26.6300,100
41254573152786,11:27:34.573,26.6300,100
41254573152786,11:27:34.573,26.6300,100
41254573152786,11:27:34.573,26.6300,100
41254573315225,11:27:34.573,26.6300,100
41254573634979,11:27:34.573,26.6300,100
41254573634979,11:27:34.573,26.6300,100
41254574153116,11:27:34.574,26.6300,100
41254574153116,11:27:34.574,26.6300,200
41254574153116,11:27:34.574,26.6300,100
41254635003171,11:27:34.635,26.6300,89
41254635003171,11:27:34.635,26.6300,100
41254635003171,11:27:34.635,26.6300,100
41254635003171,11:27:34.635,26.6300,200
41254640823987,11:27:34.640,26.6300,200
41254640823987,11:27:34.640,26.6300,200
41254640823987,11:27:34.640,26.6300,400
41254640823987,11:27:34.640,26.6300,91
41254640823987,11:27:34.640,26.6300,100
41254640823987,11:27:34.640,26.6300,200
41254640823987,11:27:34.640,26.6300,150
41254640823987,11:27:34.640,26.6300,100
41254640823987,11:27:34.640,26.6300,100
41254640823987,11:27:34.640,26.6300,200
41254640823987,11:27:34.640,26.6300,59
41254640886086,11:27:34.640,26.6300,100
41254858315312,11:27:34.858,26.6300,25
41258529806207,11:27:38.529,26.6300,150
41258529806207,11:27:38.529,26.6300,200
41258529806207,11:27:38.529,26.6300,100
41258562122786,11:27:38.562,26.6250,100
41258562122786,11:27:38.562,26.6300,100
41258562122786,11:27:38.562,26.6300,100
41258562122786,11:27:38.562,26.6300,100
41258562122786,11:27:38.562,26.6300,91
41258562122786,11:27:38.562,26.6300,100
41258562122786,11:27:38.562,26.6300,100
41258562122786,11:27:38.562,26.6300,200
41258562122786,11:27:38.562,26.6300,100
41258562122786,11:27:38.562,26.6300,100
41258562122786,11:27:38.562,26.6300,300
41258562122786,11:27:38.562,26.6300,509
41287338894544,11:28:07.338,26.6400,1
41297043671062,11:28:17.043,26.6400,299
41297043671062,11:28:17.043,26.6400,100
41297043671062,11:28:17.043,26.6400,46
41297043671062,11:28:17.043,26.6400,4
41318943540591,11:28:38.943,26.6400,100
41332762325570,11:28:52.762,26.6300,56
41332762325570,11:28:52.762,26.6300,100
41360750654970,11:29:20.750,26.6300,100
41437160490782,11:30:37.160,26.6300,120
41437160490782,11:30:37.160,26.6300,200
41463642968674,11:31:03.642,26.6250,20
41483808948672,11:31:23.808,26.6200,100
41486837179847,11:31:26.837,26.6200,100
41513753817024,11:31:53.753,26.6100,100
41595332729815,11:33:15.332,26.6100,100
41614161291551,11:33:34.161,26.6000,1
41614161291551,11:33:34.161,26.6000,4
41614167870899,11:33:34.167,26.6000,96
41722363821214,11:35:22.363,26.6000,300
41722363821214,11:35:22.363,26.6000,110
41722363821214,11:35:22.363,26.6000,100
41722363821214,11:35:22.363,26.6000,90
41722363849572,11:35:22.363,26.6000,10
41722363849572,11:35:22.363,26.6000,36
41726478766542,11:35:26.478,26.6000,300
41786319024276,11:36:26.319,26.6000,89
41786319024276,11:36:26.319,26.6000,100
41786319024276,11:36:26.319,26.6000,100
41802373875034,11:36:42.373,26.5950,100
41830512956894,11:37:10.512,26.5800,200
41833864844399,11:37:13.864,26.5800,100
41833867709299,11:37:13.867,26.5800,200
41901834193098,11:38:21.834,26.5800,100
41901834221792,11:38:21.834,26.5800,100
41969591144149,11:39:29.591,26.5800,33
41969591144149,11:39:29.591,26.5800,49
41969591144149,11:39:29.591,26.5800,125
41969591144149,11:39:29.591,26.5800,193
41969592254613,11:39:29.592,26.5800,7
42017087629251,11:40:17.087,26.5900,200
42018254043632,11:40:18.254,26.5900,46
42125852204703,11:42:05.852,26.5900,4
42125852204703,11:42:05.852,26.5900,100
42125852204703,11:42:05.852,26.5900,100
42163982873563,11:42:43.982,26.5900,100
42163982873563,11:42:43.982,26.5900,100
42231369312243,11:43:51.369,26.5900,108
42231370054866,11:43:51.370,26.5900,100
42231389564616,11:43:51.389,26.5900,92
42231389564616,11:43:51.389,26.5900,8
42231389631254,11:43:51.389,26.5900,92
42231389631254,11:43:51.389,26.5900,2
42231389631254,11:43:51.389,26.5900,20
42294445470710,11:44:54.445,26.5900,43
42294445470710,11:44:54.445,26.5900,34
42333951010536,11:45:33.951,26.5850,100
42345297131300,11:45:45.297,26.5800,100
42345297178194,11:45:45.297,26.5800,100
42345297178194,11:45:45.297,26.5800,100
42345297178194,11:45:45.297,26.5800,60
42366974131027,11:46:06.974,26.5800,200
42366974131027,11:46:06.974,26.5800,39
42366974131027,11:46:06.974,26.5800,36
42498795034128,11:48:18.795,26.5800,59
42522709741008,11:48:42.709,26.5800,41
42522709741008,11:48:42.709,26.5800,2
42522709741008,11:48:42.709,26.5800,100
42595021655830,11:49:55.021,26.5800,100
42595021655830,11:49:55.021,26.5800,100
42595021655830,11:49:55.021,26.5800,34
42595021655830,11:49:55.021,26.5800,36
42595021655830,11:49:55.021,26.5800,130
42595021684549,11:49:55.021,26.5800,70
42615927562488,11:50:15.927,26.5900,173
42617095784321,11:50:17.095,26.5900,27
42617095784321,11:50:17.095,26.5900,34
42642836246227,11:50:42.836,26.6000,100
42651293433842,11:50:51.293,26.6000,41
42770451981584,11:52:50.451,26.6100,100
42770451981584,11:52:50.451,26.6100,1
42770451981584,11:52:50.451,26.6100,200
42770451981584,11:52:50.451,26.6100,200
42770451981584,11:52:50.451,26.6100,36
42770451981584,11:52:50.451,26.6100,39
42944641952196,11:55:44.641,26.6200,113
42944641963073,11:55:44.641,26.6200,87
42944641963073,11:55:44.641,26.6200,38
42944641963073,11:55:44.641,26.6200,37
42944641963073,11:55:44.641,26.6200,97
42944642057373,11:55:44.642,26.6200,3
42953126772656,11:55:53.126,26.6300,12
43027155617313,11:57:07.155,26.6200,100
43027155617313,11:57:07.155,26.6200,100
43050654880116,11:57:30.654,26.6200,100
43066154245099,11:57:46.154,26.6200,100
43104667197080,11:58:24.667,26.6100,31
43104667204160,11:58:24.667,26.6100,69
43104667204160,11:58:24.667,26.6100,100
43104667204160,11:58:24.667,26.6100,20
43104667204160,11:58:24.667,26.6100,65
43104667221850,11:58:24.667,26.6100,35
43173243340323,11:59:33.243,26.6000,20
43195852430764,11:59:55.852,26.5900,100
43195852430764,11:59:55.852,26.5900,100
43231134640841,12:00:31.134,26.5900,37
43231134640841,12:00:31.134,26.5900,151
43231134640841,12:00:31.134,26.5900,12
43231134901529,12:00:31.134,26.5900,23
43307851974363,12:01:47.851,26.5900,100
43332874531648,12:02:12.874,26.6000,39
43332874531648,12:02:12.874,26.6000,100
43332874531648,12:02:12.874,26.6000,61
43332874559884,12:02:12.874,26.6000,13
43405884239998,12:03:25.884,26.6000,19
43660055911342,12:07:40.055,26.5800,200
43660055956576,12:07:40.055,26.5800,100
43660055956576,12:07:40.055,26.5800,20
43660056142762,12:07:40.056,26.5800,46
43660056468102,12:07:40.056,26.5800,54
43682159551053,12:08:02.159,26.5800,36
43795695270823,12:09:55.695,26.5900,100
43795695270823,12:09:55.695,26.5900,32
43795695270823,12:09:55.695,26.5900,143
43795695270823,12:09:55.695,26.5900,25
43795695472398,12:09:55.695,26.5900,15
43795695472398,12:09:55.695,26.5900,37
43938402023182,12:12:18.402,26.5950,100
44018667825135,12:13:38.667,26.5900,100
44213495278853,12:16:53.495,26.6000,1
44213495278853,12:16:53.495,26.6000,19
44268191228419,12:17:48.191,26.6000,18
44268191228419,12:17:48.191,26.6000,52
44268191228419,12:17:48.191,26.6000,25
44268191228419,12:17:48.191,26.6000,100
44498739871870,12:21:38.739,26.6100,115
44498739909472,12:21:38.739,26.6100,185
44498739909472,12:21:38.739,26.6100,100
44498739909472,12:21:38.739,26.6100,37
44498739909472,12:21:38.739,26.6100,90
44498739909472,12:21:38.739,26.6100,18
44541432034564,12:22:21.432,26.6100,100
44541432034564,12:22:21.432,26.6100,100
44541432034564,12:22:21.432,26.6100,100
44617446405366,12:23:37.446,26.6000,100
44617446405366,12:23:37.446,26.6000,100
44657290705993,12:24:17.290,26.6000,200
44657290705993,12:24:17.290,26.6000,100
44657290705993,12:24:17.290,26.6000,38
44695266931788,12:24:55.266,26.5900,100
44695266931788,12:24:55.266,26.5900,100
44695267373747,12:24:55.267,26.5900,50
44695267398736,12:24:55.267,26.5900,150
44695267576730,12:24:55.267,26.5900,100
44717133568881,12:25:17.133,26.5900,400
44717136976755,12:25:17.136,26.5900,100
44717137245128,12:25:17.137,26.5900,41
44717137245128,12:25:17.137,26.5900,1
44764300492631,12:26:04.300,26.5900,100
44794468775628,12:26:34.468,26.5900,144
44794468775628,12:26:34.468,26.5900,100
44893989625575,12:28:13.989,26.5900,200
44893989625575,12:28:13.989,26.5900,45
44893989625575,12:28:13.989,26.5900,100
44893989625575,12:28:13.989,26.5900,55
44893991794177,12:28:13.991,26.5900,44
44894854144367,12:28:14.854,26.5900,100
44924462783237,12:28:44.462,26.5800,20
45010746506301,12:30:10.746,26.5800,1
45034259343598,12:30:34.259,26.5800,99
45034259343598,12:30:34.259,26.5800,100
45034259343598,12:30:34.259,26.5800,1
45034259371075,12:30:34.259,26.5800,99
45171636313578,12:32:51.636,26.5600,100
45171636313578,12:32:51.636,26.5600,1
45171664996688,12:32:51.664,26.5600,99
45171664996688,12:32:51.664,26.5600,1
45172694233483,12:32:52.694,26.5600,99
45172694233483,12:32:52.694,26.5600,1
45172694296458,12:32:52.694,26.5600,26
45197791617587,12:33:17.791,26.5600,36
45197791617587,12:33:17.791,26.5600,164
45197791643382,12:33:17.791,26.5600,21
45197791643382,12:33:17.791,26.5600,41
45214543436473,12:33:34.543,26.5700,100
45214543436473,12:33:34.543,26.5700,100
45235428725008,12:33:55.428,26.5700,91
45244458904482,12:34:04.458,26.5700,200
45314699242024,12:35:14.699,26.5600,230
45314699374937,12:35:14.699,26.5600,100
45314699374937,12:35:14.699,26.5600,100
45417396500702,12:36:57.396,26.5600,100
45417396500702,12:36:57.396,26.5600,34
45417396500702,12:36:57.396,26.5600,44
45541548421529,12:39:01.548,26.5600,100
45541548421529,12:39:01.548,26.5600,100
45541548421529,12:39:01.548,26.5600,28
45541548479360,12:39:01.548,26.5600,72
45569202176972,12:39:29.202,26.5500,20
45569202202960,12:39:29.202,26.5500,80
45569202202960,12:39:29.202,26.5500,56
45569202478270,12:39:29.202,26.5500,44
45569202478270,12:39:29.202,26.5500,100
45569202478270,12:39:29.202,26.5500,74
45569202478270,12:39:29.202,26.5500,28
45569888015444,12:39:29.888,26.5550,100
45680213570465,12:41:20.213,26.5600,90
45682830932061,12:41:22.830,26.5600,10
45724928771784,12:42:04.928,26.5500,100
45724929079552,12:42:04.929,26.5500,100
45724929504736,12:42:04.929,26.5500,300
45724929504736,12:42:04.929,26.5500,100
45830013995143,12:43:50.013,26.5500,100
45830013995143,12:43:50.013,26.5500,48
45851353562850,12:44:11.353,26.5500,100
45877866279994,12:44:37.866,26.5500,128
45877866279994,12:44:37.866,26.5500,100
45952710982436,12:45:52.710,26.5400,200
45952710982436,12:45:52.710,26.5400,200
45952710982436,12:45:52.710,26.5400,20
45952711162703,12:45:52.711,26.5400,100
46168715970790,12:49:28.715,26.5400,15
46168715970790,12:49:28.715,26.5400,200
46168715970790,12:49:28.715,26.5400,4
46168715970790,12:49:28.715,26.5400,100
46379045345076,12:52:59.045,26.5400,1
46379045345076,12:52:59.045,26.5400,88
46386217948858,12:53:06.217,26.5400,3
46386217948858,12:53:06.217,26.5400,100
46386217948858,12:53:06.217,26.5400,20
46426817373093,12:53:46.817,26.5300,16
46426825150621,12:53:46.825,26.5300,16
46450364061671,12:54:10.364,26.5300,4
46450364061671,12:54:10.364,26.5300,400
46671146312019,12:57:51.146,26.5300,9
46671146312019,12:57:51.146,26.5300,91
46683946112166,12:58:03.946,26.5300,70
46683946112166,12:58:03.946,26.5300,11
46683946112166,12:58:03.946,26.5300,100
46778018881556,12:59:38.018,26.5200,20
46778018881556,12:59:38.018,26.5200,12
46778018881556,12:59:38.018,26.5200,23
46787731794357,12:59:47.731,26.5100,100
46787731794357,12:59:47.731,26.5100,100
46787731794357,12:59:47.731,26.5100,156
46809330136041,13:00:09.330,26.5100,2
46809330136041,13:00:09.330,26.5100,1
46809330136041,13:00:09.330,26.5100,1
46809330136041,13:00:09.330,26.5100,1
46845025042820,13:00:45.025,26.5150,100
46880805028633,13:01:20.805,26.5150,100
47016348983780,13:03:36.348,26.5100,100
47016348983780,13:03:36.348,26.5100,100
47312047306933,13:08:32.047,26.5100,100
47312047306933,13:08:32.047,26.5100,100
47312047306933,13:08:32.047,26.5100,100
47312047306933,13:08:32.047,26.5100,100
47312047306933,13:08:32.047,26.5100,100
47312047306933,13:08:32.047,26.5100,18
47418931080391,13:10:18.931,26.5100,600
47418931080391,13:10:18.931,26.5100,100
47418931080391,13:10:18.931,26.5100,100
47418931080391,13:10:18.931,26.5100,100
47418931080391,13:10:18.931,26.5100,100
47424045246452,13:10:24.045,26.5000,20
47424045246452,13:10:24.045,26.5000,34
47522338837474,13:12:02.338,26.4900,100
47522353424057,13:12:02.353,26.4900,100
47544860782404,13:12:24.860,26.4900,10
47544860782404,13:12:24.860,26.4900,90
47544860819191,13:12:24.860,26.4900,10
47664948242984,13:14:24.948,26.4900,100
47664948930764,13:14:24.948,26.4900,200
47672584421833,13:14:32.584,26.4900,100
47689578806009,13:14:49.578,26.4900,106
47771171936736,13:16:11.171,26.4900,100
47771171936736,13:16:11.171,26.4900,100
47850291789942,13:17:30.291,26.4900,100
47850291789942,13:17:30.291,26.4900,200
47850291789942,13:17:30.291,26.4900,100
47850291789942,13:17:30.291,26.4900,100
47927300233392,13:18:47.300,26.4800,100
47927300233392,13:18:47.300,26.4800,100
47927300233392,13:18:47.300,26.4800,20
47927300233392,13:18:47.300,26.4800,100
47927300233392,13:18:47.300,26.4800,100
48045857076650,13:20:45.857,26.4700,7
48045857361173,13:20:45.857,26.4700,93
48045857361173,13:20:45.857,26.4700,100
48045857361173,13:20:45.857,26.4700,106
48083629458245,13:21:23.629,26.4600,20
48124551156411,13:22:04.551,26.4500,100
48131172235157,13:22:11.172,26.4600,900
48131172235157,13:22:11.172,26.4600,100
48131246515292,13:22:11.246,26.4600,100
48131246515292,13:22:11.246,26.4600,100
48131628754809,13:22:11.628,26.4600,100
48137411960746,13:22:17.411,26.4600,100
48137411989192,13:22:17.411,26.4600,100
48199902232150,13:23:19.902,26.4600,100
48200639814958,13:23:20.639,26.4800,300
48269309375963,13:24:29.309,26.4800,100
48269312647136,13:24:29.312,26.4800,800
48375507209144,13:26:15.507,26.5000,100
48375507209144,13:26:15.507,26.5000,100
48375507209144,13:26:15.507,26.5000,99
48377831726369,13:26:17.831,26.4900,100
48377831726369,13:26:17.831,26.4900,300
48377831726369,13:26:17.831,26.4900,1
48377831726369,13:26:17.831,26.4900,114
48377831726369,13:26:17.831,26.4900,100
48377831726369,13:26:17.831,26.4900,85
48377831762758,13:26:17.831,26.4900,15
48377831762758,13:26:17.831,26.4900,90
48379698020434,13:26:19.698,26.4950,100
48379698021166,13:26:19.698,26.4950,100
48380209005578,13:26:20.209,26.4950,100
48404616231509,13:26:44.616,26.5000,100
48595731437425,13:29:55.731,26.5000,130
48595731437425,13:29:55.731,26.5000,100
48595731437425,13:29:55.731,26.5000,50
48595731437425,13:29:55.731,26.5000,20
48595731508795,13:29:55.731,26.5000,80
48595736536502,13:29:55.736,26.4900,100
48595736536502,13:29:55.736,26.4900,16
48821512239167,13:33:41.512,26.4900,50
48821512239167,13:33:41.512,26.4900,100
48821512239167,13:33:41.512,26.4900,100
48821512239167,13:33:41.512,26.4900,100
48830115233681,13:33:50.115,26.4800,100
48830115233681,13:33:50.115,26.4800,100
48830115233681,13:33:50.115,26.4800,50
49047378853752,13:37:27.378,26.4800,500
49047378853752,13:37:27.378,26.4800,100
49047378853752,13:37:27.378,26.4800,29
49057238454251,13:37:37.238,26.4900,100
49338907518344,13:42:18.907,26.4800,100
49338907518344,13:42:18.907,26.4800,100
49338907518344,13:42:18.907,26.4800,100
49338907518344,13:42:18.907,26.4800,100
49353811800427,13:42:33.811,26.4800,49
49353811800427,13:42:33.811,26.4800,100
49423102707440,13:43:43.102,26.4900,26
49423102707440,13:43:43.102,26.4900,200
49468255932602,13:44:28.255,26.4900,100
49468255946302,13:44:28.255,26.4900,100
49468275904158,13:44:28.275,26.4900,100
49468275904158,13:44:28.275,26.4900,100
49680356535368,13:48:00.356,26.4800,100
49680356535368,13:48:00.356,26.4800,100
49982984671346,13:53:02.984,26.4800,20
49995134587731,13:53:15.134,26.4800,280
49995134587731,13:53:15.134,26.4800,100
49995134587731,13:53:15.134,26.4800,100
49995134587731,13:53:15.134,26.4800,100
49995134587731,13:53:15.134,26.4800,100
49995134587731,13:53:15.134,26.4800,44
49995134727387,13:53:15.134,26.4800,80
50057515473023,13:54:17.515,26.4900,200
50057515473023,13:54:17.515,26.4900,300
50057515473023,13:54:17.515,26.4900,100
50057515668257,13:54:17.515,26.4900,40
50284261716713,13:58:04.261,26.4900,100
50284261716713,13:58:04.261,26.4900,100
50284261716713,13:58:04.261,26.4900,100
50284261716713,13:58:04.261,26.4900,100
50284261716713,13:58:04.261,26.4900,100
50284261716713,13:58:04.261,26.4900,100
50284261716713,13:58:04.261,26.4900,1
50298336724119,13:58:18.336,26.4900,20
50313173780329,13:58:33.173,26.4800,100
50330777860481,13:58:50.777,26.4800,100
50330777860481,13:58:50.777,26.4800,29
50330777869090,13:58:50.777,26.4800,71
50330777869090,13:58:50.777,26.4800,100
50330777869090,13:58:50.777,26.4800,100
50402688425948,14:00:02.688,26.4700,24
50402690438935,14:00:02.690,26.4700,76
50402690438935,14:00:02.690,26.4700,100
50402690438935,14:00:02.690,26.4700,24
50402690951635,14:00:02.690,26.4700,76
50402690951635,14:00:02.690,26.4700,100
50402704210694,14:00:02.704,26.4700,300
50402713812696,14:00:02.713,26.4700,300
50402753359377,14:00:02.753,26.4700,200
50402757252973,14:00:02.757,26.4700,100
50402757252973,14:00:02.757,26.4700,100
50403148918486,14:00:03.148,26.4700,100
50405719305753,14:00:05.719,26.4700,300
50405846045137,14:00:05.846,26.4700,100
50405955763413,14:00:05.955,26.4700,6
50406037482864,14:00:06.037,26.4700,357
50407378510621,14:00:07.378,26.4800,100
50407378510621,14:00:07.378,26.4800,100
50407378510621,14:00:07.378,26.4800,100
50409005399719,14:00:09.005,26.5000,100
50409073510933,14:00:09.073,26.5100,23
50409329949903,14:00:09.329,26.5100,66
50409442023825,14:00:09.442,26.5200,200
50409442023825,14:00:09.442,26.5200,156
50409586146848,14:00:09.586,26.5300,100
50409963919126,14:00:09.963,26.5200,100
50413069528618,14:00:13.069,26.5300,359
50416057194790,14:00:16.057,26.5400,50
50416057239247,14:00:16.057,26.5400,300
50416057597636,14:00:16.057,26.5400,100
50421917086679,14:00:21.917,26.5400,100
50421918412718,14:00:21.918,26.5400,14
50422203196710,14:00:22.203,26.5400,186
50423322143102,14:00:23.322,26.5400,200
50423322457468,14:00:23.322,26.5300,354
50423322457468,14:00:23.322,26.5300,50
50423336830183,14:00:23.336,26.5200,100
50423336830183,14:00:23.336,26.5200,100
50423336830183,14:00:23.336,26.5200,100
50423336830183,14:00:23.336,26.5200,100
50423356687793,14:00:23.356,26.5300,100
50423356687793,14:00:23.356,26.5300,100
50423356687793,14:00:23.356,26.5300,100
50423356687793,14:00:23.356,26.5300,100
50429236701112,14:00:29.236,26.5300,100
50429236701112,14:00:29.236,26.5200,14
50442132911708,14:00:42.132,26.5500,100
50442393552780,14:00:42.393,26.5500,100
50446509598786,14:00:46.509,26.5400,100
50460670815182,14:01:00.670,26.5600,100
50460670815182,14:01:00.670,26.5600,300
50460940763934,14:01:00.940,26.5600,109
50460940763934,14:01:00.940,26.5600,100
50480369595471,14:01:20.369,26.5700,188
50480369611104,14:01:20.369,26.5700,12
50480369611104,14:01:20.369,26.5700,100
50480369611104,14:01:20.369,26.5700,300
50519184887780,14:01:59.184,26.5700,100
50519184887780,14:01:59.184,26.5700,51
50519184896530,14:01:59.184,26.5700,49
50519184896530,14:01:59.184,26.5700,100
50520750469980,14:02:00.750,26.5700,100
50537830046949,14:02:17.830,26.5600,100
50537830046949,14:02:17.830,26.5600,100
50552260626691,14:02:32.260,26.5500,20
50598843770746,14:03:18.843,26.5600,100
50598843770746,14:03:18.843,26.5600,100
50600854946370,14:03:20.854,26.5650,100
50600854946370,14:03:20.854,26.5700,100
50600854946370,14:03:20.854,26.5700,100
50600854946370,14:03:20.854,26.5700,100
50672477753368,14:04:32.477,26.5800,200
50672477753368,14:04:32.477,26.5800,25
50678361210925,14:04:38.361,26.5900,1
50678373152732,14:04:38.373,26.6000,100
50684549853023,14:04:44.549,26.6000,100
50711058952818,14:05:11.058,26.6000,100
50905709697846,14:08:25.709,26.6100,80
50905709709101,14:08:25.709,26.6050,100
50905709709101,14:08:25.709,26.6100,120
50905709709101,14:08:25.709,26.6100,100
50905709731858,14:08:25.709,26.6100,100
50920686370569,14:08:40.686,26.6200,200
50920686370569,14:08:40.686,26.6200,35
50920686370569,14:08:40.686,26.6200,65
50928066653959,14:08:48.066,26.6200,35
50977861119483,14:09:37.861,26.6200,78
50977861222118,14:09:37.861,26.6200,49
50977861250449,14:09:37.861,26.6200,73
50977861250449,14:09:37.861,26.6200,100
50977861250449,14:09:37.861,26.6200,100
50977861250449,14:09:37.861,26.6200,100
50977861250449,14:09:37.861,26.6200,100
50977861250449,14:09:37.861,26.6200,100
50977861250449,14:09:37.861,26.6200,100
50977861250449,14:09:37.861,26.6200,100
51037907556691,14:10:37.907,26.6200,200
51037907556691,14:10:37.907,26.6200,200
51037907556691,14:10:37.907,26.6200,100
51037907556691,14:10:37.907,26.6200,100
51046397464916,14:10:46.397,26.6300,1
51046397464916,14:10:46.397,26.6300,1
51047427458735,14:10:47.427,26.6400,67
51048106670312,14:10:48.106,26.6300,200
51063912687004,14:11:03.912,26.6400,200
51063914611269,14:11:03.914,26.6500,100
51067207997274,14:11:07.207,26.6500,100
51067207997274,14:11:07.207,26.6500,100
51094594378928,14:11:34.594,26.6400,100
51094594380311,14:11:34.594,26.6400,100
51094594398370,14:11:34.594,26.6400,100
51097045355111,14:11:37.045,26.6400,20
51097047485353,14:11:37.047,26.6400,100
51132495905445,14:12:12.495,26.6500,100
51132495905445,14:12:12.495,26.6500,200
51132495905445,14:12:12.495,26.6500,57
51140719887327,14:12:20.719,26.6500,100
51151396985792,14:12:31.396,26.6600,100
51151396985792,14:12:31.396,26.6600,100
51151421800230,14:12:31.421,26.6700,100
51151421800230,14:12:31.421,26.6700,100
51151421800230,14:12:31.421,26.6700,5
51151421805417,14:12:31.421,26.6700,195
51151421805417,14:12:31.421,26.6700,100
51173872312704,14:12:53.872,26.6700,65
51173872312704,14:12:53.872,26.6700,100
51183667200958,14:13:03.667,26.6700,100
51199114350085,14:13:19.114,26.6700,100
51233907413854,14:13:53.907,26.6800,100
51233907413854,14:13:53.907,26.6800,100
51248412855543,14:14:08.412,26.6700,35
51285780562374,14:14:45.780,26.6800,60
51300175359822,14:15:00.175,26.6800,100
51300556657485,14:15:00.556,26.6700,200
51300556657485,14:15:00.556,26.6700,100
51300556657485,14:15:00.556,26.6700,100
51300556657485,14:15:00.556,26.6700,100
51300556657485,14:15:00.556,26.6700,100
51300556657485,14:15:00.556,26.6700,100
51304584335904,14:15:04.584,26.6700,75
51307616505929,14:15:07.616,26.6700,100
51324263402437,14:15:24.263,26.6800,100
51341989102820,14:15:41.989,26.6700,100
51341989102820,14:15:41.989,26.6700,29
51346931025156,14:15:46.931,26.6700,100
51398517967948,14:16:38.517,26.6800,100
51398517967948,14:16:38.517,26.6800,197
51398517967948,14:16:38.517,26.6800,75
51398517967948,14:16:38.517,26.6800,48
51398517967948,14:16:38.517,26.6800,100
51399236420330,14:16:39.236,26.6900,100
51425981297021,14:17:05.981,26.7000,100
51429964778220,14:17:09.964,26.7100,8
51429964778220,14:17:09.964,26.7100,1
51429966098252,14:17:09.966,26.7200,70
51432666947403,14:17:12.666,26.7100,100
51432666954925,14:17:12.666,26.7100,100
51474358089998,14:17:54.358,26.7100,100
51474358089998,14:17:54.358,26.7100,100
51474362687397,14:17:54.362,26.7100,1
51499699833353,14:18:19.699,26.7000,100
51505364523589,14:18:25.364,26.7000,100
51523121067299,14:18:43.121,26.7000,100
51560465977300,14:19:20.465,26.7000,20
51572547566524,14:19:32.547,26.7000,80
51572547566524,14:19:32.547,26.7000,95
51572547566524,14:19:32.547,26.7000,41
51572547566524,14:19:32.547,26.7000,100
51572547566524,14:19:32.547,26.7000,200
51572547566524,14:19:32.547,26.7000,100
51577636379291,14:19:37.636,26.7100,66
51577636379291,14:19:37.636,26.7100,200
51577707972180,14:19:37.707,26.7200,3
51583912705509,14:19:43.912,26.7200,197
51594442656675,14:19:54.442,26.7300,100
51594442656675,14:19:54.442,26.7300,100
51594442656675,14:19:54.442,26.7300,100
51594442656675,14:19:54.442,26.7300,100
51594442656675,14:19:54.442,26.7300,100
51594442656675,14:19:54.442,26.7300,100
51635678956214,14:20:35.678,26.7300,21
51635678956214,14:20:35.678,26.7300,100
51635678956214,14:20:35.678,26.7300,79
51635680480148,14:20:35.680,26.7300,21
51654263252378,14:20:54.263,26.7300,200
51654263252378,14:20:54.263,26.7300,67
51654263252378,14:20:54.263,26.7300,100
51654265919718,14:20:54.265,26.7300,25
51654265919718,14:20:54.265,26.7300,16
51656089154443,14:20:56.089,26.7300,100
51656089154443,14:20:56.089,26.7300,100
51660209746421,14:21:00.209,26.7300,10
51714631677661,14:21:54.631,26.7400,100
51714631677661,14:21:54.631,26.7400,100
51735070872282,14:22:15.070,26.7400,100
51735070872282,14:22:15.070,26.7400,100
51746562425709,14:22:26.562,26.7500,100
51746562425709,14:22:26.562,26.7500,100
51750384107854,14:22:30.384,26.7500,200
51759561962082,14:22:39.561,26.7600,100
51759561962082,14:22:39.561,26.7600,100
51759561962082,14:22:39.561,26.7600,100
51765846195507,14:22:45.846,26.7600,100
51775560791857,14:22:55.560,26.7500,100
51785576257363,14:23:05.576,26.7600,41
51785576257363,14:23:05.576,26.7600,2
51785576257363,14:23:05.576,26.7600,100
51785576257363,14:23:05.576,26.7600,200
51802302003502,14:23:22.302,26.7600,100
51840608676276,14:24:00.608,26.7400,100
51840608676276,14:24:00.608,26.7400,100
51840608676276,14:24:00.608,26.7400,100
51840608676276,14:24:00.608,26.7400,100
51879617419579,14:24:39.617,26.7350,100
51880209683588,14:24:40.209,26.7350,107
51880209683588,14:24:40.209,26.7400,100
51880209683588,14:24:40.209,26.7400,33
51880209683588,14:24:40.209,26.7400,106
51880210120277,14:24:40.210,26.7400,7
51880210120277,14:24:40.210,26.7400,100
51884199728226,14:24:44.199,26.7500,100
51987196492285,14:26:27.196,26.7500,100
51987196492285,14:26:27.196,26.7500,100
51987196492285,14:26:27.196,26.7500,61
51987196516273,14:26:27.196,26.7500,104
51987196516273,14:26:27.196,26.7500,100
51987196516273,14:26:27.196,26.7500,100
51987196516273,14:26:27.196,26.7500,37
51987196726858,14:26:27.196,26.7500,23
51987196726858,14:26:27.196,26.7500,77
51987196935001,14:26:27.196,26.7500,100
51987207024623,14:26:27.207,26.7500,23
51987207024623,14:26:27.207,26.7500,68
51993381544050,14:26:33.381,26.7500,41
52030407217878,14:27:10.407,26.7500,100
52030407217878,14:27:10.407,26.7500,100
52030407217878,14:27:10.407,26.7500,100
52030407217878,14:27:10.407,26.7500,100
52030407217878,14:27:10.407,26.7500,300
52044486674004,14:27:24.486,26.7400,100
52046396897422,14:27:26.396,26.7400,200
52046396897422,14:27:26.396,26.7400,200
52046396897422,14:27:26.396,26.7400,100
52046396897422,14:27:26.396,26.7400,100
52046396897422,14:27:26.396,26.7400,100
52046396897422,14:27:26.396,26.7400,85
52046396902991,14:27:26.396,26.7400,15
52046396902991,14:27:26.396,26.7400,100
52046396902991,14:27:26.396,26.7400,200
52132961812612,14:28:52.961,26.7400,300
52132961812612,14:28:52.961,26.7400,100
52132961812612,14:28:52.961,26.7400,100
52204054153600,14:30:04.054,26.7400,100
52204054153600,14:30:04.054,26.7400,100
52204054153600,14:30:04.054,26.7400,100
52204054153600,14:30:04.054,26.7400,100
52204054153600,14:30:04.054,26.7400,79
52204054392698,14:30:04.054,26.7400,79
52204054414384,14:30:04.054,26.7400,21
52204054414384,14:30:04.054,26.7400,79
52204054418675,14:30:04.054,26.7400,21
52204054705798,14:30:04.054,26.7400,100
52204787480839,14:30:04.787,26.7400,100
52204787480839,14:30:04.787,26.7400,100
52204787480839,14:30:04.787,26.7400,100
52204787480839,14:30:04.787,26.7400,100
52204787717797,14:30:04.787,26.7400,200
52204787896898,14:30:04.787,26.7400,168
52204787896898,14:30:04.787,26.7400,100
52204787896898,14:30:04.787,26.7400,132
52257840844523,14:30:57.840,26.7500,100
52257840911973,14:30:57.840,26.7500,100
52257840949378,14:30:57.840,26.7500,100
52257840974824,14:30:57.840,26.7500,27
52257840974824,14:30:57.840,26.7500,104
52257840974824,14:30:57.840,26.7500,100
52257840974824,14:30:57.840,26.7500,100
52269557811119,14:31:09.557,26.7500,100
52269557811119,14:31:09.557,26.7500,2
52395971104080,14:33:15.971,26.7200,100
52395971104080,14:33:15.971,26.7200,100
52395971104080,14:33:15.971,26.7200,200
52395971302136,14:33:15.971,26.7200,200
52427204462666,14:33:47.204,26.7200,20
52506424067626,14:35:06.424,26.7200,200
52506424067626,14:35:06.424,26.7200,500
52506424067626,14:35:06.424,26.7200,400
52506424067626,14:35:06.424,26.7200,58
52506424067626,14:35:06.424,26.7200,100
52506424067626,14:35:06.424,26.7200,157
52512425817810,14:35:12.425,26.7300,200
52512425817810,14:35:12.425,26.7300,100
52512425817810,14:35:12.425,26.7300,100
52512425817810,14:35:12.425,26.7300,200
52542015061359,14:35:42.015,26.7300,200
52542015061359,14:35:42.015,26.7300,100
52542015061359,14:35:42.015,26.7300,100
52555955112044,14:35:55.955,26.7300,100
52579317101524,14:36:19.317,26.7200,1
52579317101524,14:36:19.317,26.7200,44
52579317476747,14:36:19.317,26.7200,56
52668727964912,14:37:48.727,26.7200,200
52668728018133,14:37:48.728,26.7200,100
52668728018133,14:37:48.728,26.7200,96
52668728018133,14:37:48.728,26.7200,100
52668728018133,14:37:48.728,26.7200,100
52668728018133,14:37:48.728,26.7200,100
52673542571325,14:37:53.542,26.7200,100
52755509544091,14:39:15.509,26.7200,100
52755509544091,14:39:15.509,26.7200,100
52791053746269,14:39:51.053,26.7150,20
52810439603758,14:40:10.439,26.7100,100
52810439603758,14:40:10.439,26.7100,60
52810439603758,14:40:10.439,26.7100,100
52810439603758,14:40:10.439,26.7100,100
52830138419621,14:40:30.138,26.6950,100
52895262347888,14:41:35.262,26.6900,100
52895263032741,14:41:35.263,26.6900,31
52898026564432,14:41:38.026,26.6900,69
52898026564432,14:41:38.026,26.6900,31
52899158767875,14:41:39.158,26.6900,69
52899158767875,14:41:39.158,26.6900,31
52899159262815,14:41:39.159,26.6900,69
52986414951513,14:43:06.414,26.6800,43
52986414961546,14:43:06.414,26.6800,57
52986414961546,14:43:06.414,26.6800,100
52996002373854,14:43:16.002,26.6700,200
53002322222398,14:43:22.322,26.6700,400
53009265585290,14:43:29.265,26.6750,100
53009265585290,14:43:29.265,26.6800,100
53009265585290,14:43:29.265,26.6800,100
53009265585290,14:43:29.265,26.6800,54
53009265614560,14:43:29.265,26.6800,46
53009265614560,14:43:29.265,26.6800,54
53009265796835,14:43:29.265,26.6800,300
53034759427091,14:43:54.759,26.6850,100
53040624325072,14:44:00.624,26.6900,100
53054358107238,14:44:14.358,26.6900,100
53054358107238,14:44:14.358,26.6900,100
53071390180623,14:44:31.390,26.6900,100
53137332934198,14:45:37.332,26.6900,100
53144468073313,14:45:44.468,26.6900,65
53189263224708,14:46:29.263,26.6900,100
53189263224708,14:46:29.263,26.6900,60
53230741162836,14:47:10.741,26.7100,100
53298662922945,14:48:18.662,26.7100,100
53298662922945,14:48:18.662,26.7100,100
53298662922945,14:48:18.662,26.7100,200
53298662922945,14:48:18.662,26.7100,100
53435677011248,14:50:35.677,26.7000,36
53435677456711,14:50:35.677,26.7000,64
53435677456711,14:50:35.677,26.7000,100
53435677456711,14:50:35.677,26.7000,100
53435677456711,14:50:35.677,26.7000,100
53466552278190,14:51:06.552,26.6900,18
53466552280822,14:51:06.552,26.6900,182
53466552280822,14:51:06.552,26.6900,100
53504997376368,14:51:44.997,26.6800,200
53511161394666,14:51:51.161,26.6900,100
53511161394666,14:51:51.161,26.6900,37
53511161394666,14:51:51.161,26.6900,51
53523591814495,14:52:03.591,26.7000,100
53523591814495,14:52:03.591,26.7000,100
53526133505198,14:52:06.133,26.7000,25
53526133505198,14:52:06.133,26.7000,277
53540756149926,14:52:20.756,26.7100,10
53574536652117,14:52:54.536,26.7200,100
53574536652117,14:52:54.536,26.7200,100
53574536652117,14:52:54.536,26.7200,100
53574536652117,14:52:54.536,26.7200,1
53574536652117,14:52:54.536,26.7200,143
53574536702191,14:52:54.536,26.7200,42
53600338356153,14:53:20.338,26.7300,100
53600739011572,14:53:20.739,26.7300,100
53600739011572,14:53:20.739,26.7300,100
53626413498291,14:53:46.413,26.7400,100
53626778450475,14:53:46.778,26.7400,33
53626778450475,14:53:46.778,26.7400,100
53631725208869,14:53:51.725,26.7400,68
53639926305610,14:53:59.926,26.7400,100
53641407732489,14:54:01.407,26.7400,100
53653597724507,14:54:13.597,26.7400,25
53653597724507,14:54:13.597,26.7400,100
53653597724507,14:54:13.597,26.7400,100
53689080022198,14:54:49.080,26.7400,100
53689080022198,14:54:49.080,26.7400,149
53689080030427,14:54:49.080,26.7400,51
53689080030427,14:54:49.080,26.7400,100
53689080030427,14:54:49.080,26.7400,100
53689080030427,14:54:49.080,26.7400,10
53738622448028,14:55:38.622,26.7300,100
53738622448028,14:55:38.622,26.7300,100
53789709153367,14:56:29.709,26.7400,200
53789709153367,14:56:29.709,26.7400,65
53789709153367,14:56:29.709,26.7400,25
53789709153367,14:56:29.709,26.7400,100
53789772839912,14:56:29.772,26.7500,100
53803218766118,14:56:43.218,26.7500,100
53803218766118,14:56:43.218,26.7500,100
53803218766118,14:56:43.218,26.7500,100
53803218766118,14:56:43.218,26.7500,100
53804581387393,14:56:44.581,26.7500,45
53804581498547,14:56:44.581,26.7500,153
53804581841969,14:56:44.581,26.7500,202
53804581841969,14:56:44.581,26.7500,105
53804581841969,14:56:44.581,26.7500,46
53808684865795,14:56:48.684,26.7600,100
53822881094395,14:57:02.881,26.7600,100
53822881121229,14:57:02.881,26.7600,1
53822881121229,14:57:02.881,26.7600,28
53882517462887,14:58:02.517,26.7600,100
53882517462887,14:58:02.517,26.7600,100
53913341735141,14:58:33.341,26.7700,21
53913341791347,14:58:33.341,26.7700,43
53913341796778,14:58:33.341,26.7700,36
53913341796778,14:58:33.341,26.7700,100
53913341796778,14:58:33.341,26.7700,168
53913341796778,14:58:33.341,26.7700,79
53913341796778,14:58:33.341,26.7700,26
53957978079510,14:59:17.978,26.7800,200
53957978079510,14:59:17.978,26.7800,100
53957978079510,14:59:17.978,26.7800,58
53957978079510,14:59:17.978,26.7800,83
53957978079510,14:59:17.978,26.7800,100
54000415003135,15:00:00.415,26.7900,100
54004263112697,15:00:04.263,26.7900,100
54004263112697,15:00:04.263,26.7900,100
54007799122883,15:00:07.799,26.7800,100
54007799122883,15:00:07.799,26.7800,1
54007799122883,15:00:07.799,26.7800,200
54007799122883,15:00:07.799,26.7800,54
54007799122883,15:00:07.799,26.7800,100
54007799122883,15:00:07.799,26.7800,100
54013815303468,15:00:13.815,26.7800,42
54046158047726,15:00:46.158,26.7900,100
54058477985496,15:00:58.477,26.7900,56
54058478003156,15:00:58.478,26.7900,44
54058478003156,15:00:58.478,26.7900,100
54058478003156,15:00:58.478,26.7900,100
54128243976398,15:02:08.243,26.7800,100
54128243976398,15:02:08.243,26.7800,61
54128243976398,15:02:08.243,26.7800,100
54186150051461,15:03:06.150,26.7700,100
54186150051461,15:03:06.150,26.7700,100
54186150051461,15:03:06.150,26.7700,13
54200842775159,15:03:20.842,26.7600,10
54222673012560,15:03:42.673,26.7500,100
54306459874099,15:05:06.459,26.7400,100
54306459874099,15:05:06.459,26.7400,100
54306459874099,15:05:06.459,26.7400,50
54306459874099,15:05:06.459,26.7400,100
54306459874099,15:05:06.459,26.7400,50
54306460399080,15:05:06.460,26.7400,50
54312361748450,15:05:12.361,26.7300,100
54336197065751,15:05:36.197,26.7300,100
54356289186613,15:05:56.289,26.7300,100
54356289186613,15:05:56.289,26.7300,100
54356446464775,15:05:56.446,26.7300,100
54356446464775,15:05:56.446,26.7300,100
54386882640673,15:06:26.882,26.7300,100
54386882640673,15:06:26.882,26.7300,62
54386882640673,15:06:26.882,26.7300,100
54386882640673,15:06:26.882,26.7300,100
54391298368303,15:06:31.298,26.7300,71
54391298427029,15:06:31.298,26.7300,100
54391298538097,15:06:31.298,26.7300,29
54391298538097,15:06:31.298,26.7300,44
54397340298197,15:06:37.340,26.7300,294
54397340298197,15:06:37.340,26.7300,100
54397340298197,15:06:37.340,26.7300,100
54397340298197,15:06:37.340,26.7300,500
54397340298197,15:06:37.340,26.7300,200
54397340298197,15:06:37.340,26.7300,300
54397340393575,15:06:37.340,26.7300,200
54397340964617,15:06:37.340,26.7300,100
54404246044493,15:06:44.246,26.7350,100
54474933740719,15:07:54.933,26.7400,450
54474933740719,15:07:54.933,26.7400,100
54474933740719,15:07:54.933,26.7400,53
54474933740719,15:07:54.933,26.7400,100
54474933740719,15:07:54.933,26.7400,200
54474933740719,15:07:54.933,26.7400,71
54541796992931,15:09:01.796,26.7500,100
54541796992931,15:09:01.796,26.7500,100
54541796992931,15:09:01.796,26.7500,100
54541796994948,15:09:01.796,26.7500,100
54541796994948,15:09:01.796,26.7500,100
54541796994948,15:09:01.796,26.7500,60
54551450621412,15:09:11.450,26.7400,400
54551450647532,15:09:11.450,26.7400,100
54579559881020,15:09:39.559,26.7300,10
54579883819313,15:09:39.883,26.7300,100
54632763873354,15:10:32.763,26.7100,52
54638654921045,15:10:38.654,26.7100,100
54688790354552,15:11:28.790,26.7000,500
54688790354552,15:11:28.790,26.7000,200
54688790354552,15:11:28.790,26.7000,66
54732923846087,15:12:12.923,26.7000,400
54732923846087,15:12:12.923,26.7000,78
54732923862253,15:12:12.923,26.7000,22
54732923862253,15:12:12.923,26.7000,100
54785501399747,15:13:05.501,26.7000,100
54785501399747,15:13:05.501,26.7000,100
54785501399747,15:13:05.501,26.7000,26
54785501399747,15:13:05.501,26.7000,170
54785501431957,15:13:05.501,26.7000,30
54785501431957,15:13:05.501,26.7000,58
54785501594657,15:13:05.501,26.7000,100
54785501652428,15:13:05.501,26.7000,100
54809356781713,15:13:29.356,26.7000,400
54809356781713,15:13:29.356,26.7000,100
54809356781713,15:13:29.356,26.7000,100
54809356781713,15:13:29.356,26.7000,63
54809356781713,15:13:29.356,26.7000,100
54922102539733,15:15:22.102,26.7000,28
54922102539733,15:15:22.102,26.7000,100
54922102539733,15:15:22.102,26.7000,100
54922102539733,15:15:22.102,26.7000,100
54922102539733,15:15:22.102,26.7000,76
54922102539733,15:15:22.102,26.7000,100
54922102539733,15:15:22.102,26.7000,100
54926102516299,15:15:26.102,26.7100,100
54926102516299,15:15:26.102,26.7100,100
54926102516299,15:15:26.102,26.7100,100
54948755082232,15:15:48.755,26.7200,200
54948755082232,15:15:48.755,26.7200,200
54948755082232,15:15:48.755,26.7200,200
54955410071201,15:15:55.410,26.7200,80
54955410071201,15:15:55.410,26.7200,20
54973384672929,15:16:13.384,26.7200,80
54973384672929,15:16:13.384,26.7200,20
54973384680283,15:16:13.384,26.7200,80
54973384680283,15:16:13.384,26.7200,30
54999557607554,15:16:39.557,26.7200,100
54999557607554,15:16:39.557,26.7200,100
54999557607554,15:16:39.557,26.7200,100
54999557607554,15:16:39.557,26.7200,1
54999557607554,15:16:39.557,26.7200,100
54999557607554,15:16:39.557,26.7200,117
54999557607554,15:16:39.557,26.7200,100
54999557607554,15:16:39.557,26.7200,100
55010206677924,15:16:50.206,26.7200,100
55040729360745,15:17:20.729,26.7200,100
55040729360745,15:17:20.729,26.7200,200
55072782186932,15:17:52.782,26.7300,1
55072782186932,15:17:52.782,26.7300,100
55072782186932,15:17:52.782,26.7300,16
55072782186932,15:17:52.782,26.7300,77
55072782186932,15:17:52.782,26.7300,100
55072782186932,15:17:52.782,26.7300,100
55102309230595,15:18:22.309,26.7400,100
55102309230595,15:18:22.309,26.7400,37
55102309230595,15:18:22.309,26.7400,100
55115985714740,15:18:35.985,26.7500,100
55154171489166,15:19:14.171,26.7500,75
55154171489166,15:19:14.171,26.7500,100
55154171489166,15:19:14.171,26.7500,100
55154171489166,15:19:14.171,26.7500,100
55154171609473,15:19:14.171,26.7500,100
55154171623647,15:19:14.171,26.7500,100
55181463859434,15:19:41.463,26.7600,100
55181463859434,15:19:41.463,26.7600,100
55181463859434,15:19:41.463,26.7600,100
55183880861190,15:19:43.880,26.7600,100
55183881026411,15:19:43.881,26.7600,77
55244730070313,15:20:44.730,26.7600,100
55244730070313,15:20:44.730,26.7600,100
55244730070313,15:20:44.730,26.7600,100
55244730070313,15:20:44.730,26.7600,100
55244851801430,15:20:44.851,26.7600,400
55244851801430,15:20:44.851,26.7600,18
55292307850144,15:21:32.307,26.7600,300
55292307850144,15:21:32.307,26.7600,200
55292307850144,15:21:32.307,26.7600,200
55292307850144,15:21:32.307,26.7600,28
55292307907202,15:21:32.307,26.7600,69
55292307955243,15:21:32.307,26.7600,31
55296249051248,15:21:36.249,26.7500,100
55296249051248,15:21:36.249,26.7500,100
55296249051248,15:21:36.249,26.7500,100
55296249051248,15:21:36.249,26.7500,8
55311076100366,15:21:51.076,26.7400,100
55320326663261,15:22:00.326,26.7450,100
55320326663261,15:22:00.326,26.7500,100
55320326663261,15:22:00.326,26.7500,300
55320326663261,15:22:00.326,26.7500,200
55320326663261,15:22:00.326,26.7500,900
55320326663261,15:22:00.326,26.7500,300
55320326663261,15:22:00.326,26.7500,100
55320326663261,15:22:00.326,26.7500,200
55320326663261,15:22:00.326,26.7500,110
55320326663261,15:22:00.326,26.7500,100
55320326663261,15:22:00.326,26.7500,103
55320326663261,15:22:00.326,26.7500,100
55320326663261,15:22:00.326,26.7500,100
55320326663261,15:22:00.326,26.7500,187
55320326737630,15:22:00.326,26.7500,200
55320328301816,15:22:00.328,26.7500,100
55320357681136,15:22:00.357,26.7500,200
55320474021208,15:22:00.474,26.7500,75
55320611549207,15:22:00.611,26.7500,100
55321239246572,15:22:01.239,26.7500,98
55343072957659,15:22:23.072,26.7400,100
55343072957659,15:22:23.072,26.7400,100
55343072957659,15:22:23.072,26.7400,100
55366477059393,15:22:46.477,26.7300,100
55366477059393,15:22:46.477,26.7300,200
55366477059393,15:22:46.477,26.7300,100
55366477059393,15:22:46.477,26.7300,100
55366477059393,15:22:46.477,26.7300,36
55366477396379,15:22:46.477,26.7300,64
55454697334079,15:24:14.697,26.7200,100
55454697334079,15:24:14.697,26.7200,100
55454697334079,15:24:14.697,26.7200,100
55454697334079,15:24:14.697,26.7200,100
55454702935738,15:24:14.702,26.7100,100
55454702935738,15:24:14.702,26.7100,100
55454702935738,15:24:14.702,26.7100,100
55454702935738,15:24:14.702,26.7100,100
55454702935738,15:24:14.702,26.7100,100
55454702935738,15:24:14.702,26.7100,100
55454702935738,15:24:14.702,26.7100,100
55454702935738,15:24:14.702,26.7100,100
55454702935738,15:24:14.702,26.7100,100
55454702997937,15:24:14.702,26.7100,100
55454872292623,15:24:14.872,26.7100,200
55465085430104,15:24:25.085,26.7200,100
55542654980017,15:25:42.654,26.7100,1
55583282486735,15:26:23.282,26.7200,10
55594562812759,15:26:34.562,26.7200,190
55594562812759,15:26:34.562,26.7200,100
55594562812759,15:26:34.562,26.7200,100
55594562812759,15:26:34.562,26.7200,200
55594562812759,15:26:34.562,26.7200,136
55594562812759,15:26:34.562,26.7200,200
55659783590384,15:27:39.783,26.7300,1
55659783590384,15:27:39.783,26.7300,69
55659783590384,15:27:39.783,26.7300,5
55659783590384,15:27:39.783,26.7300,100
55673129925470,15:27:53.129,26.7400,100
55673129925470,15:27:53.129,26.7400,1
55673129925470,15:27:53.129,26.7400,200
55673129925470,15:27:53.129,26.7400,200
55673129925470,15:27:53.129,26.7400,108
55673129927537,15:27:53.129,26.7400,28
55692017299938,15:28:12.017,26.7500,100
55692017446369,15:28:12.017,26.7500,4
55725551372622,15:28:45.551,26.7600,200
55725551540835,15:28:45.551,26.7600,2
55725551544785,15:28:45.551,26.7600,2
55725551621849,15:28:45.551,26.7600,15
55725551656695,15:28:45.551,26.7600,83
55725551942626,15:28:45.551,26.7600,20
55725551990138,15:28:45.551,26.7600,80
55725552346796,15:28:45.552,26.7600,100
55727363670596,15:28:47.363,26.7600,200
55727363670596,15:28:47.363,26.7600,100
55742919589016,15:29:02.919,26.7500,100
55742919589016,15:29:02.919,26.7500,126
55742919589016,15:29:02.919,26.7500,100
55742919589016,15:29:02.919,26.7500,1
55802614219651,15:30:02.614,26.7400,100
55802614219651,15:30:02.614,26.7400,100
55802614219651,15:30:02.614,26.7400,100
55802614219651,15:30:02.614,26.7400,100
55802614219651,15:30:02.614,26.7400,20
55804133346218,15:30:04.133,26.7300,200
55804133346218,15:30:04.133,26.7300,100
55848795342693,15:30:48.795,26.7200,100
55848795342693,15:30:48.795,26.7200,100
55852186496341,15:30:52.186,26.7100,100
55852186496341,15:30:52.186,26.7100,100
55870763413222,15:31:10.763,26.7100,100
55870763413222,15:31:10.763,26.7100,100
55873512793605,15:31:13.512,26.7200,100
55873512793605,15:31:13.512,26.7200,100
55873512793605,15:31:13.512,26.7200,42
55873512793605,15:31:13.512,26.7200,158
55873512999239,15:31:13.512,26.7200,42
55878260086829,15:31:18.260,26.7200,100
55907047232624,15:31:47.047,26.7100,100
55917578508194,15:31:57.578,26.7100,396
55917578572712,15:31:57.578,26.7100,57
55917578572712,15:31:57.578,26.7100,43
55917578625220,15:31:57.578,26.7100,157
55917578625220,15:31:57.578,26.7100,131
55933642363983,15:32:13.642,26.7100,100
55933642363983,15:32:13.642,26.7100,100
55947320813704,15:32:27.320,26.7100,100
55947320813704,15:32:27.320,26.7100,200
55947320813704,15:32:27.320,26.7100,200
55947320813704,15:32:27.320,26.7100,100
55947320813704,15:32:27.320,26.7100,100
55972293577988,15:32:52.293,26.7100,100
55973285266020,15:32:53.285,26.7100,36
55973285556510,15:32:53.285,26.7100,64
55973285556510,15:32:53.285,26.7100,100
56031458575714,15:33:51.458,26.7000,100
56031458575714,15:33:51.458,26.7000,100
56031458575714,15:33:51.458,26.7000,100
56031458575714,15:33:51.458,26.7000,100
56031458575714,15:33:51.458,26.7000,100
56031458575714,15:33:51.458,26.7000,100
56031458575714,15:33:51.458,26.7000,100
56036474075174,15:33:56.474,26.6900,100
56036474075174,15:33:56.474,26.6900,10
56036474075174,15:33:56.474,26.6900,100
56036474075174,15:33:56.474,26.6900,20
56060934674246,15:34:20.934,26.6800,100
56079267005254,15:34:39.267,26.6750,100
56091562870136,15:34:51.562,26.6700,25
56092216617800,15:34:52.216,26.6700,46
56092271723021,15:34:52.271,26.6700,29
56109570046760,15:35:09.570,26.6700,100
56126649580902,15:35:26.649,26.6800,200
56126649580902,15:35:26.649,26.6800,200
56126649580902,15:35:26.649,26.6800,100
56126649580902,15:35:26.649,26.6800,103
56126649580902,15:35:26.649,26.6800,200
56126649580902,15:35:26.649,26.6800,100
56132300167093,15:35:32.300,26.6800,100
56132300644119,15:35:32.300,26.6800,100
56173183970326,15:36:13.183,26.6800,100
56173183970326,15:36:13.183,26.6800,200
56173183970326,15:36:13.183,26.6800,100
56212115620046,15:36:52.115,26.6800,100
56212115620046,15:36:52.115,26.6800,100
56212115620046,15:36:52.115,26.6800,132
56252510086715,15:37:32.510,26.6900,1
56252510086715,15:37:32.510,26.6900,121
56252510086715,15:37:32.510,26.6900,200
56252510086715,15:37:32.510,26.6900,100
56252510086715,15:37:32.510,26.6900,100
56252510165023,15:37:32.510,26.6900,100
56252510596066,15:37:32.510,26.6900,100
56304022459096,15:38:24.022,26.7000,100
56304022459096,15:38:24.022,26.7000,100
56304022514477,15:38:24.022,26.7000,36
56304022514477,15:38:24.022,26.7000,200
56304022514477,15:38:24.022,26.7000,126
56304023205231,15:38:24.023,26.7000,61
56304023241529,15:38:24.023,26.7000,39
56305205288069,15:38:25.205,26.7100,200
56305205288069,15:38:25.205,26.7100,300
56305205288069,15:38:25.205,26.7100,100
56323519796502,15:38:43.519,26.7100,100
56323519796502,15:38:43.519,26.7100,48
56323519864706,15:38:43.519,26.7100,52
56350233469568,15:39:10.233,26.7200,100
56350233469568,15:39:10.233,26.7200,100
56351208674185,15:39:11.208,26.7200,100
56351208674185,15:39:11.208,26.7200,200
56351208674185,15:39:11.208,26.7200,200
56351208674185,15:39:11.208,26.7200,100
56351512479065,15:39:11.512,26.7200,2
56353692504625,15:39:13.692,26.7200,198
56353692504625,15:39:13.692,26.7200,100
56353692504625,15:39:13.692,26.7200,2
56372209348171,15:39:32.209,26.7200,33
56372478124415,15:39:32.478,26.7200,100
56372478283053,15:39:32.478,26.7200,67
56396140472741,15:39:56.140,26.7200,8
56396140472741,15:39:56.140,26.7200,100
56396140472741,15:39:56.140,26.7200,100
56396140472741,15:39:56.140,26.7200,100
56396140472741,15:39:56.140,26.7200,148
56396140472741,15:39:56.140,26.7200,1
56396140472741,15:39:56.140,26.7200,100
56396140535163,15:39:56.140,26.7200,100
56399210482452,15:39:59.210,26.7150,100
56403303975977,15:40:03.303,26.7100,100
56403303975977,15:40:03.303,26.7100,100
56403303975977,15:40:03.303,26.7100,100
56403303975977,15:40:03.303,26.7100,100
56403303975977,15:40:03.303,26.7100,100
56403304803740,15:40:03.304,26.7100,61
56403305724035,15:40:03.305,26.7100,39
56403305724035,15:40:03.305,26.7100,61
56427740104581,15:40:27.740,26.7000,100
56427740104581,15:40:27.740,26.7000,100
56442507427921,15:40:42.507,26.7000,100
56442507427921,15:40:42.507,26.7000,100
56442507427921,15:40:42.507,26.7000,100
56461127143151,15:41:01.127,26.7000,100
56461127143151,15:41:01.127,26.7000,100
56480811395617,15:41:20.811,26.6900,100
56480811395617,15:41:20.811,26.6900,100
56499288004501,15:41:39.288,26.6800,99
56499288024036,15:41:39.288,26.6800,1
56499288024036,15:41:39.288,26.6800,24
56499288026099,15:41:39.288,26.6800,76
56508262284707,15:41:48.262,26.6800,100
56508262284707,15:41:48.262,26.6800,500
56508262284707,15:41:48.262,26.6800,96
56508262284707,15:41:48.262,26.6800,200
56519344418381,15:41:59.344,26.6900,100
56519344418381,15:41:59.344,26.6900,100
56519344418381,15:41:59.344,26.6900,100
56519344418381,15:41:59.344,26.6900,300
56519460463722,15:41:59.460,26.6950,100
56566045044676,15:42:46.045,26.7000,100
56566045064388,15:42:46.045,26.7000,63
56566045064388,15:42:46.045,26.7000,200
56566045064388,15:42:46.045,26.7000,111
56566045073215,15:42:46.045,26.7000,37
56566045073215,15:42:46.045,26.7000,100
56566045073215,15:42:46.045,26.7000,100
56566045085977,15:42:46.045,26.7000,100
56580116755510,15:43:00.116,26.7100,100
56580116755510,15:43:00.116,26.7100,200
56580116755510,15:43:00.116,26.7100,100
56668935556186,15:44:28.935,26.7100,8
56668935556186,15:44:28.935,26.7100,100
56668935556186,15:44:28.935,26.7100,78
56668935556186,15:44:28.935,26.7100,100
56668935556186,15:44:28.935,26.7100,30
56668935556186,15:44:28.935,26.7100,100
56668935556186,15:44:28.935,26.7100,100
56668935556186,15:44:28.935,26.7100,100
56668935556186,15:44:28.935,26.7100,100
56668935556186,15:44:28.935,26.7100,100
56668935556186,15:44:28.935,26.7100,100
56668935556186,15:44:28.935,26.7100,100
56668935619497,15:44:28.935,26.7100,100
56668940827618,15:44:28.940,26.7100,100
56668940827618,15:44:28.940,26.7100,100
56700099975860,15:45:00.099,26.7100,100
56700099975860,15:45:00.099,26.7100,600
56700099975860,15:45:00.099,26.7100,300
56700099975860,15:45:00.099,26.7100,100
56700099975860,15:45:00.099,26.7100,100
56702124527180,15:45:02.124,26.7150,100
56702289744715,15:45:02.289,26.7200,100
56702289744715,15:45:02.289,26.7200,32
56702289744715,15:45:02.289,26.7200,53
56702289744715,15:45:02.289,26.7200,100
56709643893136,15:45:09.643,26.7200,100
56709643989392,15:45:09.643,26.7200,100
56709643989392,15:45:09.643,26.7200,100
56717718660095,15:45:17.718,26.7200,100
56717726218740,15:45:17.726,26.7200,85
56717726230816,15:45:17.726,26.7200,15
56730657131288,15:45:30.657,26.7300,100
56743155117679,15:45:43.155,26.7400,100
56743155117679,15:45:43.155,26.7400,200
56744113510225,15:45:44.113,26.7400,100
56757748150691,15:45:57.748,26.7400,100
56917376990599,15:48:37.376,26.7300,100
56917376990599,15:48:37.376,26.7300,100
56917376990599,15:48:37.376,26.7300,100
56917376990599,15:48:37.376,26.7300,8
56917376990599,15:48:37.376,26.7300,100
56917376990599,15:48:37.376,26.7300,100
56917376990599,15:48:37.376,26.7300,100
56917376990599,15:48:37.376,26.7300,100
56917376990599,15:48:37.376,26.7300,100
56917376990599,15:48:37.376,26.7300,100
56917376990599,15:48:37.376,26.7300,16
56917377029265,15:48:37.377,26.7300,84
56917377029265,15:48:37.377,26.7300,77
56917377056172,15:48:37.377,26.7300,23
56917377056172,15:48:37.377,26.7300,100
56917377076120,15:48:37.377,26.7300,100
56917377372032,15:48:37.377,26.7300,400
56917377372032,15:48:37.377,26.7300,400
56917377372032,15:48:37.377,26.7300,100
56948179294360,15:49:08.179,26.7200,10
56948179294360,15:49:08.179,26.7200,100
56948179294360,15:49:08.179,26.7200,100
56948179294360,15:49:08.179,26.7200,90
56948730786042,15:49:08.730,26.7200,10
56991200649210,15:49:51.200,26.7200,366
56991200688237,15:49:51.200,26.7200,434
56991200688237,15:49:51.200,26.7200,100
56991200688237,15:49:51.200,26.7200,100
56991200826728,15:49:51.200,26.7200,100
56991200937990,15:49:51.200,26.7200,100
56991200937990,15:49:51.200,26.7200,100
56991200937990,15:49:51.200,26.7200,100
56991200989884,15:49:51.200,26.7200,100
56991201032049,15:49:51.201,26.7200,100
56991201032049,15:49:51.201,26.7200,201
56991201042770,15:49:51.201,26.7200,70
56991201195428,15:49:51.201,26.7200,41
56991201340279,15:49:51.201,26.7200,59
56991201340279,15:49:51.201,26.7200,41
56991201341343,15:49:51.201,26.7200,88
57005145916593,15:50:05.145,26.7200,100
57005145916593,15:50:05.145,26.7200,100
57005145955781,15:50:05.145,26.7200,100
57005145955781,15:50:05.145,26.7200,100
57005145955781,15:50:05.145,26.7200,1
57005146143137,15:50:05.146,26.7200,15
57019659929809,15:50:19.659,26.7200,32
57152668330509,15:52:32.668,26.7100,100
57152669051908,15:52:32.669,26.7100,52
57152669149011,15:52:32.669,26.7100,97
57152669390217,15:52:32.669,26.7100,124
57152669390217,15:52:32.669,26.7100,100
57152669390217,15:52:32.669,26.7100,100
57152669390217,15:52:32.669,26.7100,100
57152669390217,15:52:32.669,26.7100,100
57152669390217,15:52:32.669,26.7100,100
57152669390217,15:52:32.669,26.7100,100
57152669390217,15:52:32.669,26.7100,100
57152669390217,15:52:32.669,26.7100,100
57152669390217,15:52:32.669,26.7100,100
57152669390217,15:52:32.669,26.7100,100
57152669424014,15:52:32.669,26.7100,100
57152669479458,15:52:32.669,26.7100,100
57152671979798,15:52:32.671,26.7050,200
57152773350824,15:52:32.773,26.7050,1
57160708439833,15:52:40.708,26.7000,100
57160708439833,15:52:40.708,26.7000,100
57160708439833,15:52:40.708,26.7000,100
57160709296770,15:52:40.709,26.7000,34
57161131758772,15:52:41.131,26.7000,300
57175537702862,15:52:55.537,26.7000,100
57184568988992,15:53:04.568,26.7000,100
57247498425559,15:54:07.498,26.7100,300
57247498454770,15:54:07.498,26.7100,111
57247498499037,15:54:07.498,26.7100,486
57247498518458,15:54:07.498,26.7100,100
57247498590479,15:54:07.498,26.7100,103
57247498590479,15:54:07.498,26.7100,100
57247498590479,15:54:07.498,26.7100,100
57247498590479,15:54:07.498,26.7100,81
57247498590479,15:54:07.498,26.7100,300
57247498590479,15:54:07.498,26.7100,300
57247498590479,15:54:07.498,26.7100,200
57247498590479,15:54:07.498,26.7100,1397
57247499093021,15:54:07.499,26.7100,3
57270770629677,15:54:30.770,26.7200,100
57270770629677,15:54:30.770,26.7200,90
57270770638717,15:54:30.770,26.7200,249
57270770642978,15:54:30.770,26.7200,100
57270770656051,15:54:30.770,26.7200,26
57270770664531,15:54:30.770,26.7200,35
57270770664531,15:54:30.770,26.7200,100
57270770664531,15:54:30.770,26.7200,100
57270770664531,15:54:30.770,26.7200,64
57281966257581,15:54:41.966,26.7200,100
57281966257581,15:54:41.966,26.7200,100
57281966257581,15:54:41.966,26.7200,100
57281966257581,15:54:41.966,26.7200,200
57300207567627,15:55:00.207,26.7200,74
57300221650442,15:55:00.221,26.7200,26
57310120114102,15:55:10.120,26.7300,400
57310120486512,15:55:10.120,26.7300,399
57310120658132,15:55:10.120,26.7300,101
57310120658132,15:55:10.120,26.7300,299
57310121875827,15:55:10.121,26.7300,1
57310121875827,15:55:10.121,26.7300,200
57310121875827,15:55:10.121,26.7300,99
57310121984779,15:55:10.121,26.7300,1
57310758755477,15:55:10.758,26.7400,200
57310758755477,15:55:10.758,26.7400,200
57310788843183,15:55:10.788,26.7400,100
57311070140856,15:55:11.070,26.7350,17
57314623173524,15:55:14.623,26.7400,5
57317066005443,15:55:17.066,26.7400,300
57322065109390,15:55:22.065,26.7400,100
57325064745195,15:55:25.064,26.7400,82
57325064745195,15:55:25.064,26.7400,100
57325064745195,15:55:25.064,26.7400,18
57339069314359,15:55:39.069,26.7400,82
57339069314359,15:55:39.069,26.7400,18
57344057701333,15:55:44.057,26.7450,10
57347318258269,15:55:47.318,26.7400,82
57347318258269,15:55:47.318,26.7400,100
57347318258269,15:55:47.318,26.7400,156
57347318258269,15:55:47.318,26.7400,1
57347318258269,15:55:47.318,26.7400,200
57347318258269,15:55:47.318,26.7400,100
57347318258269,15:55:47.318,26.7400,400
57347318258269,15:55:47.318,26.7400,1
57347318258269,15:55:47.318,26.7400,100
57347318258269,15:55:47.318,26.7400,100
57347318320528,15:55:47.318,26.7400,100
57347318847604,15:55:47.318,26.7400,200
57347318847604,15:55:47.318,26.7400,100
57356176558345,15:55:56.176,26.7400,100
57356176558345,15:55:56.176,26.7400,400
57356176558345,15:55:56.176,26.7400,200
57356176558345,15:55:56.176,26.7400,100
57379505410063,15:56:19.505,26.7400,100
57379505410063,15:56:19.505,26.7400,1
57379505410063,15:56:19.505,26.7400,99
57379505881897,15:56:19.505,26.7400,1
57379505881897,15:56:19.505,26.7400,100
57402645121516,15:56:42.645,26.7300,46
57403932593542,15:56:43.932,26.7300,500
57403932593542,15:56:43.932,26.7300,100
57403932593542,15:56:43.932,26.7300,100
57403932593542,15:56:43.932,26.7300,100
57403932649115,15:56:43.932,26.7300,100
57421265492974,15:57:01.265,26.7200,100
57421265492974,15:57:01.265,26.7200,100
57422446509832,15:57:02.446,26.7200,100
57450715930036,15:57:30.715,26.7250,18
57456505464140,15:57:36.505,26.7200,100
57456505464140,15:57:36.505,26.7200,100
57456505464140,15:57:36.505,26.7200,30
57456505464140,15:57:36.505,26.7200,70
57461193956420,15:57:41.193,26.7200,30
57461193956420,15:57:41.193,26.7200,100
57461193956420,15:57:41.193,26.7200,1000
57461193956420,15:57:41.193,26.7200,70
57463286518526,15:57:43.286,26.7200,100
57464301384002,15:57:44.301,26.7200,100
57464689616319,15:57:44.689,26.7200,100
57467462145531,15:57:47.462,26.7200,100
57467576028452,15:57:47.576,26.7250,282
57467576028452,15:57:47.576,26.7250,100
57467576028452,15:57:47.576,26.7250,100
57467576028452,15:57:47.576,26.7250,333
57467576028452,15:57:47.576,26.7250,100
57467576028452,15:57:47.576,26.7300,200
57467576028452,15:57:47.576,26.7300,200
57467576028452,15:57:47.576,26.7300,500
57467576028452,15:57:47.576,26.7300,200
57467576028452,15:57:47.576,26.7300,100
57467576028452,15:57:47.576,26.7300,45
57475312336426,15:57:55.312,26.7200,100
57475312947357,15:57:55.312,26.7200,100
57476209620721,15:57:56.209,26.7200,25
57476209639117,15:57:56.209,26.7200,675
57476209646147,15:57:56.209,26.7200,490
57476209653247,15:57:56.209,26.7200,110
57476209653247,15:57:56.209,26.7200,75
57476209768167,15:57:56.209,26.7200,200
57476209768167,15:57:56.209,26.7200,225
57528041877831,15:58:48.041,26.7150,100
57528044289509,15:58:48.044,26.7150,100
57532242448406,15:58:52.242,26.7150,100
57532242448406,15:58:52.242,26.7150,100
57534512989778,15:58:54.512,26.7200,100
57535049469015,15:58:55.049,26.7200,200
57535049469015,15:58:55.049,26.7200,1
57535049562598,15:58:55.049,26.7200,99
57535049562598,15:58:55.049,26.7200,100
57535049562598,15:58:55.049,26.7200,56
57535049592948,15:58:55.049,26.7200,44
57535049592948,15:58:55.049,26.7200,100
57535049592948,15:58:55.049,26.7200,106
57535050398858,15:58:55.050,26.7200,94
57536626423593,15:58:56.626,26.7200,200
57540700557290,15:59:00.700,26.7200,200
57540700557290,15:59:00.700,26.7200,100
57540700589349,15:59:00.700,26.7200,100
57541366335953,15:59:01.366,26.7200,100
57541366335953,15:59:01.366,26.7200,100
57543256383167,15:59:03.256,26.7300,5
57543256449277,15:59:03.256,26.7300,95
57543256449277,15:59:03.256,26.7300,5
57546912508901,15:59:06.912,26.7250,400
57546912508901,15:59:06.912,26.7250,100
57546912508901,15:59:06.912,26.7250,100
57551759007890,15:59:11.759,26.7200,100
57553194995207,15:59:13.194,26.7200,100
57571208529827,15:59:31.208,26.7300,95
57571208529827,15:59:31.208,26.7300,200
57571208529827,15:59:31.208,26.7300,100
57571208529827,15:59:31.208,26.7300,200
57571993761236,15:59:31.993,26.7300,5
57585026293301,15:59:45.026,26.7300,24
57586003801085,15:59:46.003,26.7350,100
57587913310555,15:59:47.913,26.7400,4
57590073884959,15:59:50.073,26.7400,91
57590073911453,15:59:50.073,26.7400,2
57590077138256,15:59:50.077,26.7400,98
57590077138256,15:59:50.077,26.7400,900
57590077138256,15:59:50.077,26.7400,300
57590077138256,15:59:50.077,26.7400,100
57590077138256,15:59:50.077,26.7400,300
57590077138256,15:59:50.077,26.7400,100
57590077138256,15:59:50.077,26.7400,100
57590116830685,15:59:50.116,26.7400,100
57590116830685,15:59:50.116,26.7400,200
57591223484030,15:59:51.223,26.7400,400
57591223484030,15:59:51.223,26.7400,400
57592221831685,15:59:52.221,26.7400,42
57593498692108,15:59:53.498,26.7400,4
57594211781240,15:59:54.211,26.7400,76
57594221870895,15:59:54.221,26.7400,200
57595063156346,15:59:55.063,26.7400,300
57596016808146,15:59:56.016,26.7500,2
57596029408699,15:59:56.029,26.7500,115
57600381969467,16:00:00.381,0.0000,0
