timestamp,time,price,volume
34200941945143,09:30:00.941,0.0000,0
34212950396565,09:30:12.950,70.6300,73
34212950468489,09:30:12.950,70.6300,100
34212950468489,09:30:12.950,70.6400,81
34212950468489,09:30:12.950,70.6400,100
34212951030337,09:30:12.951,70.6000,100
34212951115638,09:30:12.951,70.6000,20
34212951115638,09:30:12.951,70.6000,80
34212951173314,09:30:12.951,70.6000,20
34212955513472,09:30:12.955,70.6200,10
34213498782058,09:30:13.498,70.5900,100
34213498968452,09:30:13.498,70.5700,100
34213502499370,09:30:13.502,70.5400,100
34216669316829,09:30:16.669,70.5300,100
34250460021471,09:30:50.460,70.4500,100
34250965741563,09:30:50.965,70.3600,12
34252264945328,09:30:52.264,70.3600,88
34252264945328,09:30:52.264,70.3600,12
34255859518636,09:30:55.859,70.4500,100
34255859546071,09:30:55.859,70.4500,9
34255859860943,09:30:55.859,70.4300,100
34255859860943,09:30:55.859,70.4300,88
34261575250921,09:31:01.575,70.4500,100
34262509266001,09:31:02.509,70.4600,100
34272925451821,09:31:12.925,70.4400,200
34273896218421,09:31:13.896,70.4600,10
34273896668566,09:31:13.896,70.4600,49
34273897025373,09:31:13.897,70.4600,27
34275008565235,09:31:15.008,70.4600,100
34275008643076,09:31:15.008,70.4800,100
34281897909661,09:31:21.897,70.5400,100
34281899862394,09:31:21.899,70.5900,100
34281900083163,09:31:21.900,70.5900,100
34348641040428,09:32:28.641,70.7500,100
34348641388043,09:32:28.641,70.7500,65
34348641426727,09:32:28.641,70.7500,35
34348642611118,09:32:28.642,70.7500,100
34348643446096,09:32:28.643,70.7500,100
34348643540458,09:32:28.643,70.7500,100
34348643642853,09:32:28.643,70.7500,100
34351065913997,09:32:31.065,70.8600,100
34358248317351,09:32:38.248,70.8900,100
34362061952847,09:32:42.061,70.8700,100
34362062463500,09:32:42.062,70.8700,100
34362064068051,09:32:42.064,70.8600,100
34377180218901,09:32:57.180,70.8600,100
34393980747507,09:33:13.980,70.8800,100
34394654714858,09:33:14.654,70.8600,100
34476682452883,09:34:36.682,70.8600,200
34509158354677,09:35:09.158,70.8600,100
34509158354677,09:35:09.158,70.8600,100
34509158354677,09:35:09.158,70.8600,100
34509158611242,09:35:09.158,70.8500,45
34509159615134,09:35:09.159,70.8600,100
34509159654257,09:35:09.159,70.8500,55
34509159654257,09:35:09.159,70.8500,100
34509172142273,09:35:09.172,70.8600,85
34509172142273,09:35:09.172,70.8600,15
34520626450551,09:35:20.626,70.8500,100
34524995879829,09:35:24.995,70.8500,100
34524995879829,09:35:24.995,70.8500,900
34524996597772,09:35:24.996,70.8500,100
34540004596369,09:35:40.004,70.8500,100
34540005284694,09:35:40.005,70.8500,100
34540691389011,09:35:40.691,70.8500,100
34540691511483,09:35:40.691,70.8500,100
34540692030527,09:35:40.692,70.8500,100
34549008602590,09:35:49.008,70.8500,100
34549008602590,09:35:49.008,70.8500,100
34549008602590,09:35:49.008,70.8500,100
34549009043896,09:35:49.009,70.8500,100
34549009079249,09:35:49.009,70.8500,100
34549009165545,09:35:49.009,70.8500,100
34549009176180,09:35:49.009,70.8500,16
34549009244144,09:35:49.009,70.8500,84
34550025500104,09:35:50.025,70.8500,100
34564087424032,09:36:04.087,70.8300,200
34565089530106,09:36:05.089,70.8300,200
34566090547088,09:36:06.090,70.8300,100
34569247927981,09:36:09.247,70.8500,16
34575219363955,09:36:15.219,70.8600,100
34594801841091,09:36:34.801,70.8100,100
34621089831468,09:37:01.089,70.8300,116
34621089857575,09:37:01.089,70.8300,184
34640039995318,09:37:20.039,70.8700,100
34640047328323,09:37:20.047,70.8800,252
34667398830819,09:37:47.398,70.8400,100
34667398906811,09:37:47.398,70.8500,100
34667478901341,09:37:47.478,70.8400,100
34670025595756,09:37:50.025,70.8800,100
34670025595756,09:37:50.025,70.8800,100
34670025625972,09:37:50.025,70.8800,100
34670036419266,09:37:50.036,70.8700,200
34695936473822,09:38:15.936,70.8300,100
34751124125056,09:39:11.124,70.7500,100
34760805382336,09:39:20.805,70.7000,95
34763864492354,09:39:23.864,70.7000,100
34763881703409,09:39:23.881,70.7000,5
34763883442551,09:39:23.883,70.6600,100
34763902551359,09:39:23.902,70.6600,100
34763922762820,09:39:23.922,70.6500,100
34763922762820,09:39:23.922,70.6500,100
34763947494685,09:39:23.947,70.6400,200
34763967325655,09:39:23.967,70.6400,10
34763967325655,09:39:23.967,70.6200,200
34763967325655,09:39:23.967,70.6200,90
34763990621973,09:39:23.990,70.6100,100
34763990621973,09:39:23.990,70.6000,100
34763993122413,09:39:23.993,70.6000,100
34764021567253,09:39:24.021,70.6000,200
34764043969026,09:39:24.043,70.5900,100
34764043969026,09:39:24.043,70.5900,200
34764104313755,09:39:24.104,70.5900,50
34764104313755,09:39:24.104,70.5800,150
34764104365555,09:39:24.104,70.5800,50
34764105980423,09:39:24.105,70.6100,100
34764124130287,09:39:24.124,70.6000,100
34764124130287,09:39:24.124,70.6000,100
34764124130287,09:39:24.124,70.6000,100
34764124434578,09:39:24.124,70.6100,100
34777669705570,09:39:37.669,70.6600,100
34777669705570,09:39:37.669,70.6600,100
34780979924702,09:39:40.979,70.6800,100
34830610760526,09:40:30.610,70.6800,100
34830610760526,09:40:30.610,70.6800,100
34929245679394,09:42:09.245,70.5800,54
34929246434302,09:42:09.246,70.5800,46
34929246535683,09:42:09.246,70.5700,50
34929262801027,09:42:09.262,70.5800,100
34932034031637,09:42:12.034,70.5900,100
34932034080219,09:42:12.034,70.5900,12
34932034080219,09:42:12.034,70.5900,100
34932034080219,09:42:12.034,70.5900,88
34942997900192,09:42:22.997,70.6400,100
34942997900192,09:42:22.997,70.6400,100
34942997900192,09:42:22.997,70.6400,100
34942997900192,09:42:22.997,70.6400,10
34942997936220,09:42:22.997,70.6400,100
34945025399275,09:42:25.025,70.6700,100
34973447477716,09:42:53.447,70.6500,100
34973448364158,09:42:53.448,70.6400,100
34973465134780,09:42:53.465,70.6300,100
34973465300601,09:42:53.465,70.6300,100
34980023888741,09:43:00.023,70.6400,100
34990972695102,09:43:10.972,70.6600,100
35048267758621,09:44:08.267,70.6400,100
35061494951006,09:44:21.494,70.6300,100
35061495704275,09:44:21.495,70.6400,100
35062639974406,09:44:22.639,70.6700,100
35062644275223,09:44:22.644,70.6900,18
35062644275223,09:44:22.644,70.6900,100
35062644275223,09:44:22.644,70.6900,100
35062644275223,09:44:22.644,70.6900,200
35062647761693,09:44:22.647,70.7000,50
35062647788112,09:44:22.647,70.7000,150
35068334183697,09:44:28.334,70.7000,100
35085644240262,09:44:45.644,70.7100,100
35094607312448,09:44:54.607,70.6900,5
35094607722112,09:44:54.607,70.6900,1
35095310994566,09:44:55.310,70.6900,100
35096458938838,09:44:56.458,70.6900,5
35096635072907,09:44:56.635,70.6900,89
35103481188207,09:45:03.481,70.7000,2
35108112755572,09:45:08.112,70.6900,100
35108112755572,09:45:08.112,70.6900,100
35108113485020,09:45:08.113,70.6900,100
35113771570997,09:45:13.771,70.6800,94
35134694516392,09:45:34.694,70.6800,100
35172116026761,09:46:12.116,70.6300,100
35172116026761,09:46:12.116,70.6300,100
35172116026761,09:46:12.116,70.6300,100
35172116130917,09:46:12.116,70.6300,200
35185133854944,09:46:25.133,70.6400,30
35185133854944,09:46:25.133,70.6300,70
35193609638225,09:46:33.609,70.6300,100
35198279751363,09:46:38.279,70.6300,30
35198279751363,09:46:38.279,70.6300,100
35198279751363,09:46:38.279,70.6300,100
35198279751363,09:46:38.279,70.6300,100
35204878947504,09:46:44.878,70.6200,10
35204878954034,09:46:44.878,70.6200,5
35204889322447,09:46:44.889,70.6200,5
35204894634629,09:46:44.894,70.6200,5
35204894701198,09:46:44.894,70.6200,5
35204895304260,09:46:44.895,70.6200,5
35205546549617,09:46:45.546,70.6200,5
35205553344803,09:46:45.553,70.6200,5
35205553469045,09:46:45.553,70.6200,5
35206028761774,09:46:46.028,70.6200,5
35206034161291,09:46:46.034,70.6200,5
35206034392272,09:46:46.034,70.6200,10
35206034414032,09:46:46.034,70.6200,1
35208643837243,09:46:48.643,70.6200,4
35209093299831,09:46:49.093,70.6400,100
35215142164619,09:46:55.142,70.6600,50
35215144256274,09:46:55.144,70.6700,100
35234204551450,09:47:14.204,70.6600,200
35245953342153,09:47:25.953,70.6600,50
35245953863081,09:47:25.953,70.6500,100
35250023098782,09:47:30.023,70.6900,100
35250023189021,09:47:30.023,70.6900,50
35267318712378,09:47:47.318,70.6600,100
35267318712378,09:47:47.318,70.6600,100
35267323059315,09:47:47.323,70.6600,100
35279613585107,09:47:59.613,70.6300,4
35287249342091,09:48:07.249,70.6500,99
35296556386944,09:48:16.556,70.6500,100
35296556592414,09:48:16.556,70.6500,100
35296578903109,09:48:16.578,70.6500,100
35296759860733,09:48:16.759,70.6500,100
35300021741676,09:48:20.021,70.6300,100
35300025838025,09:48:20.025,70.6400,100
35300025949348,09:48:20.025,70.6400,100
35300025949348,09:48:20.025,70.6400,100
35300995558621,09:48:20.995,70.6400,200
35300995558621,09:48:20.995,70.6400,100
35305024170810,09:48:25.024,70.6400,100
35323339679236,09:48:43.339,70.6200,80
35323339959448,09:48:43.339,70.6200,100
35323659236045,09:48:43.659,70.6100,100
35323681108412,09:48:43.681,70.6100,19
35358667449507,09:49:18.667,70.6200,200
35360026667394,09:49:20.026,70.6300,100
35360028173423,09:49:20.028,70.6400,100
35384069189662,09:49:44.069,70.6500,100
35384069213214,09:49:44.069,70.6500,100
35384069272765,09:49:44.069,70.6500,100
35384069909398,09:49:44.069,70.6500,100
35384069962104,09:49:44.069,70.6500,100
35384070291862,09:49:44.070,70.6500,100
35384070396475,09:49:44.070,70.6500,100
35384070528482,09:49:44.070,70.6500,100
35384281479965,09:49:44.281,70.6500,100
35384281479965,09:49:44.281,70.6500,200
35384281598568,09:49:44.281,70.6500,100
35384282679800,09:49:44.282,70.6500,100
35384282679800,09:49:44.282,70.6500,300
35413626682326,09:50:13.626,70.6500,100
35425028416405,09:50:25.028,70.6800,100
35425028416405,09:50:25.028,70.6900,100
35425028416405,09:50:25.028,70.6900,100
35431362303091,09:50:31.362,70.7000,71
35458434962609,09:50:58.434,70.6900,100
35458441404433,09:50:58.441,70.6800,100
35458839248378,09:50:58.839,70.6800,100
35474888488458,09:51:14.888,70.7100,100
35474890052155,09:51:14.890,70.7200,100
35490044771389,09:51:30.044,70.7500,50
35490107231216,09:51:30.107,70.7500,50
35491049442153,09:51:31.049,70.7450,100
35491328708976,09:51:31.328,70.7500,300
35491328743148,09:51:31.328,70.7500,100
35492330554720,09:51:32.330,70.7500,4
35492331463932,09:51:32.331,70.7400,100
35492332780029,09:51:32.332,70.7400,100
35492373114831,09:51:32.373,70.7400,100
35500655549265,09:51:40.655,70.7300,100
35500746036153,09:51:40.746,70.7300,100
35501064622802,09:51:41.064,70.7200,100
35539118168244,09:52:19.118,70.7000,4
35557541899312,09:52:37.541,70.7300,200
35558542861035,09:52:38.542,70.7300,100
35558542890669,09:52:38.542,70.7300,100
35558542958315,09:52:38.542,70.7300,57
35558542994190,09:52:38.542,70.7300,43
35572475371752,09:52:52.475,70.7300,100
35585031525599,09:53:05.031,70.7200,92
35585031819113,09:53:05.031,70.7200,8
35598053561379,09:53:18.053,70.6700,100
35604440203852,09:53:24.440,70.6600,4
35610033887221,09:53:30.033,70.6800,100
35610261155218,09:53:30.261,70.6700,100
35671868124776,09:54:31.868,70.6400,100
35707222799589,09:55:07.222,70.6600,100
35707222799589,09:55:07.222,70.6600,100
35707223681031,09:55:07.223,70.6800,1
35720465225763,09:55:20.465,70.6400,100
35745746224627,09:55:45.746,70.6800,200
35754774420901,09:55:54.774,70.6700,4
35755774437207,09:55:55.774,70.6700,23
35757651874872,09:55:57.651,70.6600,100
35761683700671,09:56:01.683,70.6500,100
35771967639185,09:56:11.967,70.6300,100
35771967639185,09:56:11.967,70.6300,100
35771968299468,09:56:11.968,70.6400,100
35771968299468,09:56:11.968,70.6400,100
35771968299468,09:56:11.968,70.6400,100
35771968634554,09:56:11.968,70.6300,100
35771968634554,09:56:11.968,70.6300,78
35771969355390,09:56:11.969,70.6300,100
35771980175466,09:56:11.980,70.5900,100
35806197834169,09:56:46.197,70.6200,100
35806197834169,09:56:46.197,70.6200,100
35812457728517,09:56:52.457,70.6200,4
35812457728517,09:56:52.457,70.6200,96
35812457753612,09:56:52.457,70.6200,4
35816643615014,09:56:56.643,70.6200,100
35829808309740,09:57:09.808,70.5900,100
35862964440307,09:57:42.964,70.5300,100
35862964440307,09:57:42.964,70.5300,100
35862964440307,09:57:42.964,70.5300,100
35862964573168,09:57:42.964,70.5300,100
35862995155192,09:57:42.995,70.5300,4
35871550662783,09:57:51.550,70.4900,100
35871550662783,09:57:51.550,70.4900,100
35881734308741,09:58:01.734,70.4700,100
35894778262612,09:58:14.778,70.4750,100
35907597422772,09:58:27.597,70.5000,100
35907597422772,09:58:27.597,70.5000,100
35907597422772,09:58:27.597,70.5100,100
35907597422772,09:58:27.597,70.5200,100
35907597422772,09:58:27.597,70.5200,200
35907597422772,09:58:27.597,70.5200,100
35907597422772,09:58:27.597,70.5300,100
35908000783907,09:58:28.000,70.5500,100
35908000783907,09:58:28.000,70.5400,390
35908000810529,09:58:28.000,70.5400,100
35908001246192,09:58:28.001,70.5400,13
35910503215782,09:58:30.503,70.5300,100
35915197467955,09:58:35.197,70.5700,200
35918242229912,09:58:38.242,70.5500,100
35918242257360,09:58:38.242,70.5500,100
35945996471189,09:59:05.996,70.5200,100
35945996471189,09:59:05.996,70.5200,3
35945996474030,09:59:05.996,70.5200,100
35971043442636,09:59:31.043,70.5100,100
35977937308355,09:59:37.937,70.4800,100
35977937334390,09:59:37.937,70.4800,100
35995730582730,09:59:55.730,70.5100,100
35995730582730,09:59:55.730,70.5100,100
35995730708890,09:59:55.730,70.5100,100
35995731971810,09:59:55.731,70.5200,100
35999416240548,09:59:59.416,70.5400,100
35999416240548,09:59:59.416,70.5400,100
35999416300330,09:59:59.416,70.5400,100
36017526280759,10:00:17.526,70.5800,100
36026017832671,10:00:26.017,70.6000,100
36026017832671,10:00:26.017,70.6000,100
36026044471289,10:00:26.044,70.6100,200
36026044471289,10:00:26.044,70.6100,81
36026044471289,10:00:26.044,70.6100,3
36026044471289,10:00:26.044,70.6100,77
36026044539831,10:00:26.044,70.6100,161
36026044563266,10:00:26.044,70.6100,139
36034536036489,10:00:34.536,70.6200,100
36034536036489,10:00:34.536,70.6100,100
36034536066608,10:00:34.536,70.6100,100
36034536066608,10:00:34.536,70.6100,200
36045395065145,10:00:45.395,70.6200,100
36045395065145,10:00:45.395,70.6200,100
36046561785882,10:00:46.561,70.6300,100
36046561785882,10:00:46.561,70.6300,100
36046562193456,10:00:46.562,70.6400,100
36046562193456,10:00:46.562,70.6400,90
36046562202927,10:00:46.562,70.6400,10
36070221964726,10:01:10.221,70.6100,5
36070221992307,10:01:10.221,70.6100,5
36071775898016,10:01:11.775,70.6100,4
36079390667206,10:01:19.390,70.6100,20
36079390740240,10:01:19.390,70.6100,15
36079390881850,10:01:19.390,70.6100,15
36079390919810,10:01:19.390,70.6100,5
36079391004651,10:01:19.391,70.6100,10
36079391027937,10:01:19.391,70.6100,10
36079391123331,10:01:19.391,70.6100,5
36079391317771,10:01:19.391,70.6100,6
36105825699614,10:01:45.825,70.5600,15
36105825699614,10:01:45.825,70.5600,50
36112009377651,10:01:52.009,70.5400,100
36112014642959,10:01:52.014,70.5500,100
36128136856221,10:02:08.136,70.5400,80
36128136856221,10:02:08.136,70.5400,20
36128136999245,10:02:08.136,70.5500,100
36128165643632,10:02:08.165,70.5600,50
36128182174160,10:02:08.182,70.5400,100
36131961223344,10:02:11.961,70.5200,5
36141177359432,10:02:21.177,70.5000,50
36141177648508,10:02:21.177,70.4900,10
36141177648508,10:02:21.177,70.4900,100
36151983340103,10:02:31.983,70.4900,1
36151984188402,10:02:31.984,70.4900,100
36152465210162,10:02:32.465,70.4900,100
36154612763220,10:02:34.612,70.4800,200
36155026876798,10:02:35.026,70.4900,100
36160570216104,10:02:40.570,70.4800,8
36166687618426,10:02:46.687,70.4400,70
36166687618426,10:02:46.687,70.4400,100
36209664817156,10:03:29.664,70.4500,100
36216738088311,10:03:36.738,70.4400,100
36218441468533,10:03:38.441,70.4400,100
36220028526927,10:03:40.028,70.4300,100
36220184748243,10:03:40.184,70.4300,100
36220366713227,10:03:40.366,70.4200,100
36241418036997,10:04:01.418,70.4600,100
36241510940922,10:04:01.510,70.4600,100
36247580592788,10:04:07.580,70.4700,100
36247580592788,10:04:07.580,70.4700,100
36247580773840,10:04:07.580,70.4700,100
36247581767235,10:04:07.581,70.4800,100
36250922188688,10:04:10.922,70.4600,100
36250922216270,10:04:10.922,70.4600,100
36262327870610,10:04:22.327,70.4800,50
36282838002464,10:04:42.838,70.4900,3
36283861582186,10:04:43.861,70.4600,100
36293683486244,10:04:53.683,70.4200,100
36293683516818,10:04:53.683,70.4200,226
36293683516818,10:04:53.683,70.4200,143
36313013529603,10:05:13.013,70.4200,100
36313013529603,10:05:13.013,70.4200,200
36317510328206,10:05:17.510,70.4100,100
36317510328206,10:05:17.510,70.4100,100
36337293799035,10:05:37.293,70.4400,20
36337293799035,10:05:37.293,70.4400,100
36337293799035,10:05:37.293,70.4400,100
36337293830265,10:05:37.293,70.4400,100
36340640224457,10:05:40.640,70.4500,2
36340640257981,10:05:40.640,70.4500,100
36342322461885,10:05:42.322,70.4500,200
36342322461885,10:05:42.322,70.4500,100
36378685191366,10:06:18.685,70.4700,100
36378685191366,10:06:18.685,70.4700,100
36386158033094,10:06:26.158,70.4800,5
36386158064446,10:06:26.158,70.4800,10
36386158630271,10:06:26.158,70.4800,15
36386159158147,10:06:26.159,70.4800,20
36390340974718,10:06:30.340,70.5000,49
36413091572076,10:06:53.091,70.4800,45
36413091668760,10:06:53.091,70.4800,40
36413092773718,10:06:53.092,70.4800,10
36413093207406,10:06:53.093,70.4800,5
36434943076653,10:07:14.943,70.4950,100
36434943216788,10:07:14.943,70.5100,100
36434943264323,10:07:14.943,70.5100,100
36434943289637,10:07:14.943,70.5100,100
36434943367658,10:07:14.943,70.5100,100
36434947794729,10:07:14.947,70.5200,100
36464526755524,10:07:44.526,70.5000,99
36464526828282,10:07:44.526,70.5000,101
36478050769314,10:07:58.050,70.5000,50
36485634528358,10:08:05.634,70.5100,200
36490106707934,10:08:10.106,70.5300,100
36493640292848,10:08:13.640,70.5300,100
36495334507498,10:08:15.334,70.5300,100
36530306630829,10:08:50.306,70.5400,100
36530307088775,10:08:50.307,70.5400,500
36552870386181,10:09:12.870,70.5200,19
36552870818073,10:09:12.870,70.5200,81
36553571017278,10:09:13.571,70.5100,100
36560718813730,10:09:20.718,70.4900,100
36625439461398,10:10:25.439,70.4800,100
36625439461398,10:10:25.439,70.4800,100
36638717514574,10:10:38.717,70.5000,4
36643010095990,10:10:43.010,70.5100,100
36702999384636,10:11:42.999,70.5000,100
36702999796274,10:11:42.999,70.5000,98
36703001953707,10:11:43.001,70.5000,100
36708291529869,10:11:48.291,70.5100,58
36726129050871,10:12:06.129,70.4700,100
36726129083013,10:12:06.129,70.4700,100
36728670651970,10:12:08.670,70.4700,100
36728670651970,10:12:08.670,70.4700,100
36751096482718,10:12:31.096,70.4500,100
36767329892537,10:12:47.329,70.4100,100
36770561318006,10:12:50.561,70.4000,100
36778680970327,10:12:58.680,70.4000,90
36787818007967,10:13:07.818,70.3600,76
36801450890746,10:13:21.450,70.4000,100
36801450890746,10:13:21.450,70.4000,15
36801450890746,10:13:21.450,70.4000,100
36801450890746,10:13:21.450,70.4000,100
36801450890746,10:13:21.450,70.4000,300
36804424298912,10:13:24.424,70.4100,100
36804424298912,10:13:24.424,70.4100,200
36804424428652,10:13:24.424,70.4100,100
36804435676597,10:13:24.435,70.4200,100
36805025291605,10:13:25.025,70.4200,100
36817031291286,10:13:37.031,70.4100,100
36817031349211,10:13:37.031,70.4100,100
36820523618814,10:13:40.523,70.4200,100
36851267858283,10:14:11.267,70.4000,100
36873662291871,10:14:33.662,70.4300,100
36873662291871,10:14:33.662,70.4300,12
36873662325037,10:14:33.662,70.4300,88
36873670227703,10:14:33.670,70.4300,100
36873670227703,10:14:33.670,70.4300,100
36891848563463,10:14:51.848,70.3900,100
36899844011636,10:14:59.844,70.3600,99
36945316231853,10:15:45.316,70.3600,100
36945316231853,10:15:45.316,70.3700,100
36945317189482,10:15:45.317,70.3700,100
36947064295563,10:15:47.064,70.3500,181
37004318755154,10:16:44.318,70.3700,100
37004318755154,10:16:44.318,70.3700,180
37004319094860,10:16:44.319,70.3600,200
37004319538202,10:16:44.319,70.3700,42
37010960961151,10:16:50.960,70.3400,100
37010960961151,10:16:50.960,70.3400,100
37010961329129,10:16:50.961,70.3400,100
37012965437807,10:16:52.965,70.3300,100
37014333215793,10:16:54.333,70.3300,100
37057936443824,10:17:37.936,70.3200,100
37058906207186,10:17:38.906,70.3400,100
37058911627556,10:17:38.911,70.3400,100
37065074452467,10:17:45.074,70.3500,100
37068515894189,10:17:48.515,70.3500,200
37068515894189,10:17:48.515,70.3500,100
37068519283094,10:17:48.519,70.3500,200
37086003711032,10:18:06.003,70.3800,100
37087351491746,10:18:07.351,70.3700,100
37087361145467,10:18:07.361,70.3700,100
37088479073602,10:18:08.479,70.3500,200
37088479073602,10:18:08.479,70.3500,100
37088490950681,10:18:08.490,70.3500,100
37088490950681,10:18:08.490,70.3500,100
37096299603201,10:18:16.299,70.3400,100
37103891500001,10:18:23.891,70.3400,100
37103891556222,10:18:23.891,70.3400,10
37139063351595,10:18:59.063,70.3500,100
37141628821528,10:19:01.628,70.3500,37
37141628907653,10:19:01.628,70.3500,23
37154635433936,10:19:14.635,70.3600,24
37154635533435,10:19:14.635,70.3600,41
37171298949213,10:19:31.298,70.3600,90
37173882715917,10:19:33.882,70.3600,10
37173882715917,10:19:33.882,70.3600,100
37196341726548,10:19:56.341,70.3700,100
37196342124112,10:19:56.342,70.3700,100
37197032267241,10:19:57.032,70.3700,8
37198200974144,10:19:58.200,70.3800,5
37202008138482,10:20:02.008,70.3700,100
37202008228207,10:20:02.008,70.3700,100
37202008612148,10:20:02.008,70.3700,100
37205021122652,10:20:05.021,70.3700,100
37205210015393,10:20:05.210,70.3700,100
37205210015393,10:20:05.210,70.3700,100
37205210622570,10:20:05.210,70.3800,100
37205210622570,10:20:05.210,70.3800,100
37210402965570,10:20:10.402,70.3700,5
37214351149624,10:20:14.351,70.3900,3
37225451756404,10:20:25.451,70.3900,5
37225745252445,10:20:25.745,70.3900,100
37273299341656,10:21:13.299,70.3800,5
37313346855113,10:21:53.346,70.3800,100
37357316432300,10:22:37.316,70.3800,42
37357316705717,10:22:37.316,70.3900,100
37357316705717,10:22:37.316,70.3900,100
37357572281360,10:22:37.572,70.3900,100
37357578240741,10:22:37.578,70.3800,100
37357578240741,10:22:37.578,70.3800,54
37358133300913,10:22:38.133,70.3800,95
37358133342563,10:22:38.133,70.3800,5
37361086236812,10:22:41.086,70.3900,100
37369972155633,10:22:49.972,70.4000,100
37369972155633,10:22:49.972,70.4000,100
37379938523077,10:22:59.938,70.4100,2
37380855710779,10:23:00.855,70.4100,100
37390024250068,10:23:10.024,70.4200,100
37390025530186,10:23:10.025,70.4200,100
37411688228282,10:23:31.688,70.4200,300
37411688228282,10:23:31.688,70.4200,100
37416374187845,10:23:36.374,70.4100,100
37416374677605,10:23:36.374,70.4100,61
37430007479629,10:23:50.007,70.4000,74
37434624453529,10:23:54.624,70.4000,26
37451392155007,10:24:11.392,70.3800,100
37482740105404,10:24:42.740,70.3600,57
37482740125780,10:24:42.740,70.3600,43
37488641339572,10:24:48.641,70.3700,100
37493753542728,10:24:53.753,70.3600,100
37494754964113,10:24:54.754,70.3600,100
37511243053034,10:25:11.243,70.3800,100
37511243053034,10:25:11.243,70.3800,200
37511243053034,10:25:11.243,70.3800,100
37513557497232,10:25:13.557,70.3900,100
37515024613287,10:25:15.024,70.4000,10
37519948359385,10:25:19.948,70.4050,100
37531379600688,10:25:31.379,70.4200,100
37531380393491,10:25:31.380,70.4200,100
37531380393491,10:25:31.380,70.4200,100
37531380393491,10:25:31.380,70.4200,100
37558123158502,10:25:58.123,70.4100,5
37558123680001,10:25:58.123,70.4100,5
37569123012025,10:26:09.123,70.4100,5
37571559256175,10:26:11.559,70.4200,100
37574152546864,10:26:14.152,70.4200,10
37574152610774,10:26:14.152,70.4200,90
37574152610774,10:26:14.152,70.4200,10
37574152674698,10:26:14.152,70.4200,90
37574152674698,10:26:14.152,70.4200,10
37574968960187,10:26:14.968,70.4200,5
37575122605812,10:26:15.122,70.4200,5
37575123363894,10:26:15.123,70.4200,5
37584759776759,10:26:24.759,70.4200,100
37651392246144,10:27:31.392,70.4100,100
37651392276636,10:27:31.392,70.4100,100
37651392276636,10:27:31.392,70.4100,52
37661762741495,10:27:41.762,70.4100,100
37661763574454,10:27:41.763,70.4100,100
37673424824430,10:27:53.424,70.4000,100
37673424824430,10:27:53.424,70.4000,100
37673424824430,10:27:53.424,70.4000,100
37713966580351,10:28:33.966,70.4000,100
37713966580351,10:28:33.966,70.4000,100
37747347325319,10:29:07.347,70.4200,100
37747347325319,10:29:07.347,70.4200,100
37747347325319,10:29:07.347,70.4200,100
37747347325319,10:29:07.347,70.4200,200
37747347325319,10:29:07.347,70.4200,100
37747352249675,10:29:07.352,70.4300,100
37748235368923,10:29:08.235,70.4400,100
37748348302617,10:29:08.348,70.4400,100
37790800417234,10:29:50.800,70.4700,100
37790800417234,10:29:50.800,70.4700,20
37790800417234,10:29:50.800,70.4700,100
37800005022610,10:30:00.005,70.4900,56
37800697654871,10:30:00.697,70.4900,9
37800697654871,10:30:00.697,70.4900,91
37807124254016,10:30:07.124,70.4900,5
37809191864140,10:30:09.191,70.4900,95
37848576938855,10:30:48.576,70.4900,100
37848576944341,10:30:48.576,70.4900,100
37848576944341,10:30:48.576,70.4900,100
37848576944341,10:30:48.576,70.4900,100
37852074426896,10:30:52.074,70.4700,100
37852074426896,10:30:52.074,70.4700,100
37852074475312,10:30:52.074,70.4700,100
37852074483441,10:30:52.074,70.4700,100
37869778522631,10:31:09.778,70.4500,100
37917482940540,10:31:57.482,70.4400,100
37920023409815,10:32:00.023,70.4400,100
37920024812329,10:32:00.024,70.4500,100
37920024812329,10:32:00.024,70.4500,200
37928173110018,10:32:08.173,70.4500,100
37933533021353,10:32:13.533,70.4500,100
37934203729918,10:32:14.203,70.4500,100
37934203788887,10:32:14.203,70.4500,2
37934203788887,10:32:14.203,70.4500,62
37935496360588,10:32:15.496,70.4500,100
37949257350524,10:32:29.257,70.4600,100
37979656085994,10:32:59.656,70.4600,100
37979658845412,10:32:59.658,70.4500,100
37979658845412,10:32:59.658,70.4500,100
37979686896456,10:32:59.686,70.4500,100
37983943016637,10:33:03.943,70.4500,100
37983946262676,10:33:03.946,70.4400,200
37984804529375,10:33:04.804,70.4400,100
37986981031246,10:33:06.981,70.4500,100
38024372475901,10:33:44.372,70.4700,4
38024372475901,10:33:44.372,70.4700,400
38024372475901,10:33:44.372,70.4700,100
38024372475901,10:33:44.372,70.4700,100
38052085771391,10:34:12.085,70.4400,100
38052086206941,10:34:12.086,70.4400,100
38053063470338,10:34:13.063,70.4400,100
38060084977095,10:34:20.084,70.4500,100
38068367505438,10:34:28.367,70.4400,100
38068367571909,10:34:28.367,70.4400,100
38071980822617,10:34:31.980,70.4400,100
38071986080980,10:34:31.986,70.4300,100
38071986080980,10:34:31.986,70.4300,100
38072481368419,10:34:32.481,70.4300,100
38103702610742,10:35:03.702,70.4500,100
38103703055359,10:35:03.703,70.4500,54
38114315395371,10:35:14.315,70.4600,100
38114316589299,10:35:14.316,70.4700,9
38114316589299,10:35:14.316,70.4700,100
38114316589299,10:35:14.316,70.4700,100
38121091663889,10:35:21.091,70.4600,100
38154315197293,10:35:54.315,70.4900,100
38158596655481,10:35:58.596,70.5000,100
38158603850156,10:35:58.603,70.5000,54
38180574274026,10:36:20.574,70.5400,100
38180574274026,10:36:20.574,70.5400,200
38181288665387,10:36:21.288,70.5500,4
38181575228374,10:36:21.575,70.5400,100
38195595254091,10:36:35.595,70.5700,100
38195595254091,10:36:35.595,70.5700,100
38195629771842,10:36:35.629,70.5800,100
38195650847774,10:36:35.650,70.5900,100
38195654835336,10:36:35.654,70.6100,100
38195661913937,10:36:35.661,70.6200,100
38195661913937,10:36:35.661,70.6200,100
38195707190643,10:36:35.707,70.6200,100
38196503637708,10:36:36.503,70.6100,100
38196549225162,10:36:36.549,70.6100,100
38198576993571,10:36:38.576,70.6100,100
38198576993571,10:36:38.576,70.6100,100
38198576993571,10:36:38.576,70.6100,100
38199728557911,10:36:39.728,70.6200,100
38199729914238,10:36:39.729,70.6300,100
38199729914238,10:36:39.729,70.6300,100
38205038498467,10:36:45.038,70.6400,100
38205038498467,10:36:45.038,70.6400,100
38205038581001,10:36:45.038,70.6400,100
38205038602288,10:36:45.038,70.6400,100
38207402867676,10:36:47.402,70.6500,100
38209261456249,10:36:49.261,70.6600,100
38215399020750,10:36:55.399,70.6800,100
38215399020750,10:36:55.399,70.6800,100
38229888388967,10:37:09.888,70.6900,100
38234679946645,10:37:14.679,70.6700,100
38234679946645,10:37:14.679,70.6700,100
38234680029535,10:37:14.680,70.6700,100
38234680047416,10:37:14.680,70.6700,100
38234680269457,10:37:14.680,70.6700,100
38234688121722,10:37:14.688,70.6700,100
38238146818579,10:37:18.146,70.6600,200
38238146818579,10:37:18.146,70.6600,100
38254357331157,10:37:34.357,70.6700,100
38254357331157,10:37:34.357,70.6700,100
38254362957303,10:37:34.362,70.6800,100
38254362957303,10:37:34.362,70.6800,100
38254363403132,10:37:34.363,70.6800,100
38259092704703,10:37:39.092,70.6600,100
38259093048149,10:37:39.093,70.6600,100
38259103632719,10:37:39.103,70.6500,100
38259141162241,10:37:39.141,70.6500,200
38259141162241,10:37:39.141,70.6500,100
38259587651776,10:37:39.587,70.6500,100
38264915083783,10:37:44.915,70.6500,100
38264915083783,10:37:44.915,70.6500,100
38264969907963,10:37:44.969,70.6400,100
38264971127229,10:37:44.971,70.6400,100
38265471182648,10:37:45.471,70.6400,100
38267550567887,10:37:47.550,70.6500,100
38267550567887,10:37:47.550,70.6500,100
38272748343234,10:37:52.748,70.6300,100
38272748343234,10:37:52.748,70.6300,100
38272748343234,10:37:52.748,70.6300,100
38272988212101,10:37:52.988,70.6200,100
38272988607988,10:37:52.988,70.6300,100
38277926627408,10:37:57.926,70.6400,100
38284044528390,10:38:04.044,70.6500,100
38288448303022,10:38:08.448,70.6600,100
38290924603507,10:38:10.924,70.6600,100
38290924610007,10:38:10.924,70.6600,100
38296053083108,10:38:16.053,70.6600,100
38296053083108,10:38:16.053,70.6600,100
38297374335093,10:38:17.374,70.6700,100
38297635661982,10:38:17.635,70.6700,6
38300541930451,10:38:20.541,70.6800,100
38309620043913,10:38:29.620,70.6900,100
38309621678458,10:38:29.621,70.7000,100
38309621678458,10:38:29.621,70.7000,20
38309621678458,10:38:29.621,70.7000,900
38309622388474,10:38:29.622,70.7000,100
38310453804577,10:38:30.453,70.6900,100
38310453804577,10:38:30.453,70.6900,100
38334043731637,10:38:54.043,70.7000,300
38334043731637,10:38:54.043,70.7000,900
38334043731637,10:38:54.043,70.7000,100
38334045532027,10:38:54.045,70.7100,100
38335019760500,10:38:55.019,70.7300,100
38338227716937,10:38:58.227,70.7300,48
38338227785097,10:38:58.227,70.7300,52
38338227785097,10:38:58.227,70.7300,100
38338227785097,10:38:58.227,70.7300,48
38338228125156,10:38:58.228,70.7300,52
38338228125156,10:38:58.228,70.7300,100
38338228280326,10:38:58.228,70.7300,100
38338228308696,10:38:58.228,70.7300,100
38339033306679,10:38:59.033,70.7400,100
38339033306679,10:38:59.033,70.7400,300
38339033306679,10:38:59.033,70.7400,100
38340034256213,10:39:00.034,70.7400,100
38342035024491,10:39:02.035,70.7400,200
38342035598658,10:39:02.035,70.7500,100
38343036019675,10:39:03.036,70.7400,100
38343036019675,10:39:03.036,70.7400,200
38344037252968,10:39:04.037,70.7400,100
38344037252968,10:39:04.037,70.7400,100
38344037252968,10:39:04.037,70.7400,100
38348728789942,10:39:08.728,70.7300,100
38348732355024,10:39:08.732,70.7300,8
38357723371927,10:39:17.723,70.7200,100
38357723371927,10:39:17.723,70.7200,100
38384361024929,10:39:44.361,70.7200,100
38384361024929,10:39:44.361,70.7200,49
38392546455995,10:39:52.546,70.7100,100
38392546455995,10:39:52.546,70.7100,100
38392546455995,10:39:52.546,70.7100,100
38396881407215,10:39:56.881,70.7200,100
38396885876199,10:39:56.885,70.7300,100
38401483215301,10:40:01.483,70.7500,100
38449041679899,10:40:49.041,70.7500,100
38449041679899,10:40:49.041,70.7500,100
38449041679899,10:40:49.041,70.7500,100
38464480827761,10:41:04.480,70.7400,100
38469194845650,10:41:09.194,70.7300,100
38470481118279,10:41:10.481,70.7300,100
38471333502803,10:41:11.333,70.7400,22
38485090842290,10:41:25.090,70.7500,100
38485090842290,10:41:25.090,70.7500,100
38491616404830,10:41:31.616,70.7700,100
38491616496217,10:41:31.616,70.7800,100
38505070699896,10:41:45.070,70.8000,200
38505070726488,10:41:45.070,70.8000,116
38505070726488,10:41:45.070,70.8000,100
38513490757429,10:41:53.490,70.8100,100
38514520126692,10:41:54.520,70.8200,100
38516255024105,10:41:56.255,70.8300,100
38520071707974,10:42:00.071,70.8500,100
38521604086628,10:42:01.604,70.8400,100
38521604086628,10:42:01.604,70.8400,100
38524217170612,10:42:04.217,70.8500,100
38526944178093,10:42:06.944,70.8400,100
38526944178093,10:42:06.944,70.8400,137
38538071034611,10:42:18.071,70.8500,100
38541074380928,10:42:21.074,70.8600,80
38541074393098,10:42:21.074,70.8600,20
38541074480964,10:42:21.074,70.8600,100
38544527109895,10:42:24.527,70.8500,500
38544527109895,10:42:24.527,70.8500,100
38547063172066,10:42:27.063,70.8600,100
38547063172066,10:42:27.063,70.8600,80
38554140226290,10:42:34.140,70.8700,100
38554140262335,10:42:34.140,70.8700,20
38558525597382,10:42:38.525,70.8750,100
38558525597382,10:42:38.525,70.8700,1
38561710056984,10:42:41.710,70.8800,100
38563881153558,10:42:43.881,70.8800,100
38563940932744,10:42:43.940,70.8900,100
38563940932744,10:42:43.940,70.8900,100
38563940932744,10:42:43.940,70.9000,52
38565247814067,10:42:45.247,70.9000,90
38565247840784,10:42:45.247,70.9000,10
38565247840784,10:42:45.247,70.9000,100
38638744243775,10:43:58.744,70.8900,100
38641336960066,10:44:01.336,70.8900,37
38656004077448,10:44:16.004,70.9000,100
38657476196701,10:44:17.476,70.9100,5
38657479164285,10:44:17.479,70.9100,95
38657479164285,10:44:17.479,70.9100,200
38657479164285,10:44:17.479,70.9100,10
38672685615650,10:44:32.685,70.9150,100
38672685615650,10:44:32.685,70.9100,100
38672685661709,10:44:32.685,70.9100,100
38672686934652,10:44:32.686,70.9100,300
38672686952378,10:44:32.686,70.9100,100
38679186807360,10:44:39.186,70.9100,100
38696342153782,10:44:56.342,70.9300,100
38696712562410,10:44:56.712,70.9650,100
38701724834880,10:45:01.724,70.9600,100
38705283374705,10:45:05.283,70.9500,31
38720844813757,10:45:20.844,70.9500,21
38721720631008,10:45:21.720,70.9500,48
38736085623960,10:45:36.085,70.9600,27
38736085623960,10:45:36.085,70.9600,100
38737086599809,10:45:37.086,70.9600,100
38743511425672,10:45:43.511,70.9500,52
38744677788349,10:45:44.677,70.9500,48
38745023945602,10:45:45.023,70.9400,21
38753590485873,10:45:53.590,70.9400,62
38786102341986,10:46:26.102,70.9450,100
38786102341986,10:46:26.102,70.9400,16
38786102516372,10:46:26.102,70.9400,1
38786102516372,10:46:26.102,70.9400,15
38786119167414,10:46:26.119,70.9500,200
38786119167414,10:46:26.119,70.9500,100
38786119167414,10:46:26.119,70.9500,100
38787880877473,10:46:27.880,70.9700,100
38787880986312,10:46:27.880,70.9700,100
38787881669264,10:46:27.881,70.9700,100
38793042105467,10:46:33.042,70.9600,200
38810937322223,10:46:50.937,70.9600,100
38811028990752,10:46:51.028,70.9600,100
38817042213848,10:46:57.042,70.9500,100
38817043073245,10:46:57.043,70.9500,100
38817043231877,10:46:57.043,70.9500,100
38822564725776,10:47:02.564,70.9400,5
38822564752268,10:47:02.564,70.9400,195
38832040583104,10:47:12.040,70.9200,100
38835602074053,10:47:15.602,70.9100,100
38841618401814,10:47:21.618,70.9100,100
38841618401814,10:47:21.618,70.9100,100
38892464224144,10:48:12.464,70.9000,100
38892464224144,10:48:12.464,70.9000,46
38892464256727,10:48:12.464,70.9000,51
38892464260052,10:48:12.464,70.9000,3
38912213749082,10:48:32.213,70.8700,40
38912213749082,10:48:32.213,70.8700,60
38912213801103,10:48:32.213,70.8700,40
38920395105052,10:48:40.395,70.8300,100
38924048929445,10:48:44.048,70.8200,100
38924048929445,10:48:44.048,70.8200,100
38924050290125,10:48:44.050,70.8100,100
38926395123838,10:48:46.395,70.8000,100
38929394071432,10:48:49.394,70.7900,100
38942395606446,10:49:02.395,70.7800,100
38942406567003,10:49:02.406,70.7800,100
38943287447459,10:49:03.287,70.7800,100
38947816197432,10:49:07.816,70.8100,100
38947816197432,10:49:07.816,70.8100,100
38961922207744,10:49:21.922,70.8000,100
38968973684545,10:49:28.973,70.8000,100
38975106983787,10:49:35.106,70.7900,100
38975106983787,10:49:35.106,70.7900,100
38975118812738,10:49:35.118,70.7800,100
38983329118920,10:49:43.329,70.7600,100
38989030985452,10:49:49.030,70.7500,100
39003359604271,10:50:03.359,70.7400,100
39003738616342,10:50:03.738,70.7300,100
39011974061938,10:50:11.974,70.7500,19
39014467462421,10:50:14.467,70.7500,28
39014467462421,10:50:14.467,70.7500,100
39042279123652,10:50:42.279,70.7400,100
39042994090705,10:50:42.994,70.7300,100
39042994117578,10:50:42.994,70.7300,100
39060224384323,10:51:00.224,70.7200,100
39060618845374,10:51:00.618,70.7100,100
39061145317623,10:51:01.145,70.7000,100
39061145317623,10:51:01.145,70.7000,2
39061154294100,10:51:01.154,70.7000,98
39071393146403,10:51:11.393,70.6800,100
39095972441784,10:51:35.972,70.6700,100
39124926126530,10:52:04.926,70.6600,100
39125569853911,10:52:05.569,70.6600,100
39126472159465,10:52:06.472,70.6700,100
39126695023057,10:52:06.695,70.6800,100
39131060179814,10:52:11.060,70.6600,5
39131979540998,10:52:11.979,70.6700,200
39141321324281,10:52:21.321,70.6700,15
39141600401779,10:52:21.600,70.6800,100
39156162109321,10:52:36.162,70.6900,100
39156162109321,10:52:36.162,70.6900,100
39156162109321,10:52:36.162,70.6900,100
39156162213819,10:52:36.162,70.6900,100
39156163214790,10:52:36.163,70.6900,100
39161475935401,10:52:41.475,70.6800,100
39161476497412,10:52:41.476,70.6800,25
39165590239831,10:52:45.590,70.6700,100
39177236397636,10:52:57.236,70.6800,100
39177236397636,10:52:57.236,70.6800,200
39178024970691,10:52:58.024,70.6700,100
39178024970691,10:52:58.024,70.6700,100
39178024970691,10:52:58.024,70.6600,100
39188996812768,10:53:08.996,70.6600,100
39188996837719,10:53:08.996,70.6600,23
39188997236911,10:53:08.997,70.6600,77
39189019058103,10:53:09.019,70.6600,100
39189854000019,10:53:09.854,70.6300,100
39189854000019,10:53:09.854,70.6300,100
39221407849370,10:53:41.407,70.6500,100
39221407882995,10:53:41.407,70.6500,29
39224069775346,10:53:44.069,70.6600,100
39263347206099,10:54:23.347,70.6700,100
39263347206099,10:54:23.347,70.6700,100
39263369352304,10:54:23.369,70.6700,100
39279673933043,10:54:39.673,70.6900,100
39279673933043,10:54:39.673,70.6900,100
39279771531093,10:54:39.771,70.6800,100
39284256356884,10:54:44.256,70.6900,16
39284256366837,10:54:44.256,70.6900,84
39291570339495,10:54:51.570,70.6800,100
39291570339495,10:54:51.570,70.6800,100
39333516036002,10:55:33.516,70.6900,100
39336696600573,10:55:36.696,70.6900,100
39337194103578,10:55:37.194,70.6900,21
39339334756608,10:55:39.334,70.6900,79
39341226204399,10:55:41.226,70.6900,100
39341226204399,10:55:41.226,70.6900,100
39351622275009,10:55:51.622,70.6800,100
39351622275009,10:55:51.622,70.6800,100
39391454723212,10:56:31.454,70.6700,100
39391454723212,10:56:31.454,70.6700,100
39391454723212,10:56:31.454,70.6700,59
39423246574313,10:57:03.246,70.6700,100
39423246574313,10:57:03.246,70.6700,100
39423246574313,10:57:03.246,70.6700,100
39423247087397,10:57:03.247,70.6800,100
39423247979646,10:57:03.247,70.6800,100
39423255707860,10:57:03.255,70.6700,100
39423255739284,10:57:03.255,70.6700,100
39423255811563,10:57:03.255,70.6700,100
39428730169754,10:57:08.730,70.6600,68
39428731215111,10:57:08.731,70.6600,32
39428731215111,10:57:08.731,70.6600,100
39428731215111,10:57:08.731,70.6600,100
39431643185995,10:57:11.643,70.6500,100
39431643185995,10:57:11.643,70.6500,100
39431643185995,10:57:11.643,70.6400,100
39432429307260,10:57:12.429,70.6400,100
39432429307260,10:57:12.429,70.6400,100
39434484471629,10:57:14.484,70.6400,100
39434484471629,10:57:14.484,70.6300,100
39441710170859,10:57:21.710,70.6300,100
39441710170859,10:57:21.710,70.6300,100
39491754385857,10:58:11.754,70.6500,100
39493671380588,10:58:13.671,70.6600,100
39501605582442,10:58:21.605,70.6500,100
39501605582442,10:58:21.605,70.6500,100
39506272830099,10:58:26.272,70.6500,200
39506272830099,10:58:26.272,70.6500,100
39511728022193,10:58:31.728,70.6400,100
39521025731706,10:58:41.025,70.6500,100
39542050556304,10:59:02.050,70.6600,100
39542050556304,10:59:02.050,70.6500,100
39542052635640,10:59:02.052,70.6600,100
39542059003911,10:59:02.059,70.6500,100
39551771038877,10:59:11.771,70.6400,100
39551771038877,10:59:11.771,70.6400,100
39557097239526,10:59:17.097,70.6500,100
39557116843726,10:59:17.116,70.6600,100
39558098166985,10:59:18.098,70.6500,100
39581267120907,10:59:41.267,70.6600,100
39581267120907,10:59:41.267,70.6500,100
39581267120907,10:59:41.267,70.6400,100
39581267120907,10:59:41.267,70.6400,100
39581267120907,10:59:41.267,70.6400,100
39581267120907,10:59:41.267,70.6300,100
39581267120907,10:59:41.267,70.6200,100
39581267120907,10:59:41.267,70.6200,100
39581269055399,10:59:41.269,70.6400,100
39581269367151,10:59:41.269,70.6100,100
39581269367151,10:59:41.269,70.6100,100
39581269367151,10:59:41.269,70.6100,100
39581269367151,10:59:41.269,70.6100,100
39581269367151,10:59:41.269,70.6100,100
39581281570061,10:59:41.281,70.6100,100
39581281570061,10:59:41.281,70.6100,100
39581281570061,10:59:41.281,70.6100,100
39581303378412,10:59:41.303,70.6100,100
39581303378412,10:59:41.303,70.6000,100
39581303378412,10:59:41.303,70.6000,100
39581305031426,10:59:41.305,70.6000,100
39581431373647,10:59:41.431,70.5900,100
39582419573189,10:59:42.419,70.6100,100
39591963610797,10:59:51.963,70.6000,100
39591966924180,10:59:51.966,70.5900,100
39592590623554,10:59:52.590,70.5800,100
39592590623554,10:59:52.590,70.5800,100
39592590865578,10:59:52.590,70.5800,1
39592889200065,10:59:52.889,70.5600,100
39592889200065,10:59:52.889,70.5600,100
39601964156521,11:00:01.964,70.5900,100
39602845300770,11:00:02.845,70.5900,14
39602845360929,11:00:02.845,70.5900,54
39602845416444,11:00:02.845,70.6000,100
39614591310210,11:00:14.591,70.6000,100
39614591310210,11:00:14.591,70.6000,100
39619035675429,11:00:19.035,70.6000,100
39619035675429,11:00:19.035,70.6000,100
39634946304924,11:00:34.946,70.5900,100
39661205974032,11:01:01.205,70.6200,174
39662824784933,11:01:02.824,70.6300,100
39662956159069,11:01:02.956,70.6350,100
39663353805723,11:01:03.353,70.6500,100
39663354186631,11:01:03.354,70.6500,100
39663389313679,11:01:03.389,70.6600,100
39663390515029,11:01:03.390,70.6600,100
39663395275324,11:01:03.395,70.6700,100
39663419978881,11:01:03.419,70.6600,100
39663460429033,11:01:03.460,70.6800,100
39663460429033,11:01:03.460,70.6800,100
39663460429033,11:01:03.460,70.6800,100
39663475535635,11:01:03.475,70.6900,100
39666457412954,11:01:06.457,70.7200,7
39666642999270,11:01:06.642,70.7200,93
39666642999270,11:01:06.642,70.7200,9
39666847519545,11:01:06.847,70.7000,100
39667314698622,11:01:07.314,70.6900,75
39667314768518,11:01:07.314,70.6900,25
39672019425049,11:01:12.019,70.6900,100
39672278465765,11:01:12.278,70.6800,100
39672278465765,11:01:12.278,70.6800,100
39682354962730,11:01:22.354,70.6800,100
39682354962730,11:01:22.354,70.6800,100
39701183652450,11:01:41.183,70.7000,100
39711944605710,11:01:51.944,70.7100,100
39711944605710,11:01:51.944,70.7100,100
39792261867196,11:03:12.261,70.7300,8
39792261868079,11:03:12.261,70.7300,96
39792261934595,11:03:12.261,70.7300,96
39792261934595,11:03:12.261,70.7300,6
39792262033538,11:03:12.262,70.7300,94
39792262033538,11:03:12.262,70.7300,6
39792262066168,11:03:12.262,70.7300,94
39796866862523,11:03:16.866,70.7500,100
39845434586814,11:04:05.434,70.7300,200
39845434586814,11:04:05.434,70.7300,100
39873560178770,11:04:33.560,70.7200,100
39873560178770,11:04:33.560,70.7200,100
39873560178770,11:04:33.560,70.7200,300
39873560178770,11:04:33.560,70.7200,100
39879080279435,11:04:39.080,70.7200,100
39879080289768,11:04:39.080,70.7200,87
39879080447305,11:04:39.080,70.7200,13
39879080447305,11:04:39.080,70.7200,100
39885009057956,11:04:45.009,70.7150,82
39885009175486,11:04:45.009,70.7150,18
39885009175486,11:04:45.009,70.7200,82
39885009215974,11:04:45.009,70.7200,18
39885010555188,11:04:45.010,70.7300,100
39885010555188,11:04:45.010,70.7300,200
39892150587385,11:04:52.150,70.7200,100
39892150587385,11:04:52.150,70.7200,100
39892151378394,11:04:52.151,70.7200,40
39894559838162,11:04:54.559,70.7200,100
39900220537814,11:05:00.220,70.7200,100
39908817681364,11:05:08.817,70.7100,16
39910681165875,11:05:10.681,70.7100,84
39910681165875,11:05:10.681,70.7100,16
39915630076285,11:05:15.630,70.7100,84
39922172298096,11:05:22.172,70.7000,69
39922172336661,11:05:22.172,70.7000,31
39922172336661,11:05:22.172,70.7000,69
39922175078234,11:05:22.175,70.7000,131
39930316105672,11:05:30.316,70.6800,14
39931201569598,11:05:31.201,70.6800,3
39931201928825,11:05:31.201,70.6800,41
39954378766668,11:05:54.378,70.6600,100
39954378766668,11:05:54.378,70.6600,100
39959901636099,11:05:59.901,70.6800,100
39959901636099,11:05:59.901,70.6800,9
40002414513832,11:06:42.414,70.6900,100
40004031184296,11:06:44.031,70.6900,3
40025654315347,11:07:05.654,70.6900,100
40025654315347,11:07:05.654,70.6900,100
40025654315347,11:07:05.654,70.6800,100
40025655197676,11:07:05.655,70.6900,100
40032604047912,11:07:12.604,70.7000,100
40032604047912,11:07:12.604,70.7000,100
40032604965472,11:07:12.604,70.7100,100
40032604965472,11:07:12.604,70.7100,100
40032604996411,11:07:12.604,70.7100,200
40032605012600,11:07:12.605,70.7100,100
40037217532469,11:07:17.217,70.7300,100
40042450623019,11:07:22.450,70.7200,100
40042450623019,11:07:22.450,70.7200,61
40055187370392,11:07:35.187,70.7200,139
40055187370392,11:07:35.187,70.7200,100
40055187370392,11:07:35.187,70.7200,61
40055190524027,11:07:35.190,70.7200,39
40055190524027,11:07:35.190,70.7200,61
40055190612096,11:07:35.190,70.7200,39
40057087410563,11:07:37.087,70.7200,100
40057087436713,11:07:37.087,70.7200,100
40062721058545,11:07:42.721,70.7000,4
40062721109698,11:07:42.721,70.7000,96
40062721109698,11:07:42.721,70.7000,1
40069390480669,11:07:49.390,70.6900,35
40072395890117,11:07:52.395,70.6900,65
40109121448887,11:08:29.121,70.7000,100
40160339794996,11:09:20.339,70.7100,101
40160339794996,11:09:20.339,70.7100,100
40160339794996,11:09:20.339,70.7100,100
40160355544300,11:09:20.355,70.7200,40
40162641784996,11:09:22.641,70.7300,100
40162641784996,11:09:22.641,70.7300,100
40172561100176,11:09:32.561,70.7300,100
40172561100176,11:09:32.561,70.7300,100
40177641012038,11:09:37.641,70.7400,40
40178873191039,11:09:38.873,70.7300,100
40180523845661,11:09:40.523,70.7200,100
40212569290788,11:10:12.569,70.7800,20
40212569290788,11:10:12.569,70.7800,80
40223157043775,11:10:23.157,70.7700,100
40223157043775,11:10:23.157,70.7700,200
40223157043775,11:10:23.157,70.7700,1
40225668154230,11:10:25.668,70.7700,4
40225668574328,11:10:25.668,70.7700,4
40225671867424,11:10:25.671,70.7700,4
40226814360225,11:10:26.814,70.7700,14
40227816420455,11:10:27.816,70.7700,100
40228432859188,11:10:28.432,70.7600,100
40228434080502,11:10:28.434,70.7500,100
40228434080502,11:10:28.434,70.7500,100
40228434839766,11:10:28.434,70.7500,10
40228436188495,11:10:28.436,70.7400,200
40228438867753,11:10:28.438,70.7400,200
40228934427519,11:10:28.934,70.7400,2
40228934427519,11:10:28.934,70.7400,10
40228934427519,11:10:28.934,70.7400,69
40229289142477,11:10:29.289,70.7400,100
40229289142477,11:10:29.289,70.7400,100
40230369438259,11:10:30.369,70.7400,100
40238638243492,11:10:38.638,70.7500,100
40238638243492,11:10:38.638,70.7500,100
40238638243492,11:10:38.638,70.7500,100
40243720485798,11:10:43.720,70.7600,100
40243722457225,11:10:43.722,70.7500,100
40243722457225,11:10:43.722,70.7500,100
40243722457225,11:10:43.722,70.7500,100
40243722457225,11:10:43.722,70.7500,100
40243722457225,11:10:43.722,70.7500,100
40244716917148,11:10:44.716,70.7450,100
40244717123039,11:10:44.717,70.7500,100
40257790441897,11:10:57.790,70.7700,100
40257790613136,11:10:57.790,70.7800,100
40258731868029,11:10:58.731,70.7800,100
40281074868668,11:11:21.074,70.7800,100
40281221010282,11:11:21.221,70.7800,200
40281221010282,11:11:21.221,70.7800,100
40292236732108,11:11:32.236,70.7800,100
40292237319888,11:11:32.237,70.7800,67
40292239761156,11:11:32.239,70.7800,100
40292321418528,11:11:32.321,70.7800,100
40294453771305,11:11:34.453,70.7850,100
40295328372141,11:11:35.328,70.7800,100
40295653193729,11:11:35.653,70.7800,100
40300232741418,11:11:40.232,70.7800,4
40308461401042,11:11:48.461,70.7900,100
40313955911851,11:11:53.955,70.7900,100
40373743577576,11:12:53.743,70.7900,8
40373744145207,11:12:53.744,70.7900,92
40377938400070,11:12:57.938,70.7900,100
40377942918939,11:12:57.942,70.8000,600
40377944033838,11:12:57.944,70.8100,100
40378944206654,11:12:58.944,70.8100,100
40378944772207,11:12:58.944,70.8000,100
40378944772207,11:12:58.944,70.8000,100
40378946027874,11:12:58.946,70.8100,100
40378946027874,11:12:58.946,70.8000,100
40424147779595,11:13:44.147,70.8000,100
40424148468364,11:13:44.148,70.8000,100
40424148516693,11:13:44.148,70.8000,100
40424148516693,11:13:44.148,70.8000,200
40424148516693,11:13:44.148,70.8000,15
40424148551445,11:13:44.148,70.8000,16
40425148728293,11:13:45.148,70.8000,1
40425148728293,11:13:45.148,70.8000,99
40425148765831,11:13:45.148,70.8000,1
40425148765831,11:13:45.148,70.8000,100
40425153297241,11:13:45.153,70.7950,100
40425485060546,11:13:45.485,70.7900,100
40425485060546,11:13:45.485,70.7900,100
40425485060546,11:13:45.485,70.7900,100
40428581674628,11:13:48.581,70.7800,100
40428581674628,11:13:48.581,70.7800,100
40428581674628,11:13:48.581,70.7800,100
40431221181756,11:13:51.221,70.7650,100
40431221295260,11:13:51.221,70.7600,16
40461632029327,11:14:21.632,70.7900,100
40466755637641,11:14:26.755,70.8000,500
40466755720667,11:14:26.755,70.8000,14
40466755746213,11:14:26.755,70.8000,386
40467756987854,11:14:27.756,70.8100,100
40467756987854,11:14:27.756,70.8000,200
40467757015405,11:14:27.757,70.8000,100
40467757015405,11:14:27.757,70.8000,100
40469759645241,11:14:29.759,70.7900,100
40481631149464,11:14:41.631,70.7800,100
40494019134301,11:14:54.019,70.7800,100
40494019134301,11:14:54.019,70.7800,100
40494019134301,11:14:54.019,70.7800,8
40539280030947,11:15:39.280,70.7900,17
40539280030947,11:15:39.280,70.7900,100
40539631969243,11:15:39.631,70.7900,10
40539631969243,11:15:39.631,70.7900,90
40539632029259,11:15:39.632,70.7900,10
40571065200766,11:16:11.065,70.8000,400
40571065200766,11:16:11.065,70.8000,399
40571065670199,11:16:11.065,70.8000,700
40571065671909,11:16:11.065,70.8000,101
40571065671909,11:16:11.065,70.8000,28
40571065671909,11:16:11.065,70.8000,100
40572066118546,11:16:12.066,70.8100,200
40572066148652,11:16:12.066,70.8100,100
40572066148652,11:16:12.066,70.8100,100
40572066651638,11:16:12.066,70.8100,100
40572066651638,11:16:12.066,70.8100,100
40579062940215,11:16:19.062,70.7900,300
40579062968808,11:16:19.062,70.7900,100
40582948115555,11:16:22.948,70.7800,100
40582948115555,11:16:22.948,70.7800,200
40626945330092,11:17:06.945,70.7800,100
40632103733012,11:17:12.103,70.7950,100
40632103733012,11:17:12.103,70.8000,800
40632103758166,11:17:12.103,70.8000,100
40633104717469,11:17:13.104,70.8100,100
40634393852816,11:17:14.393,70.8300,100
40651609204055,11:17:31.609,70.8400,100
40651609204055,11:17:31.609,70.8400,100
40657848203316,11:17:37.848,70.8400,100
40657848203316,11:17:37.848,70.8400,24
40657848203316,11:17:37.848,70.8400,100
40657848203316,11:17:37.848,70.8400,100
40664150270085,11:17:44.150,70.8300,1
40664150298497,11:17:44.150,70.8300,99
40664150298497,11:17:44.150,70.8300,100
40664150298497,11:17:44.150,70.8300,100
40680697566391,11:18:00.697,70.8300,100
40686373975659,11:18:06.373,70.8300,6
40691772916294,11:18:11.772,70.8200,15
40691773205125,11:18:11.773,70.8200,85
40691773205125,11:18:11.773,70.8200,15
40696531569803,11:18:16.531,70.8200,85
40696531569803,11:18:16.531,70.8200,100
40701776304947,11:18:21.776,70.8100,100
40714981066095,11:18:34.981,70.8300,100
40731749437812,11:18:51.749,70.8200,100
40733139527997,11:18:53.139,70.8300,100
40733143599839,11:18:53.143,70.8400,100
40733143599839,11:18:53.143,70.8400,100
40733145844547,11:18:53.145,70.8500,100
40733145844547,11:18:53.145,70.8500,100
40733145844547,11:18:53.145,70.8500,100
40733215178879,11:18:53.215,70.8500,10
40745824151674,11:19:05.824,70.8500,100
40752963389604,11:19:12.963,70.8700,100
40756469458773,11:19:16.469,70.8600,100
40756476130392,11:19:16.476,70.8600,1
40756525273200,11:19:16.525,70.8600,99
40772147871044,11:19:32.147,70.8500,100
40772147900806,11:19:32.147,70.8500,100
40772147900806,11:19:32.147,70.8500,300
40772147900806,11:19:32.147,70.8500,84
40772147950127,11:19:32.147,70.8500,16
40772147950127,11:19:32.147,70.8500,84
40772147970437,11:19:32.147,70.8500,16
40772479420308,11:19:32.479,70.8400,100
40773631004840,11:19:33.631,70.8400,100
40779716184624,11:19:39.716,70.8300,9
40780422841564,11:19:40.422,70.8300,100
40782641148122,11:19:42.641,70.8400,4
40787088555679,11:19:47.088,70.8400,100
40806164078115,11:20:06.164,70.8700,1
40824626972777,11:20:24.626,70.8900,30
40840167243183,11:20:40.167,70.9100,100
40841702545329,11:20:41.702,70.9100,1
40841702681628,11:20:41.702,70.9100,11
40841702681628,11:20:41.702,70.9100,100
40861949737584,11:21:01.949,70.9300,100
40861949737584,11:21:01.949,70.9300,100
40863479628331,11:21:03.479,70.9200,100
40863479628331,11:21:03.479,70.9200,100
40865634312096,11:21:05.634,70.9100,100
40880816628052,11:21:20.816,70.9100,200
40880816628052,11:21:20.816,70.9100,5
40880816628052,11:21:20.816,70.9100,2
40880817337897,11:21:20.817,70.9100,100
40880817337897,11:21:20.817,70.9100,100
40880817795536,11:21:20.817,70.9100,100
40897605290656,11:21:37.605,70.9100,100
40897605290656,11:21:37.605,70.9100,100
40901113453289,11:21:41.113,70.9100,100
40916068120416,11:21:56.068,70.9200,100
40916068120416,11:21:56.068,70.9200,3
40916068120416,11:21:56.068,70.9200,81
40916068121403,11:21:56.068,70.9200,19
40920556062052,11:22:00.556,70.9300,100
40920556062052,11:22:00.556,70.9300,7
40921604396272,11:22:01.604,70.9300,300
40926607932615,11:22:06.607,70.9300,100
40926735559866,11:22:06.735,70.9300,100
40944239295808,11:22:24.239,70.9300,5
40944239295808,11:22:24.239,70.9300,100
40948283632291,11:22:28.283,70.9300,100
40950584181488,11:22:30.584,70.9300,100
40950584181488,11:22:30.584,70.9300,100
40950584181488,11:22:30.584,70.9300,100
40950590618493,11:22:30.590,70.9300,100
40950591093711,11:22:30.591,70.9300,100
40951043943162,11:22:31.043,70.9400,100
40951045975774,11:22:31.045,70.9300,100
40951046037291,11:22:31.046,70.9300,100
40951046510154,11:22:31.046,70.9300,1
40957673617885,11:22:37.673,70.9400,100
40973676269096,11:22:53.676,70.9500,100
40973676269096,11:22:53.676,70.9500,5
40986367714345,11:23:06.367,70.9500,300
40987368643984,11:23:07.368,70.9500,100
40987368643984,11:23:07.368,70.9500,100
40987368643984,11:23:07.368,70.9500,1
40987369654042,11:23:07.369,70.9500,99
40987369654042,11:23:07.369,70.9500,1
40987504620999,11:23:07.504,70.9400,100
40987504620999,11:23:07.504,70.9400,100
40987504620999,11:23:07.504,70.9400,100
40987504620999,11:23:07.504,70.9400,100
40987605708010,11:23:07.605,70.9400,100
41022509516570,11:23:42.509,70.9400,200
41022509516570,11:23:42.509,70.9400,10
41023444256130,11:23:43.444,70.9400,100
41023444256130,11:23:43.444,70.9400,100
41030823906386,11:23:50.823,70.9400,4
41065601850568,11:24:25.601,70.9400,396
41065601850568,11:24:25.601,70.9400,100
41065601850568,11:24:25.601,70.9400,304
41065601883168,11:24:25.601,70.9400,96
41066602801225,11:24:26.602,70.9400,1
41066602801225,11:24:26.602,70.9400,99
41066603616034,11:24:26.603,70.9400,1
41066603616034,11:24:26.603,70.9400,8
41069219211327,11:24:29.219,70.9300,15
41069220161102,11:24:29.220,70.9300,26
41069220183292,11:24:29.220,70.9300,5
41069220220363,11:24:29.220,70.9300,54
41069220220363,11:24:29.220,70.9300,54
41069220616447,11:24:29.220,70.9300,46
41069220616447,11:24:29.220,70.9300,100
41069220616447,11:24:29.220,70.9300,54
41069220644066,11:24:29.220,70.9300,46
41069220644066,11:24:29.220,70.9300,100
41070791276821,11:24:30.791,70.9200,100
41070791276821,11:24:30.791,70.9200,3
41070828480797,11:24:30.828,70.9200,97
41116096471726,11:25:16.096,70.9100,100
41116096471726,11:25:16.096,70.9100,53
41116096547351,11:25:16.096,70.9100,47
41116096547351,11:25:16.096,70.9100,8
41116096547351,11:25:16.096,70.9100,61
41116096590516,11:25:16.096,70.9100,39
41116096590516,11:25:16.096,70.9100,1
41116097155621,11:25:16.097,70.9000,100
41116097155621,11:25:16.097,70.9000,100
41116117868447,11:25:16.117,70.9000,74
41137107431333,11:25:37.107,70.9000,6
41137107431333,11:25:37.107,70.9000,100
41137107431333,11:25:37.107,70.9000,100
41138289067272,11:25:38.289,70.9000,100
41148531189163,11:25:48.531,70.9000,100
41203412160532,11:26:43.412,70.8900,1
41203412160532,11:26:43.412,70.8900,55
41203412181712,11:26:43.412,70.8900,45
41203453963780,11:26:43.453,70.8900,100
41204273197096,11:26:44.273,70.8900,3
41204644157406,11:26:44.644,70.8900,100
41210845746671,11:26:50.845,70.8800,100
41213313240188,11:26:53.313,70.8800,55
41213313681919,11:26:53.313,70.8800,45
41220699182190,11:27:00.699,70.8700,44
41220700609666,11:27:00.700,70.8700,56
41224945579723,11:27:04.945,70.8600,44
41261606628389,11:27:41.606,70.8500,100
41261606628389,11:27:41.606,70.8500,100
41261606658830,11:27:41.606,70.8500,100
41262559709321,11:27:42.559,70.8500,100
41262848895744,11:27:42.848,70.8600,100
41262848895744,11:27:42.848,70.8600,100
41263535771249,11:27:43.535,70.8600,100
41265719043471,11:27:45.719,70.8600,100
41265719043471,11:27:45.719,70.8600,100
41273156748151,11:27:53.156,70.8600,5
41273156781004,11:27:53.156,70.8600,95
41284353261613,11:28:04.353,70.8700,100
41284353261613,11:28:04.353,70.8700,100
41284353288939,11:28:04.353,70.8700,100
41285356235140,11:28:05.356,70.8700,100
41287938033768,11:28:07.938,70.8700,100
41288831443155,11:28:08.831,70.8800,100
41288831443155,11:28:08.831,70.8800,100
41288831459660,11:28:08.831,70.8800,100
41288832021171,11:28:08.832,70.8800,100
41288832021171,11:28:08.832,70.8800,100
41288833529212,11:28:08.833,70.8800,37
41307899169670,11:28:27.899,70.8850,100
41321382992830,11:28:41.382,70.8850,100
41321382992830,11:28:41.382,70.8900,100
41321383008508,11:28:41.383,70.8900,11
41321383008508,11:28:41.383,70.8900,100
41321387008867,11:28:41.387,70.8900,100
41322383948972,11:28:42.383,70.8900,100
41330946239943,11:28:50.946,70.9000,100
41330946239943,11:28:50.946,70.9000,49
41346491536643,11:29:06.491,70.9000,51
41346491536643,11:29:06.491,70.9000,100
41387224919369,11:29:47.224,70.9100,100
41387224919369,11:29:47.224,70.9100,100
41415252512663,11:30:15.252,70.9000,100
41424925583853,11:30:24.925,70.8900,32
41424925586337,11:30:24.925,70.8900,68
41426926240538,11:30:26.926,70.8800,100
41448020596304,11:30:48.020,70.8700,100
41448020632077,11:30:48.020,70.8700,900
41448020632077,11:30:48.020,70.8700,100
41451327575093,11:30:51.327,70.8700,100
41468337013893,11:31:08.337,70.8800,100
41497997200516,11:31:37.997,70.8900,200
41497997200516,11:31:37.997,70.8900,25
41497998588553,11:31:37.998,70.8900,100
41497998927270,11:31:37.998,70.9000,6
41520997576359,11:32:00.997,70.9000,100
41520997576359,11:32:00.997,70.9000,16
41523763047805,11:32:03.763,70.9000,84
41523763047805,11:32:03.763,70.9000,100
41523763047805,11:32:03.763,70.9000,1
41533383907908,11:32:13.383,70.9000,100
41543008327827,11:32:23.008,70.9000,100
41546147787019,11:32:26.147,70.9000,100
41590026000900,11:33:10.026,70.9000,200
41590026035580,11:33:10.026,70.9100,163
41590026035580,11:33:10.026,70.9100,100
41590026035580,11:33:10.026,70.9100,200
41590026035580,11:33:10.026,70.9100,200
41590026035580,11:33:10.026,70.9100,100
41590026546603,11:33:10.026,70.9100,100
41590027707545,11:33:10.027,70.9100,100
41590027707545,11:33:10.027,70.9100,100
41611353321400,11:33:31.353,70.9100,99
41611356573693,11:33:31.356,70.9100,100
41654498412799,11:34:14.498,70.9200,200
41654498412799,11:34:14.498,70.9200,200
41672754134990,11:34:32.754,70.9500,100
41672754134990,11:34:32.754,70.9500,100
41672754134990,11:34:32.754,70.9500,100
41673087689567,11:34:33.087,70.9600,100
41673087689567,11:34:33.087,70.9600,300
41673087689567,11:34:33.087,70.9600,100
41673088469200,11:34:33.088,70.9600,100
41673088588241,11:34:33.088,70.9600,100
41673903454505,11:34:33.903,70.9700,100
41673903454505,11:34:33.903,70.9700,100
41673903598746,11:34:33.903,70.9700,100
41674086258316,11:34:34.086,70.9750,100
41674104223147,11:34:34.104,70.9800,100
41674104223147,11:34:34.104,70.9800,100
41674141185889,11:34:34.141,70.9800,100
41674141250608,11:34:34.141,70.9800,100
41674144630545,11:34:34.144,70.9900,200
41674144678614,11:34:34.144,70.9900,200
41674144678614,11:34:34.144,70.9900,100
41674145753398,11:34:34.145,70.9900,200
41674147142472,11:34:34.147,71.0000,7
41674147142472,11:34:34.147,71.0000,100
41674147142472,11:34:34.147,71.0000,37
41674147142472,11:34:34.147,71.0000,476
41674147142472,11:34:34.147,71.0000,83
41674147142472,11:34:34.147,71.0000,2289
41674147205938,11:34:34.147,71.0000,2908
41674147205938,11:34:34.147,71.0000,100
41674147205938,11:34:34.147,71.0000,100
41674147205938,11:34:34.147,71.0000,100
41674312864773,11:34:34.312,71.0000,200
41678977256935,11:34:38.977,71.0100,100
41678977635804,11:34:38.977,71.0100,100
41678977656885,11:34:38.977,71.0100,200
41678977656885,11:34:38.977,71.0100,59
41679080413217,11:34:39.080,71.0150,100
41679281520887,11:34:39.281,71.0100,100
41680573757002,11:34:40.573,71.0200,100
41680573757002,11:34:40.573,71.0200,100
41680573757002,11:34:40.573,71.0200,100
41680573799907,11:34:40.573,71.0200,17
41681480753827,11:34:41.480,71.0300,100
41684458813295,11:34:44.458,71.0350,100
41684458813295,11:34:44.458,71.0400,77
41685157383448,11:34:45.157,71.0300,33
41685371493947,11:34:45.371,71.0350,100
41685507247919,11:34:45.507,71.0300,67
41685507279984,11:34:45.507,71.0300,100
41686190880336,11:34:46.190,71.0300,100
41686524397494,11:34:46.524,71.0400,100
41686539362655,11:34:46.539,71.0500,100
41686758139169,11:34:46.758,71.0600,100
41686758139169,11:34:46.758,71.0600,100
41687536895067,11:34:47.536,71.0600,200
41687536895067,11:34:47.536,71.0600,100
41688274523978,11:34:48.274,71.0700,80
41688274523978,11:34:48.274,71.0700,20
41688274817547,11:34:48.274,71.0700,100
41688276645214,11:34:48.276,71.0700,100
41688276717735,11:34:48.276,71.0700,100
41688276794014,11:34:48.276,71.0700,273
41688473120488,11:34:48.473,71.0700,200
41688475357294,11:34:48.475,71.0700,107
41691280019424,11:34:51.280,71.0600,300
41691280019424,11:34:51.280,71.0600,100
41691280097860,11:34:51.280,71.0700,200
41691280779598,11:34:51.280,71.0600,100
41691280779598,11:34:51.280,71.0600,100
41691292397103,11:34:51.292,71.0600,10
41691784959153,11:34:51.784,71.0500,100
41691784959153,11:34:51.784,71.0500,100
41691788670287,11:34:51.788,71.0500,100
41691788670287,11:34:51.788,71.0400,100
41691788792646,11:34:51.788,71.0400,100
41691788792646,11:34:51.788,71.0400,100
41691798239097,11:34:51.798,71.0400,100
41691798858172,11:34:51.798,71.0400,100
41691808326348,11:34:51.808,71.0400,200
41691808326348,11:34:51.808,71.0300,100
41691808326348,11:34:51.808,71.0300,100
41691808326348,11:34:51.808,71.0300,100
41691808326348,11:34:51.808,71.0300,100
41691816376047,11:34:51.816,71.0400,100
41692567681460,11:34:52.567,71.0500,200
41692567681460,11:34:52.567,71.0500,100
41692570759022,11:34:52.570,71.0400,100
41692570759022,11:34:52.570,71.0400,100
41692574109322,11:34:52.574,71.0300,200
41692574109322,11:34:52.574,71.0300,100
41692574109322,11:34:52.574,71.0300,100
41692711258099,11:34:52.711,71.0300,100
41693057691799,11:34:53.057,71.0200,100
41693057691799,11:34:53.057,71.0200,100
41693057691799,11:34:53.057,71.0200,100
41693169235646,11:34:53.169,71.0000,5
41699143759316,11:34:59.143,71.0200,100
41701005777326,11:35:01.005,71.0100,200
41701005777326,11:35:01.005,71.0100,100
41701005777326,11:35:01.005,71.0100,244
41701005777326,11:35:01.005,71.0100,100
41701007927399,11:35:01.007,71.0000,100
41712758948494,11:35:12.758,71.0100,100
41719952180014,11:35:19.952,71.0000,100
41719952180014,11:35:19.952,71.0000,100
41719952180014,11:35:19.952,71.0000,100
41719952180014,11:35:19.952,71.0000,100
41719952180014,11:35:19.952,71.0000,1
41719977697485,11:35:19.977,70.9950,100
41719978414376,11:35:19.978,70.9950,100
41719978668722,11:35:19.978,70.9900,74
41719978706562,11:35:19.978,70.9900,26
41719978853434,11:35:19.978,70.9900,100
41720361160446,11:35:20.361,70.9800,28
41720361160446,11:35:20.361,70.9800,22
41720361160446,11:35:20.361,70.9800,100
41720362440872,11:35:20.362,70.9800,100
41721879594811,11:35:21.879,70.9800,100
41725798264279,11:35:25.798,70.9800,100
41735922214794,11:35:35.922,70.9900,100
41735922214794,11:35:35.922,70.9900,100
41740345481405,11:35:40.345,71.0000,10
41765799701438,11:36:05.799,71.0000,200
41765799701438,11:36:05.799,71.0000,100
41765799787879,11:36:05.799,71.0000,100
41767855097949,11:36:07.855,70.9900,100
41767855097949,11:36:07.855,70.9900,100
41767855097949,11:36:07.855,70.9900,100
41767855097949,11:36:07.855,70.9900,100
41767855097949,11:36:07.855,70.9900,2
41777103344069,11:36:17.103,70.9800,12
41777104464262,11:36:17.104,70.9800,1
41777104464262,11:36:17.104,70.9800,100
41777104577330,11:36:17.104,70.9800,2
41777665858582,11:36:17.665,70.9700,100
41779593506122,11:36:19.593,70.9500,36
41781985058463,11:36:21.985,70.9500,7
41783824753168,11:36:23.824,70.9500,93
41786677496594,11:36:26.677,70.9450,100
41786677529564,11:36:26.677,70.9500,100
41786677529564,11:36:26.677,70.9500,100
41786687770952,11:36:26.687,70.9600,200
41786687770952,11:36:26.687,70.9600,100
41786687770952,11:36:26.687,70.9600,100
41786687770952,11:36:26.687,70.9600,100
41786892869061,11:36:26.892,70.9600,100
41817529701616,11:36:57.529,70.9500,128
41822508234366,11:37:02.508,70.9600,100
41822708106407,11:37:02.708,70.9700,100
41822708655362,11:37:02.708,70.9700,100
41871439558568,11:37:51.439,70.9900,100
41871441183311,11:37:51.441,70.9900,200
41871441183311,11:37:51.441,70.9900,100
41871441183311,11:37:51.441,70.9900,300
41895785819694,11:38:15.785,71.0000,4
41895785819694,11:38:15.785,71.0000,2
41895787091135,11:38:15.787,71.0000,800
41895787123782,11:38:15.787,71.0000,400
41895787198286,11:38:15.787,71.0000,100
41895802645762,11:38:15.802,71.0100,300
41895802645762,11:38:15.802,71.0100,600
41895802645762,11:38:15.802,71.0100,100
41895802723276,11:38:15.802,71.0100,100
41895804493056,11:38:15.804,71.0100,100
41895870796219,11:38:15.870,71.0000,100
41896111345439,11:38:16.111,70.9950,500
41896276199635,11:38:16.276,71.0000,100
41898628970185,11:38:18.628,71.0000,100
41903079350343,11:38:23.079,71.0000,2
41915937293918,11:38:35.937,71.0000,98
41915937293918,11:38:35.937,71.0000,100
41915937293918,11:38:35.937,71.0000,1
41915937293918,11:38:35.937,71.0000,1
41915937513526,11:38:35.937,71.0000,99
41933564878448,11:38:53.564,70.9900,200
41933564942947,11:38:53.564,70.9900,74
41946688727246,11:39:06.688,70.9800,100
41946688727246,11:39:06.688,70.9800,100
41948574634014,11:39:08.574,70.9700,100
41962928907478,11:39:22.928,70.9600,100
41962928907478,11:39:22.928,70.9600,100
41962931178228,11:39:22.931,70.9600,200
41962931178228,11:39:22.931,70.9600,100
41962931178228,11:39:22.931,70.9600,200
41962931178228,11:39:22.931,70.9600,100
41966951032512,11:39:26.951,70.9700,100
41992833362348,11:39:52.833,70.9700,100
41992833627847,11:39:52.833,70.9700,100
42000054438572,11:40:00.054,70.9600,200
42000054869612,11:40:00.054,70.9600,100
42021981181312,11:40:21.981,70.9600,4
42021982010012,11:40:21.982,70.9600,100
42022004987464,11:40:22.004,70.9600,100
42074407211305,11:41:14.407,70.9550,700
42074407249524,11:41:14.407,70.9550,300
42074407344637,11:41:14.407,70.9600,28
42074407344637,11:41:14.407,70.9600,20
42074407394387,11:41:14.407,70.9550,200
42074407394387,11:41:14.407,70.9600,28
42074407729979,11:41:14.407,70.9600,16
42074413122114,11:41:14.413,70.9600,36
42074413122114,11:41:14.413,70.9600,64
42074437634120,11:41:14.437,70.9600,36
42075504887036,11:41:15.504,70.9600,180
42086990737737,11:41:26.990,70.9700,100
42120172523493,11:42:00.172,70.9800,100
42120172523493,11:42:00.172,70.9800,100
42120172527549,11:42:00.172,70.9750,374
42120172555127,11:42:00.172,70.9750,26
42120172555127,11:42:00.172,70.9800,35
42120172555127,11:42:00.172,70.9800,113
42120172607689,11:42:00.172,70.9800,26
42120823979662,11:42:00.823,70.9900,100
42147690103837,11:42:27.690,70.9900,1
42147690103837,11:42:27.690,70.9900,100
42147690103837,11:42:27.690,70.9900,100
42147690303647,11:42:27.690,70.9900,100
42156870050223,11:42:36.870,70.9900,43
42156870644316,11:42:36.870,70.9900,57
42156870644316,11:42:36.870,70.9900,100
42158829660700,11:42:38.829,71.0000,100
42158928619526,11:42:38.928,71.0000,96
42158929001884,11:42:38.929,71.0000,4
42159006070796,11:42:39.006,71.0000,100
42185148566879,11:43:05.148,71.0100,100
42198183130597,11:43:18.183,71.0200,100
42198184520922,11:43:18.184,71.0300,100
42214029118168,11:43:34.029,71.0300,100
42214032685624,11:43:34.032,71.0400,100
42215132564392,11:43:35.132,71.0500,200
42215132564392,11:43:35.132,71.0500,300
42215132564392,11:43:35.132,71.0500,100
42215132564392,11:43:35.132,71.0500,100
42215175106418,11:43:35.175,71.0500,100
42215946251036,11:43:35.946,71.0500,100
42217432069281,11:43:37.432,71.0500,100
42217432069281,11:43:37.432,71.0500,100
42236584795351,11:43:56.584,71.0400,100
42261314927765,11:44:21.314,71.0500,100
42266901672366,11:44:26.901,71.0500,49
42266902134842,11:44:26.902,71.0500,51
42266902134842,11:44:26.902,71.0500,300
42272625483671,11:44:32.625,71.0500,100
42272625483671,11:44:32.625,71.0500,100
42272625483671,11:44:32.625,71.0500,122
42276297538328,11:44:36.297,71.0500,100
42276297596307,11:44:36.297,71.0500,1
42300025110090,11:45:00.025,71.0700,100
42303846771550,11:45:03.846,71.0900,100
42303846771550,11:45:03.846,71.0900,100
42305944215173,11:45:05.944,71.1000,5
42305944215173,11:45:05.944,71.1000,200
42311581440945,11:45:11.581,71.1100,300
42311581440945,11:45:11.581,71.1100,200
42311581440945,11:45:11.581,71.1100,9
42311582796409,11:45:11.582,71.1100,100
42311582796409,11:45:11.582,71.1200,100
42331159674023,11:45:31.159,71.1300,24
42331159744020,11:45:31.159,71.1300,100
42331163218165,11:45:31.163,71.1300,26
42336740385524,11:45:36.740,71.1300,100
42336740385524,11:45:36.740,71.1300,100
42336740385524,11:45:36.740,71.1300,100
42352598172247,11:45:52.598,71.1300,100
42352598172247,11:45:52.598,71.1300,100
42368804081289,11:46:08.804,71.1400,24
42368804081289,11:46:08.804,71.1400,100
42381038709044,11:46:21.038,71.1500,200
42381038709044,11:46:21.038,71.1500,39
42381038709044,11:46:21.038,71.1500,47
42424118870525,11:47:04.118,71.1600,100
42428128011469,11:47:08.128,71.1550,100
42428128011469,11:47:08.128,71.1500,200
42428128461869,11:47:08.128,71.1500,63
42428128494446,11:47:08.128,71.1500,37
42429291982220,11:47:09.291,71.1500,100
42433079321098,11:47:13.079,71.1700,100
42433081979362,11:47:13.081,71.1800,100
42433081979362,11:47:13.081,71.1800,200
42433081979362,11:47:13.081,71.1800,200
42433081979362,11:47:13.081,71.1900,100
42433081979362,11:47:13.081,71.2000,100
42433081979362,11:47:13.081,71.2000,300
42433081979362,11:47:13.081,71.2000,300
42433081979362,11:47:13.081,71.2000,10
42433084458695,11:47:13.084,71.2000,90
42433084458695,11:47:13.084,71.2000,100
42433084458695,11:47:13.084,71.2000,100
42436174724240,11:47:16.174,71.1900,100
42436174724240,11:47:16.174,71.1900,100
42436660125581,11:47:16.660,71.1900,100
42436660125581,11:47:16.660,71.1900,100
42471525548952,11:47:51.525,71.1900,5
42471717461533,11:47:51.717,71.2000,97
42471807355538,11:47:51.807,71.1900,100
42487266201518,11:48:07.266,71.1900,100
42487266201518,11:48:07.266,71.1900,100
42487266201518,11:48:07.266,71.1900,1
42495331185495,11:48:15.331,71.1800,100
42499959752909,11:48:19.959,71.1700,100
42499959752909,11:48:19.959,71.1700,100
42511354676170,11:48:31.354,71.1600,4
42511354769438,11:48:31.354,71.1650,100
42511354769438,11:48:31.354,71.1600,96
42511354805655,11:48:31.354,71.1600,100
42513661297113,11:48:33.661,71.1600,100
42513661297113,11:48:33.661,71.1600,115
42513662319924,11:48:33.662,71.1700,100
42513662319924,11:48:33.662,71.1700,100
42516027783767,11:48:36.027,71.1700,5
42516027783767,11:48:36.027,71.1700,4
42535016209256,11:48:55.016,71.1600,100
42535016272401,11:48:55.016,71.1600,100
42535016283473,11:48:55.016,71.1600,100
42544707999904,11:49:04.707,71.1600,100
42544707999904,11:49:04.707,71.1600,100
42546742907442,11:49:06.742,71.1550,334
42561094075598,11:49:21.094,71.1550,300
42561094572877,11:49:21.094,71.1600,116
42561094585508,11:49:21.094,71.1600,100
42561094943418,11:49:21.094,71.1600,84
42563705510307,11:49:23.705,71.1500,600
42563705510307,11:49:23.705,71.1500,100
42566740639809,11:49:26.740,71.1400,100
42566740639809,11:49:26.740,71.1400,100
42566740639809,11:49:26.740,71.1400,100
42566740639809,11:49:26.740,71.1400,4
42566740685470,11:49:26.740,71.1400,96
42566740685470,11:49:26.740,71.1400,100
42570776198761,11:49:30.776,71.1300,100
42574515970557,11:49:34.515,71.1100,100
42574515970557,11:49:34.515,71.1000,100
42574515970557,11:49:34.515,71.1000,100
42574517942549,11:49:34.517,71.1000,100
42574517942549,11:49:34.517,71.1000,100
42574518839214,11:49:34.518,71.1000,100
42574518839214,11:49:34.518,71.1000,81
42574519111591,11:49:34.519,71.1000,100
42575504273244,11:49:35.504,71.1000,119
42575504273244,11:49:35.504,71.1000,1100
42588249068148,11:49:48.249,71.1100,100
42588249068148,11:49:48.249,71.1000,200
42588249197980,11:49:48.249,71.1000,39
42588250198292,11:49:48.250,71.1000,61
42594163006692,11:49:54.163,71.1000,4
42594163006692,11:49:54.163,71.1000,100
42594163022877,11:49:54.163,71.1000,300
42615895417804,11:50:15.895,71.1100,100
42628263514649,11:50:28.263,71.1100,200
42628263514649,11:50:28.263,71.1100,100
42628263514649,11:50:28.263,71.1100,1
42628263514649,11:50:28.263,71.1100,100
42632719608348,11:50:32.719,71.1000,3
42632987516002,11:50:32.987,71.1000,97
42640003639202,11:50:40.003,71.0800,100
42649747488887,11:50:49.747,71.0800,34
42649747488887,11:50:49.747,71.0800,66
42661197101251,11:51:01.197,71.0800,100
42690022619548,11:51:30.022,71.0800,5
42691023832173,11:51:31.023,71.0800,4
42699060531736,11:51:39.060,71.0800,91
42704932322980,11:51:44.932,71.0800,100
42704932322980,11:51:44.932,71.0800,100
42704934400375,11:51:44.934,71.0900,100
42704934400375,11:51:44.934,71.0900,100
42704934400375,11:51:44.934,71.0900,100
42704934400375,11:51:44.934,71.0900,99
42704934400375,11:51:44.934,71.0900,100
42704953422290,11:51:44.953,71.1000,6
42704958203957,11:51:44.958,71.1000,100
42704958230287,11:51:44.958,71.1000,107
42704958556606,11:51:44.958,71.1000,87
42705173374664,11:51:45.173,71.1000,300
42708832635884,11:51:48.832,71.0900,100
42708832635884,11:51:48.832,71.0900,100
42708832635884,11:51:48.832,71.0900,100
42709108021159,11:51:49.108,71.0800,200
42709108021159,11:51:49.108,71.0800,100
42734564170653,11:52:14.564,71.1000,200
42734564170653,11:52:14.564,71.1000,100
42734564170653,11:52:14.564,71.1000,100
42734564170653,11:52:14.564,71.1000,600
42734564373342,11:52:14.564,71.1000,1000
42734589837696,11:52:14.589,71.1200,100
42734741849989,11:52:14.741,71.1100,100
42735565139569,11:52:15.565,71.1100,100
42735565139569,11:52:15.565,71.1100,100
42735565139569,11:52:15.565,71.1100,100
42735565759922,11:52:15.565,71.1000,100
42738824239477,11:52:18.824,71.1100,100
42749228680584,11:52:29.228,71.1100,100
42749228773883,11:52:29.228,71.1100,200
42749536068573,11:52:29.536,71.1000,99
42749536102569,11:52:29.536,71.1000,1
42749698359844,11:52:29.698,71.1000,100
42758719924568,11:52:38.719,71.0900,100
42764952070325,11:52:44.952,71.1000,200
42764952070325,11:52:44.952,71.1000,100
42764953298279,11:52:44.953,71.1050,400
42764953298279,11:52:44.953,71.1100,300
42764953298279,11:52:44.953,71.1100,100
42765453758543,11:52:45.453,71.1100,100
42767027343932,11:52:47.027,71.1200,100
42767027343932,11:52:47.027,71.1200,100
42767137673155,11:52:47.137,71.1300,100
42767237900667,11:52:47.237,71.1300,100
42767237900667,11:52:47.237,71.1300,100
42767481076932,11:52:47.481,71.1250,100
42769072358897,11:52:49.072,71.1000,100
42769072358897,11:52:49.072,71.1000,100
42769072358897,11:52:49.072,71.1000,100
42769072454879,11:52:49.072,71.1000,100
42769350570376,11:52:49.350,71.0900,100
42769350570376,11:52:49.350,71.0900,100
42777071134355,11:52:57.071,71.1000,100
42777083183994,11:52:57.083,71.1000,100
42780820868969,11:53:00.820,71.1100,100
42787821668486,11:53:07.821,71.1100,100
42792820786024,11:53:12.820,71.1100,100
42793497056825,11:53:13.497,71.1100,112
42805825009700,11:53:25.825,71.1300,100
42837526678992,11:53:57.526,71.1200,100
42837526711008,11:53:57.526,71.1200,1
42837526711008,11:53:57.526,71.1200,100
42869101499080,11:54:29.101,71.1000,100
42869101499080,11:54:29.101,71.1000,100
42869101499080,11:54:29.101,71.1000,100
42881742119228,11:54:41.742,71.0900,4
42881742243869,11:54:41.742,71.0900,96
42881742243869,11:54:41.742,71.0900,4
42884023858228,11:54:44.023,71.0900,96
42884023858228,11:54:44.023,71.0900,100
42892286900251,11:54:52.286,71.0800,100
42900504769767,11:55:00.504,71.0800,15
42900504769767,11:55:00.504,71.0800,200
42900504769767,11:55:00.504,71.0800,100
42901504792573,11:55:01.504,71.0900,100
42901504792573,11:55:01.504,71.0900,100
42901505166709,11:55:01.505,71.0900,100
42904050473930,11:55:04.050,71.1000,400
42904050516810,11:55:04.050,71.1000,26
42904050516810,11:55:04.050,71.1000,94
42904551599727,11:55:04.551,71.1000,406
42904551599727,11:55:04.551,71.1000,100
42905553300797,11:55:05.553,71.1000,100
42905971534971,11:55:05.971,71.1000,300
42905971534971,11:55:05.971,71.1000,400
42911821224161,11:55:11.821,71.1000,29
42912077359946,11:55:12.077,71.1000,71
42912077359946,11:55:12.077,71.1000,100
42917190492355,11:55:17.190,71.1000,200
42917291607958,11:55:17.291,71.1000,100
42917592763871,11:55:17.592,71.1000,200
42917592763871,11:55:17.592,71.1000,400
42920764523502,11:55:20.764,71.1000,100
42920774650855,11:55:20.774,71.1100,150
42956079538409,11:55:56.079,71.1000,100
42956079538409,11:55:56.079,71.1000,100
42965831943605,11:56:05.831,71.1100,50
42965831943605,11:56:05.831,71.1100,26
42965831943605,11:56:05.831,71.1100,100
42965831943605,11:56:05.831,71.1100,100
42965832639700,11:56:05.832,71.1100,100
42965832639700,11:56:05.832,71.1100,200
42965832639700,11:56:05.832,71.1100,200
42965832639700,11:56:05.832,71.1100,100
43029457456635,11:57:09.457,71.1050,810
43029457477639,11:57:09.457,71.1050,790
43029457477639,11:57:09.457,71.1100,20
43029457520263,11:57:09.457,71.1100,49
43029457582805,11:57:09.457,71.1100,31
43029457582805,11:57:09.457,71.1100,10
43029457582805,11:57:09.457,71.1100,100
43029457582805,11:57:09.457,71.1100,300
43029457582805,11:57:09.457,71.1100,159
43029457756836,11:57:09.457,71.1100,12
43029457763471,11:57:09.457,71.1100,129
43030458612311,11:57:10.458,71.1100,100
43030458612311,11:57:10.458,71.1100,100
43030458612311,11:57:10.458,71.1100,1
43030458612311,11:57:10.458,71.1100,99
43035016057866,11:57:15.016,71.1050,300
43035018803378,11:57:15.018,71.1100,100
43039193982504,11:57:19.193,71.1100,100
43039194128005,11:57:19.194,71.1100,100
43058670744167,11:57:38.670,71.1100,100
43058670744167,11:57:38.670,71.1100,100
43058670744167,11:57:38.670,71.1000,200
43058670744167,11:57:38.670,71.1000,100
43058670744167,11:57:38.670,71.1000,100
43058670744167,11:57:38.670,71.1000,100
43058670744167,11:57:38.670,71.1000,100
43058670744167,11:57:38.670,71.1000,100
43063084741102,11:57:43.084,71.1100,100
43069394258333,11:57:49.394,71.1000,100
43069742077865,11:57:49.742,71.0950,100
43069742227480,11:57:49.742,71.0900,100
43069742227480,11:57:49.742,71.0900,100
43069742227480,11:57:49.742,71.0900,99
43069742261491,11:57:49.742,71.0900,1
43069742261491,11:57:49.742,71.0900,100
43069742261491,11:57:49.742,71.0900,100
43069742261491,11:57:49.742,71.0900,100
43111051817608,11:58:31.051,71.0900,5
43111052610831,11:58:31.052,71.0900,183
43111052610831,11:58:31.052,71.0900,100
43111052610831,11:58:31.052,71.0900,100
43111052610831,11:58:31.052,71.0900,18
43112742710659,11:58:32.742,71.0900,100
43112746649918,11:58:32.746,71.0900,48
43141688758709,11:59:01.688,71.0900,100
43141688799045,11:59:01.688,71.0900,100
43141688872389,11:59:01.688,71.0900,100
43142741960782,11:59:02.741,71.0900,100
43150930031388,11:59:10.930,71.0900,4
43150930031388,11:59:10.930,71.0900,4
43160611157501,11:59:20.611,71.1000,1600
43160612790439,11:59:20.612,71.1100,100
43160620095826,11:59:20.620,71.1200,100
43160620095826,11:59:20.620,71.1200,100
43160620095826,11:59:20.620,71.1200,100
43161147312112,11:59:21.147,71.1200,100
43161152108230,11:59:21.152,71.1200,200
43161613437178,11:59:21.613,71.1200,100
43161613437178,11:59:21.613,71.1200,100
43161613491886,11:59:21.613,71.1200,4
43161615288089,11:59:21.615,71.1200,100
43170119387882,11:59:30.119,71.1200,100
43170119387882,11:59:30.119,71.1200,100
43173176745031,11:59:33.176,71.1300,37
43175411862710,11:59:35.411,71.1300,63
43186290823600,11:59:46.290,71.1300,100
43248982570397,12:00:48.982,71.1200,1
43248982570397,12:00:48.982,71.1200,99
43248982674290,12:00:48.982,71.1200,1
43248982674290,12:00:48.982,71.1200,100
43248982674290,12:00:48.982,71.1200,100
43248982674290,12:00:48.982,71.1200,100
43248982674290,12:00:48.982,71.1200,65
43248982707632,12:00:48.982,71.1200,35
43250128167364,12:00:50.128,71.1050,100
43257026100875,12:00:57.026,71.1000,5
43265908140141,12:01:05.908,71.1000,25
43267126562493,12:01:07.126,71.1000,29
43267127148089,12:01:07.127,71.1000,10
43267127517015,12:01:07.127,71.1000,1
43267128067523,12:01:07.128,71.1000,8
43267128453656,12:01:07.128,71.1000,12
43267128829870,12:01:07.128,71.1000,1
43267570538612,12:01:07.570,71.1000,14
43280222542640,12:01:20.222,71.1000,86
43280222542640,12:01:20.222,71.1000,32
43280222542640,12:01:20.222,71.1000,74
43280222556711,12:01:20.222,71.1000,26
43280222556711,12:01:20.222,71.1000,100
43280223703322,12:01:20.223,71.1100,100
43280242447236,12:01:20.242,71.1100,200
43281243409050,12:01:21.243,71.1100,100
43281243409050,12:01:21.243,71.1100,100
43297673552172,12:01:37.673,71.1300,400
43297673552172,12:01:37.673,71.1300,100
43297673552172,12:01:37.673,71.1300,100
43311615472155,12:01:51.615,71.1200,100
43312748867559,12:01:52.748,71.1200,100
43339004736456,12:02:19.004,71.1200,299
43339004760755,12:02:19.004,71.1200,1
43339004760755,12:02:19.004,71.1200,100
43339004765797,12:02:19.004,71.1200,100
43340005703237,12:02:20.005,71.1200,100
43350298475986,12:02:30.298,71.1200,100
43350298475986,12:02:30.298,71.1200,100
43350298475986,12:02:30.298,71.1200,1
43350298475986,12:02:30.298,71.1200,100
43356656716818,12:02:36.656,71.1200,100
43356826220498,12:02:36.826,71.1300,200
43357827185466,12:02:37.827,71.1300,8
43357827185466,12:02:37.827,71.1300,1
43357827185466,12:02:37.827,71.1300,91
43357828389484,12:02:37.828,71.1300,9
43390259480590,12:03:10.259,71.1300,47
43390259480590,12:03:10.259,71.1300,100
43390259480590,12:03:10.259,71.1300,100
43390262001599,12:03:10.262,71.1200,100
43390262001599,12:03:10.262,71.1200,100
43390262001599,12:03:10.262,71.1200,100
43406511965012,12:03:26.511,71.1200,91
43408582492094,12:03:28.582,71.1200,100
43408582492094,12:03:28.582,71.1200,100
43408582492094,12:03:28.582,71.1200,200
43424159272806,12:03:44.159,71.1300,30
43424161294643,12:03:44.161,71.1300,15
43424161476035,12:03:44.161,71.1300,15
43424161906364,12:03:44.161,71.1300,40
43430014985622,12:03:50.014,71.1300,100
43430014985622,12:03:50.014,71.1300,100
43430014985622,12:03:50.014,71.1300,43
43430015000809,12:03:50.015,71.1200,100
43430015000809,12:03:50.015,71.1100,100
43430015000809,12:03:50.015,71.1100,100
43430016815573,12:03:50.016,71.1200,100
43430017016154,12:03:50.017,71.1200,100
43430017016154,12:03:50.017,71.1200,100
43430017016154,12:03:50.017,71.1200,100
43430017922033,12:03:50.017,71.1100,100
43430017922033,12:03:50.017,71.1100,100
43430017922033,12:03:50.017,71.1100,43
43437223527660,12:03:57.223,71.1200,100
43437223527660,12:03:57.223,71.1200,100
43437223527660,12:03:57.223,71.1200,200
43437223527660,12:03:57.223,71.1100,100
43437223527660,12:03:57.223,71.1000,126
43437223527660,12:03:57.223,71.1000,100
43437223527660,12:03:57.223,71.1000,100
43437223527660,12:03:57.223,71.1000,100
43437223527660,12:03:57.223,71.1000,100
43448479768535,12:04:08.479,71.1000,100
43448479768535,12:04:08.479,71.1000,100
43450310995250,12:04:10.310,71.1000,100
43450310995250,12:04:10.310,71.1000,300
43451480894038,12:04:11.480,71.1100,100
43451480894038,12:04:11.480,71.1100,76
43451480922040,12:04:11.480,71.1100,102
43451480922040,12:04:11.480,71.1100,6
43452481910397,12:04:12.481,71.1100,100
43460174897051,12:04:20.174,71.1200,30
43460174933943,12:04:20.174,71.1200,70
43460174933943,12:04:20.174,71.1200,100
43460174933943,12:04:20.174,71.1200,1
43460176533805,12:04:20.176,71.1300,35
43460176689907,12:04:20.176,71.1300,15
43460176711829,12:04:20.176,71.1300,25
43460183893732,12:04:20.183,71.1300,25
43460183893732,12:04:20.183,71.1300,5
43460183920829,12:04:20.183,71.1300,95
43462014011768,12:04:22.014,71.1350,300
43462014353812,12:04:22.014,71.1400,100
43464445418620,12:04:24.445,71.1450,400
43464445911211,12:04:24.445,71.1450,346
43467497252743,12:04:27.497,71.1500,100
43467497279860,12:04:27.497,71.1450,300
43467497417002,12:04:27.497,71.1500,100
43467497863319,12:04:27.497,71.1450,500
43518431814636,12:05:18.431,71.1450,154
43518431814636,12:05:18.431,71.1500,200
43518431814636,12:05:18.431,71.1500,100
43518431814636,12:05:18.431,71.1500,100
43518431814636,12:05:18.431,71.1500,100
43518432023435,12:05:18.432,71.1500,100
43518432426024,12:05:18.432,71.1500,200
43518432426024,12:05:18.432,71.1500,100
43518433491005,12:05:18.433,71.1500,300
43519432742406,12:05:19.432,71.1500,100
43521189248332,12:05:21.189,71.1550,500
43528531406287,12:05:28.531,71.1550,500
43528531406788,12:05:28.531,71.1550,500
43528532818900,12:05:28.532,71.1600,100
43528532818900,12:05:28.532,71.1600,400
43528533366292,12:05:28.533,71.1600,100
43528533366292,12:05:28.533,71.1600,100
43529230907807,12:05:29.230,71.1600,80
43549929761825,12:05:49.929,71.1600,100
43549929761825,12:05:49.929,71.1600,1
43549929761825,12:05:49.929,71.1600,100
43549929761825,12:05:49.929,71.1600,100
43552057199794,12:05:52.057,71.1500,100
43552057199794,12:05:52.057,71.1500,100
43600156489862,12:06:40.156,71.1450,427
43600156969921,12:06:40.156,71.1500,195
43600157572976,12:06:40.157,71.1500,27
43600158529780,12:06:40.158,71.1500,5
43602730539064,12:06:42.730,71.1500,100
43627058484377,12:07:07.058,71.1500,312
43627058484377,12:07:07.058,71.1500,88
43627058588480,12:07:07.058,71.1500,12
43627072825973,12:07:07.072,71.1600,100
43627167825307,12:07:07.167,71.1700,100
43627167856785,12:07:07.167,71.1700,100
43639950049862,12:07:19.950,71.1700,100
43639950049862,12:07:19.950,71.1700,100
43639950049862,12:07:19.950,71.1700,400
43640495730185,12:07:20.495,71.1800,10
43640997881283,12:07:20.997,71.1900,20
43640997881283,12:07:20.997,71.1900,80
43641000326969,12:07:21.000,71.1900,20
43641060742097,12:07:21.060,71.2000,100
43641060742097,12:07:21.060,71.2000,100
43641060742097,12:07:21.060,71.2000,10
43641060742097,12:07:21.060,71.2000,200
43641063186485,12:07:21.063,71.2100,100
43641063186485,12:07:21.063,71.2100,100
43641063186485,12:07:21.063,71.2100,200
43641063186485,12:07:21.063,71.2100,100
43641063186485,12:07:21.063,71.2100,100
43641070482689,12:07:21.070,71.2100,100
43641070482689,12:07:21.070,71.2100,200
43641070482689,12:07:21.070,71.2100,100
43641070482689,12:07:21.070,71.2100,20
43641070482689,12:07:21.070,71.2100,100
43641070482689,12:07:21.070,71.2100,100
43641070482689,12:07:21.070,71.2100,100
43641070482689,12:07:21.070,71.2100,80
43641070517521,12:07:21.070,71.2100,20
43641315274674,12:07:21.315,71.2100,100
43641645978067,12:07:21.645,71.2100,200
43641646526138,12:07:21.646,71.2100,100
43642183362289,12:07:22.183,71.2100,100
43642183362289,12:07:22.183,71.2100,200
43642186267354,12:07:22.186,71.2100,200
43642188044737,12:07:22.188,71.2200,24
43642188044737,12:07:22.188,71.2200,20
43642188044737,12:07:22.188,71.2200,400
43642188044737,12:07:22.188,71.2200,100
43642188044737,12:07:22.188,71.2200,100
43642195234900,12:07:22.195,71.2300,100
43642195234900,12:07:22.195,71.2300,20
43642195234900,12:07:22.195,71.2300,100
43642501324364,12:07:22.501,71.2400,10
43642501324364,12:07:22.501,71.2400,100
43642809373920,12:07:22.809,71.2500,100
43642809373920,12:07:22.809,71.2500,10
43642809373920,12:07:22.809,71.2500,100
43642809560378,12:07:22.809,71.2500,210
43642842235545,12:07:22.842,71.2550,90
43642842235545,12:07:22.842,71.2600,10
43642857982341,12:07:22.857,71.2600,100
43642986387205,12:07:22.986,71.2500,100
43642986387205,12:07:22.986,71.2500,200
43642986414531,12:07:22.986,71.2500,100
43642986414531,12:07:22.986,71.2500,100
43642997017260,12:07:22.997,71.2500,200
43642997017260,12:07:22.997,71.2500,100
43642997017260,12:07:22.997,71.2500,100
43642997017260,12:07:22.997,71.2500,200
43643004314776,12:07:23.004,71.2550,200
43643004314776,12:07:23.004,71.2600,200
43643004314776,12:07:23.004,71.2600,100
43643004314776,12:07:23.004,71.2600,100
43643020606143,12:07:23.020,71.2600,100
43643020606143,12:07:23.020,71.2600,100
43643433884187,12:07:23.433,71.2650,124
43644971762539,12:07:24.971,71.2650,100
43644973893806,12:07:24.973,71.2650,100
43644981368766,12:07:24.981,71.2650,100
43644986141860,12:07:24.986,71.2650,100
43646461259118,12:07:26.461,71.2700,400
43646461259118,12:07:26.461,71.2700,100
43646461374969,12:07:26.461,71.2700,100
43646469415670,12:07:26.469,71.2700,100
43646469415670,12:07:26.469,71.2700,100
43646475942416,12:07:26.475,71.2700,300
43646480328659,12:07:26.480,71.2700,300
43646480328659,12:07:26.480,71.2800,10
43646480328659,12:07:26.480,71.2800,100
43646480328659,12:07:26.480,71.2800,90
43647354066262,12:07:27.354,71.2800,100
43647354066262,12:07:27.354,71.2800,100
43647354066262,12:07:27.354,71.2800,200
43647354066262,12:07:27.354,71.2800,100
43647449533119,12:07:27.449,71.2700,100
43648712497500,12:07:28.712,71.2700,400
43648712497500,12:07:28.712,71.2700,100
43648712497500,12:07:28.712,71.2700,200
43648722539873,12:07:28.722,71.2700,100
43648722539873,12:07:28.722,71.2700,100
43648722539873,12:07:28.722,71.2700,100
43649503839073,12:07:29.503,71.2600,100
43649503839073,12:07:29.503,71.2600,100
43649503839073,12:07:29.503,71.2600,100
43649504700240,12:07:29.504,71.2600,300
43649504700240,12:07:29.504,71.2600,200
43651959584174,12:07:31.959,71.2700,112
43651959584174,12:07:31.959,71.2700,400
43654487483904,12:07:34.487,71.2500,100
43654487483904,12:07:34.487,71.2500,100
43654487483904,12:07:34.487,71.2500,100
43654491140506,12:07:34.491,71.2400,200
43654491140506,12:07:34.491,71.2400,100
43654491140506,12:07:34.491,71.2400,100
43654491140506,12:07:34.491,71.2400,100
43654491140506,12:07:34.491,71.2400,100
43654492030913,12:07:34.492,71.2400,100
43654549810418,12:07:34.549,71.2400,89
43654550062764,12:07:34.550,71.2400,11
43654550062764,12:07:34.550,71.2400,200
43655226344614,12:07:35.226,71.2500,100
43658169954988,12:07:38.169,71.2500,400
43658619109183,12:07:38.619,71.2500,216
43658890848925,12:07:38.890,71.2500,100
43658890872806,12:07:38.890,71.2500,84
43659892466965,12:07:39.892,71.2500,100
43659892466965,12:07:39.892,71.2500,100
43659892466965,12:07:39.892,71.2500,188
43668136667256,12:07:48.136,71.2500,400
43668145743334,12:07:48.145,71.2600,100
43668166572901,12:07:48.166,71.2800,100
43670129391427,12:07:50.129,71.2700,100
43672512685847,12:07:52.512,71.2600,100
43672512685847,12:07:52.512,71.2600,100
43672513609001,12:07:52.513,71.2600,100
43674322393861,12:07:54.322,71.2500,100
43681011321977,12:08:01.011,71.2500,16
43681011356826,12:08:01.011,71.2500,184
43681011932058,12:08:01.011,71.2500,200
43682796595526,12:08:02.796,71.2650,100
43683058597416,12:08:03.058,71.2700,100
43683470637932,12:08:03.470,71.2800,100
43683519343263,12:08:03.519,71.2800,100
43683519379860,12:08:03.519,71.2800,200
43683519379860,12:08:03.519,71.2800,200
43683519379860,12:08:03.519,71.2800,100
43683686768017,12:08:03.686,71.2900,10
43683686768017,12:08:03.686,71.2900,100
43683686768017,12:08:03.686,71.2900,300
43683686768017,12:08:03.686,71.2900,100
43683686768017,12:08:03.686,71.2900,300
43683686768017,12:08:03.686,71.2900,57
43683686768017,12:08:03.686,71.2900,100
43685381348403,12:08:05.381,71.2900,100
43685381373716,12:08:05.381,71.2900,300
43685381373716,12:08:05.381,71.2900,100
43686803578998,12:08:06.803,71.3000,10
43686803578998,12:08:06.803,71.3000,90
43686803604944,12:08:06.803,71.3000,210
43686803604944,12:08:06.803,71.3000,11
43686803606845,12:08:06.803,71.3000,100
43687538341543,12:08:07.538,71.3000,100
43687538341543,12:08:07.538,71.3000,9
43687538341543,12:08:07.538,71.3000,100
43687538341543,12:08:07.538,71.3000,91
43687538424159,12:08:07.538,71.3000,9
43689236389573,12:08:09.236,71.3000,9
43689236389573,12:08:09.236,71.3000,100
43689236389573,12:08:09.236,71.3000,91
43695223450323,12:08:15.223,71.2900,200
43705118055224,12:08:25.118,71.3000,100
43705118220531,12:08:25.118,71.3000,100
43707339183923,12:08:27.339,71.3000,100
43721907352817,12:08:41.907,71.3000,100
43721907352817,12:08:41.907,71.3000,125
43721907352817,12:08:41.907,71.3000,400
43721908552462,12:08:41.908,71.3100,100
43723002386727,12:08:43.002,71.3200,10
43723002386727,12:08:43.002,71.3200,100
43723002386727,12:08:43.002,71.3200,200
43723108352792,12:08:43.108,71.3200,100
43723108352792,12:08:43.108,71.3200,100
43723108352792,12:08:43.108,71.3200,600
43723108382954,12:08:43.108,71.3200,1
43723536353088,12:08:43.536,71.3300,10
43725023638108,12:08:45.023,71.3300,100
43725104736742,12:08:45.104,71.3400,100
43725104736742,12:08:45.104,71.3400,200
43728398448846,12:08:48.398,71.3300,100
43739198797740,12:08:59.198,71.3200,200
43739198797740,12:08:59.198,71.3200,100
43744153985309,12:09:04.153,71.3250,700
43744153985309,12:09:04.153,71.3300,400
43744153985309,12:09:04.153,71.3300,100
43744154019976,12:09:04.154,71.3300,114
43744154604887,12:09:04.154,71.3300,100
43744164909642,12:09:04.164,71.3250,100
43745573103133,12:09:05.573,71.3250,100
43758108762474,12:09:18.108,71.3250,100
43818557121192,12:10:18.557,71.3200,100
43818557121192,12:10:18.557,71.3200,100
43818557121192,12:10:18.557,71.3200,100
43818557121192,12:10:18.557,71.3200,100
43818557121192,12:10:18.557,71.3200,100
43818557190916,12:10:18.557,71.3200,100
43818557190916,12:10:18.557,71.3200,100
43818557190916,12:10:18.557,71.3200,100
43818557932754,12:10:18.557,71.3100,53
43818557959749,12:10:18.557,71.3100,47
43818559207153,12:10:18.559,71.3000,100
43818559408014,12:10:18.559,71.3100,100
43818578880539,12:10:18.578,71.3100,26
43818578880539,12:10:18.578,71.3100,30
43821776234757,12:10:21.776,71.3100,200
43825028516890,12:10:25.028,71.3100,199
43838017369004,12:10:38.017,71.3000,100
43838018005494,12:10:38.018,71.3000,100
43843926274064,12:10:43.926,71.2900,100
43846428610181,12:10:46.428,71.2900,100
43858605991121,12:10:58.605,71.2900,100
43858605991121,12:10:58.605,71.2900,400
43862524649488,12:11:02.524,71.2900,100
43870797816372,12:11:10.797,71.2800,100
43870797816372,12:11:10.797,71.2800,100
43870797816372,12:11:10.797,71.2800,100
43870797816372,12:11:10.797,71.2800,100
43870797816372,12:11:10.797,71.2800,100
43870800418073,12:11:10.800,71.2700,100
43870818860118,12:11:10.818,71.2600,100
43871850996398,12:11:11.850,71.2500,100
43873025725995,12:11:13.025,71.2400,100
43878126462464,12:11:18.126,71.2000,100
43887880877286,12:11:27.880,71.2000,100
43887880877286,12:11:27.880,71.2000,300
43887880877286,12:11:27.880,71.2000,333
43887880909804,12:11:27.880,71.2000,67
43900169407833,12:11:40.169,71.2100,100
43900169407833,12:11:40.169,71.2100,100
43900169407833,12:11:40.169,71.2100,200
43900169409686,12:11:40.169,71.2100,200
43900169409686,12:11:40.169,71.2100,400
43934969270937,12:12:14.969,71.2150,300
43934969270937,12:12:14.969,71.2200,11
43934969270937,12:12:14.969,71.2200,170
43934969270937,12:12:14.969,71.2200,100
43934969270937,12:12:14.969,71.2200,400
43934969270937,12:12:14.969,71.2200,99
43934969270937,12:12:14.969,71.2200,100
43934970630460,12:12:14.970,71.2300,100
43936788129921,12:12:16.788,71.2300,100
43936788129921,12:12:16.788,71.2300,100
43969427271835,12:12:49.427,71.2200,100
43969427271835,12:12:49.427,71.2200,200
43969427271835,12:12:49.427,71.2200,100
43969427271835,12:12:49.427,71.2200,99
43969427273243,12:12:49.427,71.2200,1
43969427273243,12:12:49.427,71.2200,100
43992670375408,12:13:12.670,71.2150,100
44028237661603,12:13:48.237,71.2150,200
44028237661603,12:13:48.237,71.2200,400
44028237661603,12:13:48.237,71.2200,100
44031926252481,12:13:51.926,71.2200,100
44042926830142,12:14:02.926,71.2200,100
44045434608629,12:14:05.434,71.2200,100
44045542831411,12:14:05.542,71.2250,100
44047925822396,12:14:07.925,71.2200,100
44053887581813,12:14:13.887,71.2200,10
44056095532148,12:14:16.095,71.2200,390
44060816112818,12:14:20.816,71.2200,71
44087764173238,12:14:47.764,71.2250,700
44087764296177,12:14:47.764,71.2250,100
44087764296177,12:14:47.764,71.2300,300
44087764296177,12:14:47.764,71.2300,200
44087764308822,12:14:47.764,71.2300,100
44087765526508,12:14:47.765,71.2400,100
44087766019742,12:14:47.766,71.2400,200
44087766019742,12:14:47.766,71.2400,100
44087766752100,12:14:47.766,71.2400,100
44089977689098,12:14:49.977,71.2300,200
44089977689098,12:14:49.977,71.2300,100
44089977734438,12:14:49.977,71.2300,100
44089977734438,12:14:49.977,71.2300,1
44145275023419,12:15:45.275,71.2250,100
44155322034117,12:15:55.322,71.2200,10
44165227451775,12:16:05.227,71.2300,100
44165227451775,12:16:05.227,71.2300,400
44165227451775,12:16:05.227,71.2300,50
44165227451775,12:16:05.227,71.2300,600
44165227790032,12:16:05.227,71.2300,600
44165453890776,12:16:05.453,71.2500,100
44165659173678,12:16:05.659,71.2450,100
44165731571691,12:16:05.731,71.2500,200
44165731571691,12:16:05.731,71.2500,100
44165731571691,12:16:05.731,71.2500,100
44165731765676,12:16:05.731,71.2500,38
44167255254733,12:16:07.255,71.2500,100
44169069924836,12:16:09.069,71.2500,100
44170483509762,12:16:10.483,71.2600,100
44170887453523,12:16:10.887,71.2600,100
44171032302406,12:16:11.032,71.2700,100
44171032302406,12:16:11.032,71.2700,10
44171032302406,12:16:11.032,71.2700,10
44171032302406,12:16:11.032,71.2700,80
44184968186096,12:16:24.968,71.2750,100
44184968186096,12:16:24.968,71.2700,100
44184968586167,12:16:24.968,71.2700,12
44184968586167,12:16:24.968,71.2700,100
44186730838073,12:16:26.730,71.2800,100
44186731178656,12:16:26.731,71.2800,100
44187819186422,12:16:27.819,71.2900,10
44187819186422,12:16:27.819,71.2900,74
44187819186422,12:16:27.819,71.2900,16
44197137535334,12:16:37.137,71.2900,197
44197137566859,12:16:37.137,71.2900,103
44197137566859,12:16:37.137,71.2900,1
44197137566859,12:16:37.137,71.2900,100
44197137696234,12:16:37.137,71.2900,100
44197137696234,12:16:37.137,71.2900,100
44197137696234,12:16:37.137,71.2900,100
44197137696234,12:16:37.137,71.2900,100
44197186056421,12:16:37.186,71.3000,10
44197186056421,12:16:37.186,71.3000,10
44199671437125,12:16:39.671,71.3100,10
44199671437125,12:16:39.671,71.3100,10
44199671437125,12:16:39.671,71.3100,100
44206587369425,12:16:46.587,71.3150,100
44207936476208,12:16:47.936,71.3150,200
44211955912408,12:16:51.955,71.3150,100
44217263955025,12:16:57.263,71.3150,100
44255583971322,12:17:35.583,71.3150,700
44255584000180,12:17:35.584,71.3150,500
44255584000180,12:17:35.584,71.3200,10
44255584000180,12:17:35.584,71.3200,10
44255584000180,12:17:35.584,71.3200,180
44255584399905,12:17:35.584,71.3200,120
44255584399905,12:17:35.584,71.3200,200
44255588914250,12:17:35.588,71.3400,10
44255588914250,12:17:35.588,71.3400,10
44255588914250,12:17:35.588,71.3400,100
44255588914250,12:17:35.588,71.3400,80
44255589279966,12:17:35.589,71.3400,20
44255591090653,12:17:35.591,71.3500,10
44255591090653,12:17:35.591,71.3500,40
44255591090653,12:17:35.591,71.3500,50
44256480660463,12:17:36.480,71.3400,100
44258257623545,12:17:38.257,71.3400,100
44266972017153,12:17:46.972,71.3500,100
44266972017153,12:17:46.972,71.3400,1
44266972052999,12:17:46.972,71.3400,100
44269651707524,12:17:49.651,71.3400,12
44269651707524,12:17:49.651,71.3400,100
44279583637089,12:17:59.583,71.3400,100
44284404569508,12:18:04.404,71.3500,6
44288549161046,12:18:08.549,71.3550,300
44289043475176,12:18:09.043,71.3550,100
44301863514353,12:18:21.863,71.3550,100
44311127687630,12:18:31.127,71.3500,100
44318115406515,12:18:38.115,71.3400,100
44318115434680,12:18:38.115,71.3400,100
44318115434680,12:18:38.115,71.3400,100
44318115434680,12:18:38.115,71.3400,100
44319064997925,12:18:39.064,71.3350,100
44319064997925,12:18:39.064,71.3400,100
44319064997925,12:18:39.064,71.3400,100
