timestamp,time,price,volume
34200687704359,09:30:00.687,0.0000,0
34268504916278,09:31:08.504,42.2600,100
34268504953560,09:31:08.504,42.2600,100
34281093955902,09:31:21.093,42.2850,100
34281093955902,09:31:21.093,42.2600,10
34281094237118,09:31:21.094,42.2600,39
34281094275146,09:31:21.094,42.2600,51
34356418015970,09:32:36.418,42.2000,200
34356418069280,09:32:36.418,42.2000,20
34356418293681,09:32:36.418,42.1800,20
34356419247981,09:32:36.419,42.1800,3
34356420289068,09:32:36.420,42.1800,41
34386186468342,09:33:06.186,42.2100,100
34485520040531,09:34:45.520,42.2100,1
34485520040531,09:34:45.520,42.2100,18
34485520331597,09:34:45.520,42.2200,72
34485521077670,09:34:45.521,42.2300,6
34485521101539,09:34:45.521,42.2300,94
34543458477605,09:35:43.458,42.2300,56
34543458682414,09:35:43.458,42.2300,14
34543458786360,09:35:43.458,42.2300,24
34577978961795,09:36:17.978,42.2000,100
34710800779546,09:38:30.800,42.1100,23
34743789846261,09:39:03.789,42.2100,100
34743790077339,09:39:03.790,42.2100,50
34743790080758,09:39:03.790,42.2100,50
34743790080758,09:39:03.790,42.2200,100
34743790080758,09:39:03.790,42.2200,92
34743790088968,09:39:03.790,42.2200,82
34743790114459,09:39:03.790,42.2200,16
34743790125914,09:39:03.790,42.2200,16
34743790396052,09:39:03.790,42.2200,34
34760738689364,09:39:20.738,42.2300,9
34774006530995,09:39:34.006,42.2300,20
34774006530995,09:39:34.006,42.2200,80
34774006885233,09:39:34.006,42.2200,20
34880197552887,09:41:20.197,42.2200,100
34880197552887,09:41:20.197,42.2200,100
34880197552887,09:41:20.197,42.2200,30
34880198347822,09:41:20.198,42.2200,100
34880198692371,09:41:20.198,42.2000,100
34880272554830,09:41:20.272,42.2200,100
34880347364707,09:41:20.347,42.2200,55
34880978641935,09:41:20.978,42.2200,65
34880978641935,09:41:20.978,42.2200,100
34880989366506,09:41:20.989,42.2300,100
34880989943790,09:41:20.989,42.2200,100
34880990451617,09:41:20.990,42.2400,100
34881022203692,09:41:21.022,42.2600,100
34881122762702,09:41:21.122,42.2600,100
35147223449704,09:45:47.223,42.2300,100
35147223504699,09:45:47.223,42.2300,100
35147223504699,09:45:47.223,42.2300,100
35374022004633,09:49:34.022,42.2200,100
35374022004633,09:49:34.022,42.2200,10
35376177456407,09:49:36.177,42.2100,98
35376177572819,09:49:36.177,42.2100,2
35376819159308,09:49:36.819,42.2100,100
35399907902475,09:49:59.907,42.1900,60
35399937810967,09:49:59.937,42.1900,100
35414591609996,09:50:14.591,42.2000,100
35414591609996,09:50:14.591,42.2000,100
35414659330711,09:50:14.659,42.2000,100
35418191669165,09:50:18.191,42.2100,100
35418191669165,09:50:18.191,42.2100,100
35418307363251,09:50:18.307,42.2100,100
35425137344063,09:50:25.137,42.2300,100
35425383191835,09:50:25.383,42.2400,200
35425600944035,09:50:25.600,42.2500,100
35425846404399,09:50:25.846,42.2700,100
35576224738885,09:52:56.224,42.2200,100
35576779754880,09:52:56.779,42.2000,100
35576779754880,09:52:56.779,42.2000,100
35576780128104,09:52:56.780,42.2000,67
35576780133998,09:52:56.780,42.2000,33
35635342720925,09:53:55.342,42.1800,100
35635342750060,09:53:55.342,42.1800,100
35635342750060,09:53:55.342,42.1800,37
35635346946201,09:53:55.346,42.1900,4
35636582059984,09:53:56.582,42.2000,100
35636582059984,09:53:56.582,42.2000,100
35636582898502,09:53:56.582,42.2100,100
35636582898502,09:53:56.582,42.2100,100
35636582898502,09:53:56.582,42.2100,100
35636593711717,09:53:56.593,42.2200,100
35636593711717,09:53:56.593,42.2200,100
35636599885517,09:53:56.599,42.2500,100
35636675943747,09:53:56.675,42.2300,100
35636676548921,09:53:56.676,42.2300,100
35636676548921,09:53:56.676,42.2300,100
35636676548921,09:53:56.676,42.2300,100
35637021229953,09:53:57.021,42.2200,100
35637021586321,09:53:57.021,42.2200,100
35637021586321,09:53:57.021,42.2200,100
35653501323146,09:54:13.501,42.2000,100
35665485409686,09:54:25.485,42.2000,100
35691858131742,09:54:51.858,42.2000,100
35691858131742,09:54:51.858,42.2000,100
35691858131742,09:54:51.858,42.2000,100
35691858131742,09:54:51.858,42.2000,100
35693961798013,09:54:53.961,42.2100,100
35714976597580,09:55:14.976,42.2000,100
35714983587009,09:55:14.983,42.2000,100
35715964099203,09:55:15.964,42.2000,100
35716021467738,09:55:16.021,42.2000,100
35724324228524,09:55:24.324,42.2000,45
35724326800294,09:55:24.326,42.2000,55
35735976652966,09:55:35.976,42.2000,100
35735976673494,09:55:35.976,42.2000,100
35736470673052,09:55:36.470,42.1900,100
35736471041052,09:55:36.471,42.1900,100
35752964060970,09:55:52.964,42.1700,100
35752964060970,09:55:52.964,42.1700,100
35753027319495,09:55:53.027,42.1600,100
35755224887093,09:55:55.224,42.1400,100
35755224887622,09:55:55.224,42.1400,100
35827351668691,09:57:07.351,42.0800,100
35827351668691,09:57:07.351,42.0900,5
35827351712050,09:57:07.351,42.0900,100
35827351813743,09:57:07.351,42.1000,5
35827352308115,09:57:07.352,42.1000,95
35827355624467,09:57:07.355,42.0900,4
35827360587462,09:57:07.360,42.1100,100
35864392360439,09:57:44.392,42.0800,100
35871231090256,09:57:51.231,42.0800,204
35933223891238,09:58:53.223,42.0800,100
35933223891238,09:58:53.223,42.0800,100
35933746201060,09:58:53.746,42.0800,100
35936446931822,09:58:56.446,42.0900,100
35936448883777,09:58:56.448,42.0900,100
35971575001428,09:59:31.575,42.0800,100
35971575432456,09:59:31.575,42.0800,100
36001576524447,10:00:01.576,42.0300,100
36032421446021,10:00:32.421,42.0500,100
36032421669640,10:00:32.421,42.0600,55
36032422097499,10:00:32.422,42.0600,45
36070877670569,10:01:10.877,42.0400,100
36070877670569,10:01:10.877,42.0400,100
36070877713639,10:01:10.877,42.0400,11
36167077659380,10:02:47.077,42.0200,42
36167077757516,10:02:47.077,42.0200,58
36168653848054,10:02:48.653,42.0100,100
36214472410696,10:03:34.472,42.0000,25
36217351711319,10:03:37.351,42.0000,75
36218892692507,10:03:38.892,41.9800,100
36240806628772,10:04:00.806,41.9900,95
36240806653852,10:04:00.806,41.9900,5
36240806653852,10:04:00.806,41.9900,100
36240806653852,10:04:00.806,41.9900,17
36240806653852,10:04:00.806,41.9900,100
36240810367479,10:04:00.810,42.0100,100
36240810367479,10:04:00.810,42.0100,200
36240810367479,10:04:00.810,42.0100,600
36240876195100,10:04:00.876,42.0200,100
36240876231893,10:04:00.876,42.0300,100
36240893382025,10:04:00.893,42.0200,100
36265454689502,10:04:25.454,42.0200,100
36337411814261,10:05:37.411,42.0400,100
36337411814261,10:05:37.411,42.0400,11
36337411841303,10:05:37.411,42.0400,6
36337411841303,10:05:37.411,42.0400,137
36337412404863,10:05:37.412,42.0400,30
36337434879670,10:05:37.434,42.0500,100
36339926425825,10:05:39.926,42.0600,100
36360183087800,10:06:00.183,42.0700,100
36360183991648,10:06:00.183,42.0800,50
36360184075359,10:06:00.184,42.0800,25
36360184152122,10:06:00.184,42.0800,13
36360184238095,10:06:00.184,42.0800,6
36360184309994,10:06:00.184,42.0800,3
36360184378460,10:06:00.184,42.0800,2
36360184449949,10:06:00.184,42.0800,1
36431575095497,10:07:11.575,42.0800,100
36431575420460,10:07:11.575,42.0800,100
36431576629362,10:07:11.576,42.0800,100
36431576629362,10:07:11.576,42.0800,100
36431576814619,10:07:11.576,42.0800,100
36431576886339,10:07:11.576,42.0700,100
36431576886339,10:07:11.576,42.0700,100
36456437867614,10:07:36.437,42.0700,100
36490578879773,10:08:10.578,42.0700,100
36490578909201,10:08:10.578,42.0700,7
36490578909201,10:08:10.578,42.0700,100
36490578909201,10:08:10.578,42.0700,63
36490578909201,10:08:10.578,42.0700,100
36490578909201,10:08:10.578,42.0700,16
36490886601439,10:08:10.886,42.1000,100
36491087461191,10:08:11.087,42.1200,100
36491087461191,10:08:11.087,42.1200,100
36491390944667,10:08:11.390,42.1300,100
36491390944667,10:08:11.390,42.1300,100
36504994511890,10:08:24.994,42.1300,7
36504994614696,10:08:24.994,42.1300,93
36505009800253,10:08:25.009,42.1300,100
36505017966657,10:08:25.017,42.1300,100
36505017966657,10:08:25.017,42.1300,100
36507874109993,10:08:27.874,42.1300,100
36507874109993,10:08:27.874,42.1300,100
36507874109993,10:08:27.874,42.1300,100
36544772204547,10:09:04.772,42.1000,100
36544772335925,10:09:04.772,42.1100,100
36544772974398,10:09:04.772,42.1000,25
36544773038722,10:09:04.773,42.1000,13
36544773099126,10:09:04.773,42.1000,6
36545193171577,10:09:05.193,42.1000,8
36545576374055,10:09:05.576,42.1000,48
36545576374055,10:09:05.576,42.1000,5
36546530756142,10:09:06.530,42.1200,100
36546530756142,10:09:06.530,42.1200,100
36546835521653,10:09:06.835,42.1300,100
36546835521653,10:09:06.835,42.1300,100
36546835904270,10:09:06.835,42.1400,100
36582007991741,10:09:42.007,42.1400,100
36582007991741,10:09:42.007,42.1400,100
36582007991741,10:09:42.007,42.1400,100
36602143132667,10:10:02.143,42.1400,70
36693090038807,10:11:33.090,42.1700,100
36693090038807,10:11:33.090,42.1700,100
36693090038807,10:11:33.090,42.1700,100
36693090038807,10:11:33.090,42.1700,180
36693090038807,10:11:33.090,42.1700,100
36693146256803,10:11:33.146,42.1700,25
36693214748154,10:11:33.214,42.1600,100
36697719135582,10:11:37.719,42.1400,100
36697719135582,10:11:37.719,42.1400,100
36697719330005,10:11:37.719,42.1400,5
36697719360832,10:11:37.719,42.1400,100
36708704612713,10:11:48.704,42.1500,100
36708704612713,10:11:48.704,42.1500,100
36728671019178,10:12:08.671,42.1600,100
36728671019178,10:12:08.671,42.1600,100
36728671077827,10:12:08.671,42.1600,16
36765812178527,10:12:45.812,42.1600,100
36765812179066,10:12:45.812,42.1600,100
36765812187718,10:12:45.812,42.1600,100
36766089454629,10:12:46.089,42.1600,100
36766089454629,10:12:46.089,42.1600,100
36766089454629,10:12:46.089,42.1600,100
36767014389936,10:12:47.014,42.1700,100
36767014389936,10:12:47.014,42.1700,126
36767014389936,10:12:47.014,42.1700,100
36767304957685,10:12:47.304,42.1800,100
36767304957685,10:12:47.304,42.1800,100
36775896497197,10:12:55.896,42.1700,100
36775896564259,10:12:55.896,42.1700,100
36800573471173,10:13:20.573,42.1700,200
36800573471173,10:13:20.573,42.1700,200
36860617810450,10:14:20.617,42.1700,100
36860617810450,10:14:20.617,42.1700,100
36860617810450,10:14:20.617,42.1700,100
36860617810450,10:14:20.617,42.1700,10
36860620503582,10:14:20.620,42.1500,1000
36934599871835,10:15:34.599,42.1200,100
36959472628164,10:15:59.472,42.1400,18
36959472628164,10:15:59.472,42.1400,100
36959473348112,10:15:59.473,42.1500,100
36959473348112,10:15:59.473,42.1500,100
36959473348112,10:15:59.473,42.1500,200
36959474505526,10:15:59.474,42.1600,100
36959474505526,10:15:59.474,42.1600,100
36959551813251,10:15:59.551,42.1700,100
36959777505297,10:15:59.777,42.1700,100
36983034151787,10:16:23.034,42.1700,200
36983034151787,10:16:23.034,42.1700,100
36983034151787,10:16:23.034,42.1700,18
36983034151787,10:16:23.034,42.1700,100
36983199489535,10:16:23.199,42.1600,100
36983481782716,10:16:23.481,42.1600,100
36983481782716,10:16:23.481,42.1600,100
36983481782716,10:16:23.481,42.1600,100
36983481782716,10:16:23.481,42.1600,100
36983483681612,10:16:23.483,42.1600,100
36983670030984,10:16:23.670,42.1600,100
36983670030984,10:16:23.670,42.1600,100
36983670030984,10:16:23.670,42.1600,100
36983737101570,10:16:23.737,42.1600,100
36983936468805,10:16:23.936,42.1700,100
36984735322169,10:16:24.735,42.1700,100
36984934680404,10:16:24.934,42.1800,100
36985234771470,10:16:25.234,42.1900,100
36985334867656,10:16:25.334,42.2100,100
36985334902232,10:16:25.334,42.2100,100
36985381046454,10:16:25.381,42.2100,100
36985410368746,10:16:25.410,42.2000,100
36987257035254,10:16:27.257,42.2100,98
36987257035254,10:16:27.257,42.2100,100
36987257035254,10:16:27.257,42.2100,100
36987432200009,10:16:27.432,42.2000,100
37021101901073,10:17:01.101,42.2100,100
37021101901073,10:17:01.101,42.2100,100
37021101901073,10:17:01.101,42.2100,47
37021101978711,10:17:01.101,42.2100,53
37021376939497,10:17:01.376,42.2200,100
37023617324011,10:17:03.617,42.2400,100
37023915618803,10:17:03.915,42.2500,100
37023915618803,10:17:03.915,42.2500,135
37038482736825,10:17:18.482,42.2500,100
37038482736825,10:17:18.482,42.2500,100
37038485073674,10:17:18.485,42.2400,5
37041085800047,10:17:21.085,42.2200,100
37041085800047,10:17:21.085,42.2200,100
37055751842658,10:17:35.751,42.2200,40
37055751846267,10:17:35.751,42.2200,60
37069447323127,10:17:49.447,42.2200,100
37069489693307,10:17:49.489,42.2400,100
37074172472672,10:17:54.172,42.2200,10
37074173000834,10:17:54.173,42.2200,100
37074173311725,10:17:54.173,42.2100,100
37080086872691,10:18:00.086,42.2100,100
37082440320385,10:18:02.440,42.2100,100
37082440320385,10:18:02.440,42.2100,16
37082440320385,10:18:02.440,42.2100,84
37082440500722,10:18:02.440,42.2100,16
37090083991985,10:18:10.083,42.2000,100
37090147098598,10:18:10.147,42.1900,100
37107168517001,10:18:27.168,42.1700,100
37108167009395,10:18:28.167,42.1700,18
37108167009395,10:18:28.167,42.1700,82
37108167244388,10:18:28.167,42.1700,18
37109670136283,10:18:29.670,42.1900,100
37109670136283,10:18:29.670,42.1900,5
37109670136283,10:18:29.670,42.1900,95
37109678745266,10:18:29.678,42.1900,2
37109873137615,10:18:29.873,42.1900,100
37109873137615,10:18:29.873,42.1900,100
37110572747158,10:18:30.572,42.1900,100
37110572747158,10:18:30.572,42.1900,100
37115719043640,10:18:35.719,42.1900,100
37120039581005,10:18:40.039,42.1900,100
37125521981331,10:18:45.521,42.1900,100
37125521981331,10:18:45.521,42.1900,100
37129625258749,10:18:49.625,42.2000,100
37152020712260,10:19:12.020,42.2200,100
37173502645904,10:19:33.502,42.2400,100
37173502645904,10:19:33.502,42.2400,200
37210402480885,10:20:10.402,42.2700,100
37210407287648,10:20:10.407,42.2600,50
37210407527191,10:20:10.407,42.2600,50
37260081160190,10:21:00.081,42.2600,100
37260081984293,10:21:00.081,42.2500,67
37260082025061,10:21:00.082,42.2500,33
37262747824426,10:21:02.747,42.2300,45
37262747897004,10:21:02.747,42.2300,34
37262747960609,10:21:02.747,42.2300,21
37263252389522,10:21:03.252,42.2600,18
37263252389522,10:21:03.252,42.2600,13
37263252402344,10:21:03.252,42.2600,43
37263252422470,10:21:03.252,42.2600,49
37263252422470,10:21:03.252,42.2600,100
37272882505210,10:21:12.882,42.2600,5
37272882505210,10:21:12.882,42.2600,100
37282315503503,10:21:22.315,42.2600,100
37282315503503,10:21:22.315,42.2600,100
37298281544095,10:21:38.281,42.2400,34
37298281620088,10:21:38.281,42.2400,22
37298281684278,10:21:38.281,42.2400,15
37298281742376,10:21:38.281,42.2400,10
37298281802230,10:21:38.281,42.2400,7
37298281860521,10:21:38.281,42.2400,4
37298281919878,10:21:38.281,42.2400,3
37298281976855,10:21:38.281,42.2400,2
37298282033059,10:21:38.282,42.2400,1
37298282089294,10:21:38.282,42.2400,1
37298282148689,10:21:38.282,42.2400,1
37320023619706,10:22:00.023,42.2200,100
37371629719302,10:22:51.629,42.2000,100
37371629719302,10:22:51.629,42.2000,37
37371629721570,10:22:51.629,42.2000,63
37408234891372,10:23:28.234,42.1700,100
37408234891372,10:23:28.234,42.1700,100
37435290601466,10:23:55.290,42.1400,53
37515224997874,10:25:15.224,42.1600,391
37515225084154,10:25:15.225,42.1600,109
37515225084154,10:25:15.225,42.1700,176
37515225084154,10:25:15.225,42.1700,100
37515225084154,10:25:15.225,42.1700,6
37515225097158,10:25:15.225,42.1700,9
37515225097158,10:25:15.225,42.1700,100
37515225097158,10:25:15.225,42.1700,100
37523778716606,10:25:23.778,42.1900,4
37605786023985,10:26:45.786,42.1800,100
37605786023985,10:26:45.786,42.1800,47
37605786023985,10:26:45.786,42.1800,100
37660086228811,10:27:40.086,42.1700,100
37660086228811,10:27:40.086,42.1700,196
37660086321452,10:27:40.086,42.1700,67
37660086474091,10:27:40.086,42.1800,84
37660086478019,10:27:40.086,42.1800,44
37660086478019,10:27:40.086,42.1800,16
37660086797374,10:27:40.086,42.1800,100
37660088029053,10:27:40.088,42.1800,100
37660091263564,10:27:40.091,42.1800,100
37660091263564,10:27:40.091,42.1800,100
37691974327290,10:28:11.974,42.1700,5
37742141890111,10:29:02.141,42.1800,3000
37742141890111,10:29:02.141,42.1800,16
37742142778093,10:29:02.142,42.1900,53
37742142802343,10:29:02.142,42.1900,47
37846613047036,10:30:46.613,42.2000,100
37846613077037,10:30:46.613,42.2000,100
37846613077037,10:30:46.613,42.2000,100
37846613077037,10:30:46.613,42.2000,101
37846613420641,10:30:46.613,42.2000,100
37848576733355,10:30:48.576,42.1900,100
37853042731589,10:30:53.042,42.1800,100
37859744694195,10:30:59.744,42.1600,100
37871197862910,10:31:11.197,42.1600,100
37871197862910,10:31:11.197,42.1600,173
37871197862910,10:31:11.197,42.1600,15
37871197862910,10:31:11.197,42.1600,12
37871197891094,10:31:11.197,42.1600,31
37871197895569,10:31:11.197,42.1600,57
37916594241475,10:31:56.594,42.1700,100
37916594241475,10:31:56.594,42.1700,77
37916594241475,10:31:56.594,42.1700,23
37916594293299,10:31:56.594,42.1700,70
37916594667380,10:31:56.594,42.1700,2
37918717144048,10:31:58.717,42.1600,100
37918717144048,10:31:58.717,42.1600,100
37931476823434,10:32:11.476,42.1600,198
37931476823434,10:32:11.476,42.1600,13
37931476823434,10:32:11.476,42.1600,100
37931476972358,10:32:11.476,42.1600,79
37931476996772,10:32:11.476,42.1600,21
37950499532721,10:32:30.499,42.1800,100
37957392727573,10:32:37.392,42.1800,3
37974489671006,10:32:54.489,42.1900,100
37982260906772,10:33:02.260,42.1900,100
37982970553342,10:33:02.970,42.2000,100
37994642086530,10:33:14.642,42.2100,31
37994642144281,10:33:14.642,42.2100,11
37994642198460,10:33:14.642,42.2100,58
37997686487813,10:33:17.686,42.2300,100
38046570704721,10:34:06.570,42.2600,100
38046570733925,10:34:06.570,42.2600,13
38046570745643,10:34:06.570,42.2600,13
38046570757111,10:34:06.570,42.2600,13
38046570798344,10:34:06.570,42.2600,13
38046570933780,10:34:06.570,42.2600,13
38046570939854,10:34:06.570,42.2600,13
38046571144170,10:34:06.571,42.2600,13
38051025494101,10:34:11.025,42.2600,87
38051025624650,10:34:11.025,42.2600,13
38051025624650,10:34:11.025,42.2600,100
38051025624650,10:34:11.025,42.2600,100
38051025999940,10:34:11.025,42.2600,100
38051025999940,10:34:11.025,42.2500,100
38051070696116,10:34:11.070,42.2400,100
38052227489143,10:34:12.227,42.2300,64
38052227489143,10:34:12.227,42.2300,100
38068574860930,10:34:28.574,42.2100,100
38076403989058,10:34:36.403,42.1800,100
38152054860011,10:35:52.054,42.1800,100
38167258108314,10:36:07.258,42.1900,4
38167258134281,10:36:07.258,42.1900,9
38234285699348,10:37:14.285,42.1900,16
38234286199722,10:37:14.286,42.1900,16
38234286449491,10:37:14.286,42.1900,68
38256032768932,10:37:36.032,42.1700,100
38289717176115,10:38:09.717,42.1700,100
38289717176115,10:38:09.717,42.1700,18
38289718700484,10:38:09.718,42.1700,100
38292111915252,10:38:12.111,42.1700,100
38330141909360,10:38:50.141,42.1700,100
38330141909360,10:38:50.141,42.1700,100
38330596598455,10:38:50.596,42.1800,100
38507937652632,10:41:47.937,42.1700,100
38507937652632,10:41:47.937,42.1700,100
38507937652632,10:41:47.937,42.1700,100
38507937652632,10:41:47.937,42.1700,100
38537264649285,10:42:17.264,42.1700,4
38537264649285,10:42:17.264,42.1700,16
38537264649285,10:42:17.264,42.1700,60
38650629295863,10:44:10.629,42.1900,100
38650629295863,10:44:10.629,42.1900,16
38650629534609,10:44:10.629,42.2000,82
38650629558921,10:44:10.629,42.2000,18
38650629558921,10:44:10.629,42.2000,5
38650629563792,10:44:10.629,42.2000,95
38650629672745,10:44:10.629,42.1900,100
38650629672745,10:44:10.629,42.1900,100
38650629712852,10:44:10.629,42.1900,100
38650630057442,10:44:10.630,42.1900,56
38650630207996,10:44:10.630,42.1900,44
38650630207996,10:44:10.630,42.1900,51
38650630243615,10:44:10.630,42.1900,49
38650630243615,10:44:10.630,42.1900,51
38650630296471,10:44:10.630,42.1900,49
38650632373753,10:44:10.632,42.1800,100
38651280392238,10:44:11.280,42.1800,195
38651280422752,10:44:11.280,42.1800,105
38651280422752,10:44:11.280,42.1800,100
38651280422752,10:44:11.280,42.1800,28
38651280422752,10:44:11.280,42.1800,2
38657507546557,10:44:17.507,42.1900,100
38657507644981,10:44:17.507,42.1900,100
38685808502470,10:44:45.808,42.1800,98
38685808562382,10:44:45.808,42.1800,2
38696750480364,10:44:56.750,42.1800,24
38696750496803,10:44:56.750,42.1800,76
38696762869326,10:44:56.762,42.1900,100
38696762869326,10:44:56.762,42.1900,100
38696775197203,10:44:56.775,42.1900,100
38696775197203,10:44:56.775,42.1900,100
38698848057975,10:44:58.848,42.2100,100
38719541363615,10:45:19.541,42.2200,100
38800653972680,10:46:40.653,42.2200,100
38800654001957,10:46:40.654,42.2200,46
38800654001957,10:46:40.654,42.2200,17
38800654001957,10:46:40.654,42.2200,200
38822317557248,10:47:02.317,42.2200,100
38822317557248,10:47:02.317,42.2200,100
38822317557248,10:47:02.317,42.2200,100
38925715652652,10:48:45.715,42.2200,36
38925715652652,10:48:45.715,42.2200,4
38925715652652,10:48:45.715,42.2200,100
38925715652652,10:48:45.715,42.2200,19
38925715652652,10:48:45.715,42.2200,17
38925715652652,10:48:45.715,42.2200,41
38925716517457,10:48:45.716,42.2300,100
38925718211704,10:48:45.718,42.2400,100
38925736317462,10:48:45.736,42.2400,100
38925736317462,10:48:45.736,42.2400,100
38952382943017,10:49:12.382,42.2400,8
38952382947847,10:49:12.382,42.2400,92
38952382947847,10:49:12.382,42.2500,8
38952382954300,10:49:12.382,42.2500,54
38952383035083,10:49:12.383,42.2500,38
38952383752243,10:49:12.383,42.2500,100
38952438056928,10:49:12.438,42.2500,100
38961699158389,10:49:21.699,42.2500,100
38961699899263,10:49:21.699,42.2400,100
38961699899263,10:49:21.699,42.2400,100
38961699899263,10:49:21.699,42.2400,90
38961699926431,10:49:21.699,42.2400,10
38961699926431,10:49:21.699,42.2400,100
38961699926431,10:49:21.699,42.2400,100
38961701980153,10:49:21.701,42.2300,100
39036411463352,10:50:36.411,42.2200,100
39036411463352,10:50:36.411,42.2200,100
39036411463352,10:50:36.411,42.2200,100
39036411488635,10:50:36.411,42.2200,100
39036412280227,10:50:36.412,42.2100,100
39036412280227,10:50:36.412,42.2100,100
39098516386666,10:51:38.516,42.2200,40
39098516415402,10:51:38.516,42.2200,60
39098516415402,10:51:38.516,42.2200,100
39098516415402,10:51:38.516,42.2200,72
39098516415402,10:51:38.516,42.2200,43
39098516415402,10:51:38.516,42.2200,8
39098516463046,10:51:38.516,42.2200,9
39117310638543,10:51:57.310,42.2300,100
39117310670058,10:51:57.310,42.2300,100
39117310897646,10:51:57.310,42.2300,100
39117313222829,10:51:57.313,42.2400,7
39117313222829,10:51:57.313,42.2400,93
39117314617316,10:51:57.314,42.2400,100
39117316681650,10:51:57.316,42.2400,93
39117321695854,10:51:57.321,42.2400,100
39120030950037,10:52:00.030,42.2400,100
39120030950037,10:52:00.030,42.2400,100
39123293124931,10:52:03.293,42.2400,45
39123293156868,10:52:03.293,42.2400,55
39123293156868,10:52:03.293,42.2400,100
39123294995345,10:52:03.294,42.2300,100
39153764858852,10:52:33.764,42.2200,100
39180650829187,10:53:00.650,42.2100,100
39180650829187,10:53:00.650,42.2100,30
39180650947517,10:53:00.650,42.2100,70
39249428711036,10:54:09.428,42.2200,77
39249428740954,10:54:09.428,42.2200,23
39249428740954,10:54:09.428,42.2200,27
39249428741851,10:54:09.428,42.2200,73
39249428741851,10:54:09.428,42.2200,200
39249431061919,10:54:09.431,42.2200,200
39249457095501,10:54:09.457,42.2300,100
39249460424929,10:54:09.460,42.2400,18
39249461379177,10:54:09.461,42.2400,82
39249461379177,10:54:09.461,42.2400,120
39249461379177,10:54:09.461,42.2400,98
39271758806743,10:54:31.758,42.2500,17
39271758806743,10:54:31.758,42.2500,70
39300246467824,10:55:00.246,42.2600,100
39301496698201,10:55:01.496,42.2700,100
39320157518081,10:55:20.157,42.2900,3
39324316961491,10:55:24.316,42.2900,100
39324317010102,10:55:24.317,42.2900,100
39324317010102,10:55:24.317,42.2900,100
39330385773796,10:55:30.385,42.2900,100
39331821784498,10:55:31.821,42.2900,200
39331821784498,10:55:31.821,42.2900,100
39331822832578,10:55:31.822,42.2800,100
39331822832578,10:55:31.822,42.2800,100
39331823056969,10:55:31.823,42.2800,100
39340221360155,10:55:40.221,42.2800,100
39340534495545,10:55:40.534,42.2750,100
39340534495545,10:55:40.534,42.2700,100
39340534915651,10:55:40.534,42.2700,100
39367908962768,10:56:07.908,42.2600,100
39422926306886,10:57:02.926,42.2600,200
39422926343330,10:57:02.926,42.2600,131
39422926343330,10:57:02.926,42.2600,153
39422926343330,10:57:02.926,42.2600,19
39422926371668,10:57:02.926,42.2600,28
39449691841236,10:57:29.691,42.2700,100
39449694736471,10:57:29.694,42.2700,4
39467104059154,10:57:47.104,42.2700,12
39467104087330,10:57:47.104,42.2700,88
39481497913292,10:58:01.497,42.2600,100
39481497913292,10:58:01.497,42.2600,100
39490022607818,10:58:10.022,42.2600,200
39490022607818,10:58:10.022,42.2600,17
39494963014088,10:58:14.963,42.2700,5
39532538058198,10:58:52.538,42.2600,100
39536026881889,10:58:56.026,42.2600,100
39580004101040,10:59:40.004,42.2700,100
39601113021517,11:00:01.113,42.2800,100
39602497059142,11:00:02.497,42.2900,100
39613254905519,11:00:13.254,42.2800,100
39662825548127,11:01:02.825,42.2900,100
39662825606156,11:01:02.825,42.2900,16
39663468016671,11:01:03.468,42.3100,5
39663479086846,11:01:03.479,42.3100,63
39663479087615,11:01:03.479,42.3100,32
39663479087615,11:01:03.479,42.3100,26
39663479709024,11:01:03.479,42.3100,47
39663480420715,11:01:03.480,42.3100,6
39663482688136,11:01:03.482,42.3100,16
39663483011950,11:01:03.483,42.3100,5
39694525343941,11:01:34.525,42.3200,100
39694525343941,11:01:34.525,42.3200,100
39694525343941,11:01:34.525,42.3200,77
39694525346155,11:01:34.525,42.3200,23
39744231830119,11:02:24.231,42.3700,100
39796618273003,11:03:16.618,42.3600,100
39797481927107,11:03:17.481,42.3500,50
39797492990003,11:03:17.492,42.3500,50
39797492990003,11:03:17.492,42.3500,50
39836632983374,11:03:56.632,42.3600,50
39836636722913,11:03:56.636,42.3500,50
39866447707072,11:04:26.447,42.3500,50
39866447707072,11:04:26.447,42.3500,112
39866447707072,11:04:26.447,42.3500,7
39871716105748,11:04:31.716,42.3450,200
39872701709959,11:04:32.701,42.3400,100
39872701709959,11:04:32.701,42.3400,100
39872701709959,11:04:32.701,42.3400,11
39872701995148,11:04:32.701,42.3400,89
39872701995148,11:04:32.701,42.3400,100
39878090256406,11:04:38.090,42.3350,100
39878996733269,11:04:38.996,42.3350,200
39878996733269,11:04:38.996,42.3400,100
39878996770340,11:04:38.996,42.3400,200
39885003202506,11:04:45.003,42.3500,3
39885302903561,11:04:45.302,42.3500,11
39891546521465,11:04:51.546,42.3500,65
39891546521465,11:04:51.546,42.3500,35
39894379151501,11:04:54.379,42.3600,100
39897290584875,11:04:57.290,42.3500,100
39897290584875,11:04:57.290,42.3500,100
39900012335438,11:05:00.012,42.3500,100
39900012929617,11:05:00.012,42.3500,100
39910698208507,11:05:10.698,42.3600,100
39910698208507,11:05:10.698,42.3600,100
39910698208507,11:05:10.698,42.3600,13
39910770770847,11:05:10.770,42.3800,100
39911025087491,11:05:11.025,42.3800,100
39976420187181,11:06:16.420,42.4000,16
39976429736293,11:06:16.429,42.4100,100
39976451064531,11:06:16.451,42.4200,100
39990431341353,11:06:30.431,42.4200,5
40001479442074,11:06:41.479,42.4300,200
40001480540922,11:06:41.480,42.4400,100
40014477179743,11:06:54.477,42.4500,100
40014477179743,11:06:54.477,42.4500,100
40014927405719,11:06:54.927,42.4500,100
40014942227318,11:06:54.942,42.4500,100
40036129349546,11:07:16.129,42.4500,100
40036129349546,11:07:16.129,42.4500,100
40036238323953,11:07:16.238,42.4500,100
40036238760219,11:07:16.238,42.4500,100
40082277322992,11:08:02.277,42.4400,100
40082277322992,11:08:02.277,42.4400,100
40082277322992,11:08:02.277,42.4400,100
40082279070680,11:08:02.279,42.4300,67
40082279153576,11:08:02.279,42.4300,33
40082279153576,11:08:02.279,42.4300,34
40082279232540,11:08:02.279,42.4300,45
40082279299594,11:08:02.279,42.4300,21
40089095905130,11:08:09.095,42.4200,100
40089095905130,11:08:09.095,42.4200,81
40089096450441,11:08:09.096,42.4200,13
40089096519412,11:08:09.096,42.4200,6
40109664660958,11:08:29.664,42.4000,188
40109718221704,11:08:29.718,42.4000,100
40115222284142,11:08:35.222,42.3900,100
40115222284142,11:08:35.222,42.3900,100
40115222357390,11:08:35.222,42.3900,16
40115222357390,11:08:35.222,42.3900,100
40115743378962,11:08:35.743,42.3900,100
40155440258556,11:09:15.440,42.3800,100
40155440258556,11:09:15.440,42.3800,100
40219153493486,11:10:19.153,42.3600,100
40219153493486,11:10:19.153,42.3600,100
40223199868789,11:10:23.199,42.3500,100
40223201485999,11:10:23.201,42.3500,100
40230130614856,11:10:30.130,42.3600,100
40230130614856,11:10:30.130,42.3600,15
40230130614856,11:10:30.130,42.3600,100
40239183105234,11:10:39.183,42.3600,200
40239191383647,11:10:39.191,42.3700,100
40241316915195,11:10:41.316,42.3800,100
40243668893437,11:10:43.668,42.3900,100
40358077889534,11:12:38.077,42.4000,100
40358077932837,11:12:38.077,42.4000,35
40358077932837,11:12:38.077,42.4000,17
40358080156051,11:12:38.080,42.4000,100
40358205357625,11:12:38.205,42.3900,54
40358206598549,11:12:38.206,42.3900,46
40358206598549,11:12:38.206,42.3900,54
40364574189701,11:12:44.574,42.4000,100
40364574189701,11:12:44.574,42.4000,100
40376482362168,11:12:56.482,42.3900,198
40376482362168,11:12:56.482,42.3900,100
40376483986649,11:12:56.483,42.3800,100
40376485987110,11:12:56.485,42.3800,100
40376575496539,11:12:56.575,42.3800,77
40401927211952,11:13:21.927,42.3800,100
40401973130735,11:13:21.973,42.3800,100
40401973130735,11:13:21.973,42.3800,97
40401973130735,11:13:21.973,42.3800,3
40401973148598,11:13:21.973,42.3800,97
40410970738896,11:13:30.970,42.3700,100
40410970738896,11:13:30.970,42.3700,100
40411071307158,11:13:31.071,42.3700,100
40426811299657,11:13:46.811,42.3700,100
40449727167737,11:14:09.727,42.3800,100
40450574884516,11:14:10.574,42.3700,100
40478351374573,11:14:38.351,42.3600,2
40481462702306,11:14:41.462,42.3700,4
40481462775300,11:14:41.462,42.3700,96
40531392609488,11:15:31.392,42.3700,100
40535574857947,11:15:35.574,42.3600,100
40562282698347,11:16:02.282,42.3600,100
40565578891111,11:16:05.578,42.3500,100
40585016881795,11:16:25.016,42.3600,100
40585016881795,11:16:25.016,42.3600,180
40630521082006,11:17:10.521,42.3600,100
40638670379039,11:17:18.670,42.3800,13
40641277477246,11:17:21.277,42.3800,200
40641277507751,11:17:21.277,42.3800,100
40641376150817,11:17:21.376,42.3800,100
40641376150817,11:17:21.376,42.3800,100
40645985605261,11:17:25.985,42.3800,100
40680514061302,11:18:00.514,42.3900,100
40680704154336,11:18:00.704,42.4000,100
40709910509833,11:18:29.910,42.4100,100
40709910509833,11:18:29.910,42.4100,100
40709910509833,11:18:29.910,42.4100,13
40709987849622,11:18:29.987,42.4200,100
40745823703757,11:19:05.823,42.4400,100
40745823703757,11:19:05.823,42.4400,100
40874289100624,11:21:14.289,42.4600,16
40930113313635,11:22:10.113,42.4300,100
40930113313635,11:22:10.113,42.4300,200
40930114847925,11:22:10.114,42.4200,95
40930115273377,11:22:10.115,42.4200,5
40930115273377,11:22:10.115,42.4200,100
40930115273377,11:22:10.115,42.4200,11
40930115304990,11:22:10.115,42.4200,89
40930123094570,11:22:10.123,42.4200,87
40930169964267,11:22:10.169,42.4200,13
40930169964267,11:22:10.169,42.4200,100
40930202303805,11:22:10.202,42.4200,100
40946005935240,11:22:26.005,42.4300,100
40946104911922,11:22:26.104,42.4300,100
40974107900076,11:22:54.107,42.4200,75
40976748185233,11:22:56.748,42.4300,16
40981713400616,11:23:01.713,42.4200,100
40986379796021,11:23:06.379,42.4200,117
40986379796021,11:23:06.379,42.4200,5
40986379810655,11:23:06.379,42.4200,95
41016745721454,11:23:36.745,42.4300,100
41080016762643,11:24:40.016,42.4400,15
41094476505651,11:24:54.476,42.4500,100
41094476505651,11:24:54.476,42.4500,100
41094477709897,11:24:54.477,42.4600,100
41094477709897,11:24:54.477,42.4600,100
41102385809098,11:25:02.385,42.4600,100
41152082893316,11:25:52.082,42.4700,100
41152082893316,11:25:52.082,42.4700,200
41152082893316,11:25:52.082,42.4700,100
41158422083476,11:25:58.422,42.4500,100
41159222078673,11:25:59.222,42.4400,64
41192616465542,11:26:32.616,42.4300,100
41192621081779,11:26:32.621,42.4200,100
41192625625977,11:26:32.625,42.4100,100
41192625625977,11:26:32.625,42.4100,100
41192625625977,11:26:32.625,42.4100,100
41192625625977,11:26:32.625,42.4100,100
41192625625977,11:26:32.625,42.4100,100
41217599424346,11:26:57.599,42.4100,200
41217605186940,11:26:57.605,42.4000,95
41272549854972,11:27:52.549,42.4100,16
41272549896298,11:27:52.549,42.4100,79
41272551126735,11:27:52.551,42.4200,15
41272551126735,11:27:52.551,42.4200,100
41286106996251,11:28:06.106,42.4200,1
41286106996251,11:28:06.106,42.4200,100
41286106996251,11:28:06.106,42.4200,99
41286107028749,11:28:06.107,42.4200,1
41286107028749,11:28:06.107,42.4200,13
41286131330646,11:28:06.131,42.4200,75
41375340621195,11:29:35.340,42.4200,5
41375340621195,11:29:35.340,42.4100,48
41375340895420,11:29:35.340,42.4100,152
41375342205266,11:29:35.342,42.4000,100
41397303820657,11:29:57.303,42.4000,100
41476262196949,11:31:16.262,42.4100,100
41476262473656,11:31:16.262,42.4000,100
41476265749569,11:31:16.265,42.3900,100
41476292875486,11:31:16.292,42.3800,100
41476292875486,11:31:16.292,42.3800,60
41477878747086,11:31:17.878,42.3750,40
41477878747086,11:31:17.878,42.3700,25
41477878978445,11:31:17.878,42.3700,75
41477878978445,11:31:17.878,42.3700,60
41478104935358,11:31:18.104,42.3500,13
41706698462454,11:35:06.698,42.3900,2
41706698462454,11:35:06.698,42.3900,100
41706698462454,11:35:06.698,42.3900,35
41706698462454,11:35:06.698,42.3900,12
41707080937668,11:35:07.080,42.4000,2
41707080962140,11:35:07.080,42.4000,98
41707086567826,11:35:07.086,42.4000,200
41707087058252,11:35:07.087,42.4000,200
41707087285443,11:35:07.087,42.4000,93
41707087457207,11:35:07.087,42.4000,7
41707094120718,11:35:07.094,42.4100,100
41707094120718,11:35:07.094,42.4100,200
41707094120718,11:35:07.094,42.4100,340
41707094462430,11:35:07.094,42.4100,200
41707094549177,11:35:07.094,42.4100,60
41712335326172,11:35:12.335,42.4300,100
41712335420619,11:35:12.335,42.4300,36
41712335444109,11:35:12.335,42.4300,64
41712580676654,11:35:12.580,42.4500,100
41881527682238,11:38:01.527,42.4600,10
41881527682238,11:38:01.527,42.4500,290
41881527712368,11:38:01.527,42.4500,10
41948576879730,11:39:08.576,42.4400,100
41948577325326,11:39:08.577,42.4300,52
41948577596174,11:39:08.577,42.4300,48
41948577596174,11:39:08.577,42.4300,29
41948577790438,11:39:08.577,42.4300,71
41948577790438,11:39:08.577,42.4300,51
41948577801604,11:39:08.577,42.4300,49
41984957846943,11:39:44.957,42.4300,5
41984957846943,11:39:44.957,42.4200,95
41984957852521,11:39:44.957,42.4200,5
41987619588696,11:39:47.619,42.4100,23
41987619618747,11:39:47.619,42.4100,77
41987619618747,11:39:47.619,42.4100,100
41987619618747,11:39:47.619,42.4100,100
42131249943101,11:42:11.249,42.4000,100
42131249943101,11:42:11.249,42.4000,2
42131249944003,11:42:11.249,42.4000,32
42131249944003,11:42:11.249,42.4000,9
42185754004716,11:43:05.754,42.4200,100
42191430067919,11:43:11.430,42.4400,43
42191430191744,11:43:11.430,42.4400,57
42196129916665,11:43:16.129,42.4450,100
42196442619261,11:43:16.442,42.4500,100
42197964745114,11:43:17.964,42.4600,100
42236592081445,11:43:56.592,42.4600,200
42236592081445,11:43:56.592,42.4600,12
42236592096062,11:43:56.592,42.4600,88
42247827165935,11:44:07.827,42.4600,100
42247827394513,11:44:07.827,42.4600,15
42273595084499,11:44:33.595,42.4900,100
42435042962432,11:47:15.042,42.5300,100
42435042962432,11:47:15.042,42.5300,100
42435042962432,11:47:15.042,42.5300,17
42435042962432,11:47:15.042,42.5300,15
42435050865040,11:47:15.050,42.5400,100
42435076030166,11:47:15.076,42.5400,100
42435077212853,11:47:15.077,42.5300,100
42435939999145,11:47:15.939,42.5300,100
42437595638122,11:47:17.595,42.5200,58
42437595662953,11:47:17.595,42.5200,42
42437595664212,11:47:17.595,42.5200,42
42437595765397,11:47:17.595,42.5200,58
42437595765397,11:47:17.595,42.5200,42
42437595767457,11:47:17.595,42.5200,58
42442978205636,11:47:22.978,42.5200,100
42442978241469,11:47:22.978,42.5200,100
42457932312290,11:47:37.932,42.5100,100
42457932312290,11:47:37.932,42.5100,100
42457932346854,11:47:37.932,42.5100,100
42457932346854,11:47:37.932,42.5100,1
42457932346854,11:47:37.932,42.5100,100
42467341779123,11:47:47.341,42.5000,100
42467346576859,11:47:47.346,42.5000,100
42473343760201,11:47:53.343,42.5000,41
42473347162995,11:47:53.347,42.5000,59
42473348015346,11:47:53.348,42.5000,100
42473352653147,11:47:53.352,42.4950,300
42473352653147,11:47:53.352,42.5000,100
42473352653147,11:47:53.352,42.5000,90
42473359357559,11:47:53.359,42.5000,110
42473359357559,11:47:53.359,42.5000,90
42473359406345,11:47:53.359,42.5000,10
42521207781574,11:48:41.207,42.5100,100
42521207781574,11:48:41.207,42.5100,16
42521207781574,11:48:41.207,42.5100,100
42612929832177,11:50:12.929,42.5100,5
42612932051260,11:50:12.932,42.5000,100
42612932097230,11:50:12.932,42.5000,100
42612932097230,11:50:12.932,42.5000,27
42612932127644,11:50:12.932,42.5000,173
42612932571750,11:50:12.932,42.5000,100
42642923727830,11:50:42.923,42.4800,60
42691528962904,11:51:31.528,42.4700,100
42691529479403,11:51:31.529,42.4700,100
42691529479403,11:51:31.529,42.4700,100
42691572371902,11:51:31.572,42.4700,100
42702946520510,11:51:42.946,42.4300,100
42721344580803,11:52:01.344,42.4300,15
42766951467092,11:52:46.951,42.3800,100
42785261207258,11:53:05.261,42.4100,23
42785267310409,11:53:05.267,42.4200,100
42785275149068,11:53:05.275,42.4200,100
42785275149068,11:53:05.275,42.4200,100
42785275149068,11:53:05.275,42.4200,100
42793501740213,11:53:13.501,42.4300,15
42814004707558,11:53:34.004,42.4300,100
42814019340741,11:53:34.019,42.4300,100
42820141723095,11:53:40.141,42.4400,100
42843356848268,11:54:03.356,42.4300,100
42843358072285,11:54:03.358,42.4200,100
42902305117635,11:55:02.305,42.4400,100
42912473199358,11:55:12.473,42.4300,4
42933431764697,11:55:33.431,42.4300,100
42940492069657,11:55:40.492,42.4250,75
42940492069657,11:55:40.492,42.4300,40
42940492069657,11:55:40.492,42.4300,25
42940492100442,11:55:40.492,42.4300,75
42991196901765,11:56:31.196,42.4300,100
42991197305966,11:56:31.197,42.4300,80
43058162935398,11:57:38.162,42.4400,100
43058162935398,11:57:38.162,42.4400,30
43058162935398,11:57:38.162,42.4400,100
43058164411743,11:57:38.164,42.4500,100
43058164411743,11:57:38.164,42.4500,100
43058164411743,11:57:38.164,42.4500,100
43058164421383,11:57:38.164,42.4500,67
43058164470048,11:57:38.164,42.4500,33
43060268846713,11:57:40.268,42.4600,200
43060268846713,11:57:40.268,42.4600,15
43065157092667,11:57:45.157,42.4700,100
43065157768614,11:57:45.157,42.4700,100
43106328503514,11:58:26.328,42.4900,17
43106328524190,11:58:26.328,42.4900,83
43106333776580,11:58:26.333,42.5000,17
43118040281076,11:58:38.040,42.4900,100
43118040281076,11:58:38.040,42.4900,100
43142757591982,11:59:02.757,42.4900,10
43161791970591,11:59:21.791,42.4800,100
43161792747280,11:59:21.792,42.4700,100
43161792747280,11:59:21.792,42.4700,100
43196442483491,11:59:56.442,42.4800,100
43198567401905,11:59:58.567,42.4800,100
43198567401905,11:59:58.567,42.4800,100
43198569537705,11:59:58.569,42.4800,100
43198569540981,11:59:58.569,42.4800,100
43208496853327,12:00:08.496,42.4900,56
43245855393279,12:00:45.855,42.4800,100
43250878216469,12:00:50.878,42.4800,9
43250878237505,12:00:50.878,42.4800,91
43338787043781,12:02:18.787,42.5000,100
43338787043781,12:02:18.787,42.5000,100
43338787043781,12:02:18.787,42.5000,12
43360579418041,12:02:40.579,42.5100,100
43360579418041,12:02:40.579,42.5100,100
43360579448348,12:02:40.579,42.5100,29
43360585026055,12:02:40.585,42.5200,100
43360585026055,12:02:40.585,42.5200,100
43360695543416,12:02:40.695,42.5200,100
43360695543416,12:02:40.695,42.5200,100
43994035563882,12:13:14.035,42.5400,52
43994035563882,12:13:14.035,42.5400,100
43994035563882,12:13:14.035,42.5400,18
43996456371869,12:13:16.456,42.5500,20
44060787317432,12:14:20.787,42.5500,400
44060787317432,12:14:20.787,42.5500,10
44155876283953,12:15:55.876,42.5600,200
44159172211557,12:15:59.172,42.5700,19
44159172213505,12:15:59.172,42.5700,19
44159172759158,12:15:59.172,42.5700,81
44159782763430,12:15:59.782,42.5800,100
44165699581706,12:16:05.699,42.6000,100
44165700327319,12:16:05.700,42.6000,100
44178154036524,12:16:18.154,42.6000,200
44211717141927,12:16:51.717,42.5900,100
44211717141927,12:16:51.717,42.5900,100
44211717141927,12:16:51.717,42.5900,100
44218592236702,12:16:58.592,42.5900,100
44218593105733,12:16:58.593,42.6000,100
44218593105733,12:16:58.593,42.6000,100
44218600920448,12:16:58.600,42.5900,100
44235301915885,12:17:15.301,42.6000,15
44282834764433,12:18:02.834,42.5900,200
44282834764433,12:18:02.834,42.5900,100
44282877161507,12:18:02.877,42.5800,100
44282877161507,12:18:02.877,42.5800,100
44282877187904,12:18:02.877,42.5800,100
44283276861590,12:18:03.276,42.5800,100
44320762406366,12:18:40.762,42.5700,100
44377364003098,12:19:37.364,42.5800,100
44377373246692,12:19:37.373,42.5900,72
44377373246692,12:19:37.373,42.5900,100
44377380778954,12:19:37.380,42.5900,100
44381684905449,12:19:41.684,42.5900,100
44381684905449,12:19:41.684,42.5900,100
44466972448985,12:21:06.972,42.5800,45
44466972542433,12:21:06.972,42.5800,10
44466973116297,12:21:06.973,42.5800,45
44591848202201,12:23:11.848,42.5600,100
44591849597163,12:23:11.849,42.5500,50
44591849597163,12:23:11.849,42.5500,100
44591849597163,12:23:11.849,42.5500,150
44591849597163,12:23:11.849,42.5500,100
44641331665493,12:24:01.331,42.5500,5
44853682600971,12:27:33.682,42.5600,100
44853682600971,12:27:33.682,42.5600,11
44853682600971,12:27:33.682,42.5600,23
44853682600971,12:27:33.682,42.5600,100
44853683523935,12:27:33.683,42.5600,22
44855026980611,12:27:35.026,42.5700,100
44878596163130,12:27:58.596,42.5800,100
44878597815069,12:27:58.597,42.5800,5
44885705609010,12:28:05.705,42.5800,100
44885705609010,12:28:05.705,42.5800,100
44886631608254,12:28:06.631,42.5600,100
44942893012273,12:29:02.893,42.5800,100
44995257048813,12:29:55.257,42.5600,100
44995257048813,12:29:55.257,42.5600,100
44995257048813,12:29:55.257,42.5600,300
45055847814231,12:30:55.847,42.5600,100
45055847814231,12:30:55.847,42.5600,8
45055848756901,12:30:55.848,42.5700,100
45055848756901,12:30:55.848,42.5700,100
45055848756901,12:30:55.848,42.5700,100
45055848756901,12:30:55.848,42.5700,100
45055848756901,12:30:55.848,42.5700,100
45055848756901,12:30:55.848,42.5700,100
45055848756901,12:30:55.848,42.5700,100
45055848756901,12:30:55.848,42.5700,100
45055848756901,12:30:55.848,42.5700,100
45103001567012,12:31:43.001,42.5500,92
45103001567012,12:31:43.001,42.5500,8
45103005653135,12:31:43.005,42.5500,92
45151026174324,12:32:31.026,42.5400,100
45151026174324,12:32:31.026,42.5400,50
45151026174324,12:32:31.026,42.5400,100
45151076915316,12:32:31.076,42.5400,48
45165171767568,12:32:45.171,42.5400,100
45169910080174,12:32:49.910,42.5400,52
45183066352774,12:33:03.066,42.5300,20
45226154425937,12:33:46.154,42.5200,200
45226154468823,12:33:46.154,42.5200,100
45226154470959,12:33:46.154,42.5200,100
45227526685287,12:33:47.526,42.5100,100
45247258836078,12:34:07.258,42.5100,33
45247258836078,12:34:07.258,42.5100,100
45247258836078,12:34:07.258,42.5100,8
45247279161955,12:34:07.279,42.5100,100
45259080848227,12:34:19.080,42.5300,100
45259080848227,12:34:19.080,42.5300,100
45259080848227,12:34:19.080,42.5300,100
45259081046538,12:34:19.081,42.5300,15
45259092628794,12:34:19.092,42.5400,100
45259092628794,12:34:19.092,42.5400,100
45259102986802,12:34:19.102,42.5400,100
45259102986802,12:34:19.102,42.5400,100
45259102986802,12:34:19.102,42.5400,100
45267776833054,12:34:27.776,42.5300,100
45372142595492,12:36:12.142,42.5200,100
45376730217966,12:36:16.730,42.5300,100
45376730217966,12:36:16.730,42.5300,100
45376730217966,12:36:16.730,42.5300,100
45376736040591,12:36:16.736,42.5300,100
45460370233413,12:37:40.370,42.5300,100
45531538166159,12:38:51.538,42.5400,7
45531538166159,12:38:51.538,42.5400,100
45531538166159,12:38:51.538,42.5400,12
45531538166159,12:38:51.538,42.5400,100
45557973367936,12:39:17.973,42.5400,100
45557973367936,12:39:17.973,42.5400,94
45557973407354,12:39:17.973,42.5400,6
45557973407354,12:39:17.973,42.5400,200
45557976950332,12:39:17.976,42.5300,47
45557977039586,12:39:17.977,42.5300,24
45557977111219,12:39:17.977,42.5300,12
45584469723491,12:39:44.469,42.5300,6
45584480089326,12:39:44.480,42.5300,11
45584480089326,12:39:44.480,42.5300,89
45599152434629,12:39:59.152,42.5400,100
45599152434629,12:39:59.152,42.5400,100
45599152434629,12:39:59.152,42.5400,100
45631076540860,12:40:31.076,42.5400,100
45667950258331,12:41:07.950,42.5400,100
45689787924254,12:41:29.787,42.5400,100
45689788036259,12:41:29.788,42.5400,3
45689788071122,12:41:29.788,42.5400,97
45691575436594,12:41:31.575,42.5300,2
45691575463015,12:41:31.575,42.5300,9
45694575598119,12:41:34.575,42.5200,100
45694575636944,12:41:34.575,42.5200,100
45702910735166,12:41:42.910,42.5100,100
45710071255866,12:41:50.071,42.4900,100
45710071255866,12:41:50.071,42.4900,20
45710265790268,12:41:50.265,42.4800,100
45710265872836,12:41:50.265,42.4800,50
45762725496755,12:42:42.725,42.4600,10
45762725496755,12:42:42.725,42.4600,90
45774539374479,12:42:54.539,42.4700,100
45774539374479,12:42:54.539,42.4700,6
45843270353269,12:44:03.270,42.4700,100
45843270379684,12:44:03.270,42.4700,100
45926469784748,12:45:26.469,42.4500,100
45926469784748,12:45:26.469,42.4500,200
45926469784748,12:45:26.469,42.4500,7
45927808115071,12:45:27.808,42.4600,100
45927808115071,12:45:27.808,42.4600,100
46023409071607,12:47:03.409,42.4700,100
46023409071607,12:47:03.409,42.4700,6
46023409071607,12:47:03.409,42.4700,26
46023416514466,12:47:03.416,42.4800,200
46023416514466,12:47:03.416,42.4800,100
46023436135727,12:47:03.436,42.4900,300
46023658704915,12:47:03.658,42.4900,300
46023658704915,12:47:03.658,42.4900,100
46023658704915,12:47:03.658,42.4900,100
46207210173548,12:50:07.210,42.4900,10
46207241150095,12:50:07.241,42.4800,100
46207241150095,12:50:07.241,42.4800,100
46207241150095,12:50:07.241,42.4800,100
46217711105745,12:50:17.711,42.4800,3
46220251522486,12:50:20.251,42.4900,100
46220251522486,12:50:20.251,42.4900,7
46230256790855,12:50:30.256,42.4900,4
46254950536723,12:50:54.950,42.4900,100
46254950536723,12:50:54.950,42.4900,200
46379857246936,12:52:59.857,42.4900,100
46379857246936,12:52:59.857,42.4900,5
46379857246936,12:52:59.857,42.4900,195
46408035884818,12:53:28.035,42.4800,96
46408035891146,12:53:28.035,42.4800,4
46408035891146,12:53:28.035,42.4800,100
46411130113010,12:53:31.130,42.4700,100
46411130113010,12:53:31.130,42.4700,100
46428011090041,12:53:48.011,42.4600,98
46428011099787,12:53:48.011,42.4600,2
46428011099787,12:53:48.011,42.4600,47
46428011100524,12:53:48.011,42.4600,49
46428011128896,12:53:48.011,42.4600,4
46485274056532,12:54:45.274,42.4600,5
46535094139912,12:55:35.094,42.4500,20
46535094139912,12:55:35.094,42.4500,80
46535094139912,12:55:35.094,42.4500,31
46535094168883,12:55:35.094,42.4500,69
46535574790091,12:55:35.574,42.4400,1
46535575392392,12:55:35.575,42.4400,99
46537064804046,12:55:37.064,42.4300,20
46537064804046,12:55:37.064,42.4300,80
46544204235409,12:55:44.204,42.4200,100
46567324193675,12:56:07.324,42.4300,100
46567324220791,12:56:07.324,42.4300,100
46649526837411,12:57:29.526,42.4300,16
46694996677966,12:58:14.996,42.4200,100
46694996709630,12:58:14.996,42.4200,100
46694996709630,12:58:14.996,42.4200,100
46697417364598,12:58:17.417,42.4100,100
46746193983088,12:59:06.193,42.4100,1
46746193983088,12:59:06.193,42.4100,67
46746194045506,12:59:06.194,42.4100,42
46746194045506,12:59:06.194,42.4100,4
46746194045506,12:59:06.194,42.4100,100
46746194045506,12:59:06.194,42.4100,100
46746198396922,12:59:06.198,42.4200,100
46746198396922,12:59:06.198,42.4200,100
46747893035042,12:59:07.893,42.4300,84
46747893035042,12:59:07.893,42.4300,100
46747893035042,12:59:07.893,42.4300,16
46747894549538,12:59:07.894,42.4300,84
46747894549538,12:59:07.894,42.4300,100
46778020446712,12:59:38.020,42.4300,100
46778020446712,12:59:38.020,42.4300,100
46778020510126,12:59:38.020,42.4300,100
46782475816438,12:59:42.475,42.4200,100
46782475908875,12:59:42.475,42.4200,100
46863340167466,13:01:03.340,42.4200,100
46863340167466,13:01:03.340,42.4200,3
46906659142815,13:01:46.659,42.4300,30
46906659142815,13:01:46.659,42.4300,100
46906664400335,13:01:46.664,42.4400,44
46906664437230,13:01:46.664,42.4400,56
46906664437230,13:01:46.664,42.4400,100
46906664437230,13:01:46.664,42.4400,100
46906664437230,13:01:46.664,42.4400,100
46906664437230,13:01:46.664,42.4400,100
46906664437230,13:01:46.664,42.4400,100
46906664608901,13:01:46.664,42.4400,100
46906664608901,13:01:46.664,42.4400,100
46906970148349,13:01:46.970,42.4450,100
46906970148349,13:01:46.970,42.4450,100
46906970381518,13:01:46.970,42.4500,100
47041515017439,13:04:01.515,42.4500,100
47116631425871,13:05:16.631,42.4400,24
47116631425871,13:05:16.631,42.4400,100
47116631425871,13:05:16.631,42.4400,6
47274811957351,13:07:54.811,42.4400,300
47274812113809,13:07:54.812,42.4400,25
47274812300568,13:07:54.812,42.4400,275
47274812388711,13:07:54.812,42.4400,200
47307932493900,13:08:27.932,42.4400,100
47307932493900,13:08:27.932,42.4400,5
47315819438415,13:08:35.819,42.4500,100
47315819438415,13:08:35.819,42.4500,5
47326851189913,13:08:46.851,42.4600,100
47326851189913,13:08:46.851,42.4600,100
47326851189913,13:08:46.851,42.4600,100
47326851189913,13:08:46.851,42.4600,100
47326853662085,13:08:46.853,42.4600,100
47422081570177,13:10:22.081,42.4500,100
47422081570177,13:10:22.081,42.4500,100
47422081570177,13:10:22.081,42.4500,100
47422081570177,13:10:22.081,42.4500,100
47422219689260,13:10:22.219,42.4500,100
47470332562687,13:11:10.332,42.4600,98
47470332592951,13:11:10.332,42.4600,2
47470332592951,13:11:10.332,42.4600,5
47470332621610,13:11:10.332,42.4500,100
47470332626506,13:11:10.332,42.4500,100
47470333160751,13:11:10.333,42.4500,100
47475881372214,13:11:15.881,42.4500,90
47475881372214,13:11:15.881,42.4500,100
47475881372214,13:11:15.881,42.4500,10
47475881400891,13:11:15.881,42.4500,90
47475882251977,13:11:15.882,42.4400,100
47475937485885,13:11:15.937,42.4200,100
47475937485885,13:11:15.937,42.4200,100
47475937485885,13:11:15.937,42.4200,100
47475937485885,13:11:15.937,42.4200,100
47475938339994,13:11:15.938,42.4100,100
47475939280436,13:11:15.939,42.4000,100
47475941182835,13:11:15.941,42.4000,100
47486637088626,13:11:26.637,42.3900,100
47486637088626,13:11:26.637,42.3900,60
47486637088626,13:11:26.637,42.3900,100
47486637870574,13:11:26.637,42.3800,50
47530165551537,13:12:10.165,42.3700,100
47530165792635,13:12:10.165,42.3700,100
47530165792635,13:12:10.165,42.3700,2
47530165805686,13:12:10.165,42.3700,98
47530211285556,13:12:10.211,42.3700,6
47534238849445,13:12:14.238,42.3700,90
47534238875753,13:12:14.238,42.3700,10
47534323821763,13:12:14.323,42.3700,100
47534323821763,13:12:14.323,42.3700,100
47600093262975,13:13:20.093,42.3600,205
47600093262975,13:13:20.093,42.3600,100
47628380902039,13:13:48.380,42.3500,100
47628380902039,13:13:48.380,42.3500,100
47649889511539,13:14:09.889,42.3300,100
47649889511539,13:14:09.889,42.3300,100
47650287010672,13:14:10.287,42.3300,200
47691782864819,13:14:51.782,42.3300,100
47691782953019,13:14:51.782,42.3300,90
47709908440724,13:15:09.908,42.3100,1
47709908440724,13:15:09.908,42.3000,100
47735621110631,13:15:35.621,42.2900,45
47735622772836,13:15:35.622,42.2900,55
47748989031702,13:15:48.989,42.2900,100
47748989031702,13:15:48.989,42.2900,100
47748989031702,13:15:48.989,42.2900,95
47748997732754,13:15:48.997,42.3000,100
47748997732754,13:15:48.997,42.3000,100
47748997732754,13:15:48.997,42.3000,200
47748997877127,13:15:48.997,42.3000,100
47748997879552,13:15:48.997,42.3000,100
47748999225972,13:15:48.999,42.3000,500
47749014561966,13:15:49.014,42.3000,100
47749016971482,13:15:49.016,42.3000,107
47749017319408,13:15:49.017,42.3000,984
47749020916670,13:15:49.020,42.3000,100
47749025257794,13:15:49.025,42.3000,100
47749037441771,13:15:49.037,42.3000,300
47749866909098,13:15:49.866,42.3000,1
47750496908808,13:15:50.496,42.3000,99
47816691244123,13:16:56.691,42.3000,300
47823074351324,13:17:03.074,42.3000,100
47998542311192,13:19:58.542,42.3000,100
47998542311192,13:19:58.542,42.3000,2
47998542311192,13:19:58.542,42.3000,136
47998542311192,13:19:58.542,42.3000,162
47998542343651,13:19:58.542,42.3000,138
47998543803963,13:19:58.543,42.2900,100
48098577745240,13:21:38.577,42.3000,100
48098577745240,13:21:38.577,42.3000,100
48098577745240,13:21:38.577,42.3000,13
48098577795130,13:21:38.577,42.3000,87
48098577795130,13:21:38.577,42.3000,13
48098577820761,13:21:38.577,42.3000,87
48098577820761,13:21:38.577,42.3000,100
48098577820761,13:21:38.577,42.3000,100
48098577954697,13:21:38.577,42.3000,100
48098578139671,13:21:38.578,42.3000,3
48098787645162,13:21:38.787,42.3000,100
48099132367312,13:21:39.132,42.3000,100
48099312195693,13:21:39.312,42.3000,100
48101892064017,13:21:41.892,42.3000,200
48143064827233,13:22:23.064,42.3000,100
48143064827233,13:22:23.064,42.3000,100
48143064887430,13:22:23.064,42.3000,1
48143064887430,13:22:23.064,42.3000,99
48143064914851,13:22:23.064,42.3000,201
48143064914851,13:22:23.064,42.3000,3
48143064939693,13:22:23.064,42.3000,100
48176965372059,13:22:56.965,42.2800,64
48176965372059,13:22:56.965,42.2800,20
48176965375119,13:22:56.965,42.2800,80
48176965375119,13:22:56.965,42.2800,19
48176965399488,13:22:56.965,42.2800,181
48176966038584,13:22:56.966,42.2700,200
48176966038584,13:22:56.966,42.2700,100
48214005942033,13:23:34.005,42.2800,100
48214005942033,13:23:34.005,42.2800,100
48214006391893,13:23:34.006,42.2800,100
48227528070409,13:23:47.528,42.2800,100
48227528070409,13:23:47.528,42.2800,100
48320158438228,13:25:20.158,42.2800,100
48320158438228,13:25:20.158,42.2800,300
48320737945082,13:25:20.737,42.2800,100
48380677280169,13:26:20.677,42.2700,29
48536714418163,13:28:56.714,42.2900,100
48536714418163,13:28:56.714,42.2900,300
48541571997397,13:29:01.571,42.3000,100
48541571997397,13:29:01.571,42.3000,100
48541571997397,13:29:01.571,42.3000,100
48541571997397,13:29:01.571,42.3000,100
48541571997397,13:29:01.571,42.3000,100
48541572055352,13:29:01.572,42.3000,100
48541572077182,13:29:01.572,42.3000,100
48541572083992,13:29:01.572,42.3000,100
48541572088475,13:29:01.572,42.3000,100
48541573313904,13:29:01.573,42.3000,500
48541627907674,13:29:01.627,42.3000,100
48541639933466,13:29:01.639,42.3000,8
48541639933466,13:29:01.639,42.3000,567
48576538279488,13:29:36.538,42.3000,133
48576538279488,13:29:36.538,42.3000,167
48580701835295,13:29:40.701,42.3000,100
48580701835295,13:29:40.701,42.3000,200
48580701835295,13:29:40.701,42.3000,200
48580701835295,13:29:40.701,42.3000,10
48580701835295,13:29:40.701,42.3000,1
48580701865977,13:29:40.701,42.3000,99
48580701865977,13:29:40.701,42.3000,4
48580701865977,13:29:40.701,42.3000,100
48580701972546,13:29:40.701,42.3000,100
48580950010026,13:29:40.950,42.3000,100
48580955390448,13:29:40.955,42.3000,100
48626916164592,13:30:26.916,42.3000,100
48626916164592,13:30:26.916,42.3000,100
48626916277876,13:30:26.916,42.3000,33
48626916277876,13:30:26.916,42.3000,100
48648549088395,13:30:48.549,42.3100,100
48648549798171,13:30:48.549,42.3100,42
48648550392951,13:30:48.550,42.3100,100
48648550727132,13:30:48.550,42.3100,200
48648551079522,13:30:48.551,42.3100,100
48648551079522,13:30:48.551,42.3100,100
48648557215384,13:30:48.557,42.3100,100
48680974369240,13:31:20.974,42.3100,100
48680974369240,13:31:20.974,42.3100,100
48681012631726,13:31:21.012,42.3100,200
48681012631726,13:31:21.012,42.3100,100
48681012631726,13:31:21.012,42.3100,100
48681012631726,13:31:21.012,42.3100,100
48681074413394,13:31:21.074,42.3100,300
48683650745460,13:31:23.650,42.3100,1
48683651637484,13:31:23.651,42.3000,100
48683651637484,13:31:23.651,42.3000,54
48683651637484,13:31:23.651,42.3000,100
48683651637484,13:31:23.651,42.3000,100
48683659297801,13:31:23.659,42.3000,100
48683660151208,13:31:23.660,42.3000,100
48683666040241,13:31:23.666,42.3000,100
48683666904573,13:31:23.666,42.3000,100
48683671347206,13:31:23.671,42.3000,100
48683671764405,13:31:23.671,42.3000,100
48777352565356,13:32:57.352,42.3000,200
48777352603453,13:32:57.352,42.3000,10
48777352603453,13:32:57.352,42.3000,190
48777352620658,13:32:57.352,42.3000,29
48777352620658,13:32:57.352,42.3000,52
48777352620658,13:32:57.352,42.3000,4
48777352620658,13:32:57.352,42.3000,100
48777367323536,13:32:57.367,42.3000,100
48777898502255,13:32:57.898,42.3000,100
48782807342945,13:33:02.807,42.3000,100
48831849097932,13:33:51.849,42.3000,100
48894741067419,13:34:54.741,42.3000,13
48894741067419,13:34:54.741,42.3000,100
48894741067419,13:34:54.741,42.3000,100
48894741114462,13:34:54.741,42.3000,200
48894741232964,13:34:54.741,42.3000,100
48894744856616,13:34:54.744,42.3000,46
48895679863868,13:34:55.679,42.3000,100
48896675293655,13:34:56.675,42.3000,400
48896675293655,13:34:56.675,42.3000,400
48899740318574,13:34:59.740,42.3000,100
48899740318574,13:34:59.740,42.3000,100
48926624556669,13:35:26.624,42.3000,100
48926629972099,13:35:26.629,42.3000,100
48930836126282,13:35:30.836,42.3000,54
48961582987925,13:36:01.582,42.3000,200
49174366670439,13:39:34.366,42.3000,1
49174366670439,13:39:34.366,42.3000,100
49174366670439,13:39:34.366,42.3000,3
49174366670439,13:39:34.366,42.3000,100
49174366670439,13:39:34.366,42.3000,96
49174366703451,13:39:34.366,42.3000,4
49351396666101,13:42:31.396,42.2900,100
49351396666101,13:42:31.396,42.2900,100
49351396720111,13:42:31.396,42.2900,60
49351396720111,13:42:31.396,42.2900,100
49351396720111,13:42:31.396,42.2900,100
49351396720111,13:42:31.396,42.2900,5
49351398046857,13:42:31.398,42.2800,100
49351398072458,13:42:31.398,42.2800,100
49351398488897,13:42:31.398,42.2800,100
49387014525963,13:43:07.014,42.2800,100
49387014525963,13:43:07.014,42.2800,100
49387027809615,13:43:07.027,42.2900,100
49387027914511,13:43:07.027,42.2900,100
49387027914511,13:43:07.027,42.2900,100
49387027914511,13:43:07.027,42.2900,100
49387027914511,13:43:07.027,42.2900,100
49387027914511,13:43:07.027,42.2900,100
49387027914511,13:43:07.027,42.2900,100
49387028075977,13:43:07.028,42.2900,100
49387028402987,13:43:07.028,42.2950,100
49387028402987,13:43:07.028,42.2950,100
49387028820350,13:43:07.028,42.3000,100
49387034101264,13:43:07.034,42.3000,100
49387034101264,13:43:07.034,42.3000,115
49387040697640,13:43:07.040,42.3000,200
49403284867213,13:43:23.284,42.3100,100
49403284867213,13:43:23.284,42.3100,100
49403285285677,13:43:23.285,42.3100,100
49403285285677,13:43:23.285,42.3100,100
49403285314234,13:43:23.285,42.3100,100
49403287519657,13:43:23.287,42.3100,100
49403287519657,13:43:23.287,42.3100,50
49403298966492,13:43:23.298,42.3100,50
49403299383757,13:43:23.299,42.3000,100
49403299383757,13:43:23.299,42.3000,65
49403299383757,13:43:23.299,42.3000,35
49403299400859,13:43:23.299,42.3000,165
49403315536076,13:43:23.315,42.2900,100
49441798822913,13:44:01.798,42.2900,100
49441798822913,13:44:01.798,42.2900,98
49441798822913,13:44:01.798,42.2900,12
49441799452911,13:44:01.799,42.2900,88
49513883043368,13:45:13.883,42.2700,100
49513883043368,13:45:13.883,42.2700,8
49513883043368,13:45:13.883,42.2700,100
49513883043368,13:45:13.883,42.2700,100
49513892676739,13:45:13.892,42.2600,3
49513892676739,13:45:13.892,42.2600,97
49513892676739,13:45:13.892,42.2600,100
49562470632206,13:46:02.470,42.2700,100
49654825787693,13:47:34.825,42.2600,100
49654825787693,13:47:34.825,42.2600,3
49719193140095,13:48:39.193,42.2600,100
49719193140095,13:48:39.193,42.2600,100
49719238674636,13:48:39.238,42.2700,100
49719238674636,13:48:39.238,42.2700,100
49719240739118,13:48:39.240,42.2800,100
49719240739118,13:48:39.240,42.2800,100
49734829643657,13:48:54.829,42.2900,100
49734829643657,13:48:54.829,42.2900,100
49761341671560,13:49:21.341,42.2900,4
49761341671560,13:49:21.341,42.2900,100
49761341671560,13:49:21.341,42.2900,100
49841054895062,13:50:41.054,42.2700,100
49841054895062,13:50:41.054,42.2700,100
49841054895062,13:50:41.054,42.2700,2
49841054895062,13:50:41.054,42.2700,100
49841054986850,13:50:41.054,42.2800,400
49841054986850,13:50:41.054,42.2800,400
49841054986850,13:50:41.054,42.2800,100
49841055326728,13:50:41.055,42.2700,156
49841056155011,13:50:41.056,42.2700,5
49874505310844,13:51:14.505,42.2700,44
49874505310844,13:51:14.505,42.2800,37
49874505310844,13:51:14.505,42.2800,156
49874505337915,13:51:14.505,42.2800,44
49874806364909,13:51:14.806,42.2850,100
49943556776654,13:52:23.556,42.2800,50
49943557231786,13:52:23.557,42.2800,25
49943557401635,13:52:23.557,42.2800,13
49943557470403,13:52:23.557,42.2800,6
49943557531150,13:52:23.557,42.2800,3
49943557592442,13:52:23.557,42.2800,2
49943557658656,13:52:23.557,42.2800,1
49965208733833,13:52:45.208,42.2850,100
49965217481014,13:52:45.217,42.2900,16
49999573927817,13:53:19.573,42.2900,6
50008921406831,13:53:28.921,42.2900,33
50008921508208,13:53:28.921,42.2850,178
50008921821118,13:53:28.921,42.2900,45
50008921821118,13:53:28.921,42.2900,5
50008921834515,13:53:28.921,42.2900,65
50008921974697,13:53:28.921,42.2900,30
50008922757602,13:53:28.922,42.2900,100
50008922757602,13:53:28.922,42.2900,22
50016957097934,13:53:36.957,42.2900,100
50016957595546,13:53:36.957,42.2900,100
50047671138245,13:54:07.671,42.2800,152
50047671138245,13:54:07.671,42.2800,2
50057649403028,13:54:17.649,42.2800,200
50057649403028,13:54:17.649,42.2800,100
50057649544996,13:54:17.649,42.2800,100
50057655554628,13:54:17.655,42.2800,100
50057658781830,13:54:17.658,42.2800,100
50057658781830,13:54:17.658,42.2800,100
50057658781830,13:54:17.658,42.2800,108
50057658781830,13:54:17.658,42.2800,170
50075107137113,13:54:35.107,42.2850,300
50075114062858,13:54:35.114,42.2850,200
50105981796123,13:55:05.981,42.2800,100
50105981887863,13:55:05.981,42.2800,100
50154993501461,13:55:54.993,42.2800,11
50154997059086,13:55:54.997,42.2800,100
50220755294230,13:57:00.755,42.2800,130
50233041339189,13:57:13.041,42.2850,259
50233041339189,13:57:13.041,42.2900,100
50233041339189,13:57:13.041,42.2900,41
50233041372348,13:57:13.041,42.2900,59
50233041372348,13:57:13.041,42.2900,100
50233041372348,13:57:13.041,42.2900,100
50313005036912,13:58:33.005,42.2950,100
50330796395581,13:58:50.796,42.2950,100
50330796395581,13:58:50.796,42.2900,100
50330796395581,13:58:50.796,42.2900,5
50330796710139,13:58:50.796,42.2900,95
50330796710139,13:58:50.796,42.2900,5
50402692759294,14:00:02.692,42.2800,100
50402698258481,14:00:02.698,42.2700,60
50402698258481,14:00:02.698,42.2700,40
50402699118642,14:00:02.699,42.2700,13
50402713342501,14:00:02.713,42.2700,47
50402713342501,14:00:02.713,42.2700,100
50402713342501,14:00:02.713,42.2700,52
50402713356312,14:00:02.713,42.2700,48
50402763937811,14:00:02.763,42.2900,7
50405729140323,14:00:05.729,42.3000,15
50405729810974,14:00:05.729,42.2850,100
50405955698027,14:00:05.955,42.3000,3
50406726045060,14:00:06.726,42.2850,100
50406726643198,14:00:06.726,42.2850,100
50406726762953,14:00:06.726,42.2850,100
50406726887300,14:00:06.726,42.2850,100
50406728206572,14:00:06.728,42.2950,100
50406728800038,14:00:06.728,42.2950,100
50406730110994,14:00:06.730,42.2950,100
50406730370432,14:00:06.730,42.2950,100
50406730566274,14:00:06.730,42.2950,100
50406732600171,14:00:06.732,42.2950,100
50407187594084,14:00:07.187,42.2950,100
50407359753094,14:00:07.359,42.2950,100
50407740443354,14:00:07.740,42.2950,100
50407741041967,14:00:07.741,42.3000,53
50407741083445,14:00:07.741,42.3000,47
50407741150064,14:00:07.741,42.3100,89
50407741177702,14:00:07.741,42.3000,100
50407741200351,14:00:07.741,42.3100,11
50407741200351,14:00:07.741,42.3100,36
50407741229143,14:00:07.741,42.3100,64
50407741229143,14:00:07.741,42.3100,25
50407741266162,14:00:07.741,42.3100,47
50407741299814,14:00:07.741,42.3100,28
50407741299814,14:00:07.741,42.3100,61
50407741336479,14:00:07.741,42.3100,39
50407741336479,14:00:07.741,42.3100,8
50407741371052,14:00:07.741,42.3100,89
50407741405041,14:00:07.741,42.3100,3
50407741405041,14:00:07.741,42.3100,44
50407741444262,14:00:07.741,42.3100,56
50407741444262,14:00:07.741,42.3100,33
50407741480511,14:00:07.741,42.3100,47
50407741518862,14:00:07.741,42.3100,20
50407741518862,14:00:07.741,42.3100,53
50407741867105,14:00:07.741,42.3100,47
50407742426113,14:00:07.742,42.3100,100
50407742579451,14:00:07.742,42.3100,42
50407742679748,14:00:07.742,42.3100,16
50407742714089,14:00:07.742,42.3100,26
50407745599995,14:00:07.745,42.3100,16
50408996624159,14:00:08.996,42.3200,3
50408999096880,14:00:08.999,42.3300,100
50408999329621,14:00:08.999,42.3400,44
50409012600748,14:00:09.012,42.3400,56
50409079034414,14:00:09.079,42.3200,100
50409079034414,14:00:09.079,42.3200,100
50413026722858,14:00:13.026,42.3300,200
50413028500196,14:00:13.028,42.3300,200
50413029041856,14:00:13.029,42.3300,100
50417589982546,14:00:17.589,42.3500,100
50417589982546,14:00:17.589,42.3300,32
50417590130091,14:00:17.590,42.3300,68
50417590130091,14:00:17.590,42.3300,100
50417591402683,14:00:17.591,42.3300,100
50417601804417,14:00:17.601,42.3200,100
50417601804417,14:00:17.601,42.3200,100
50417601804417,14:00:17.601,42.3200,100
50417601804417,14:00:17.601,42.3100,100
50417601804417,14:00:17.601,42.3100,100
50417601804417,14:00:17.601,42.3000,100
50417605427584,14:00:17.605,42.3000,100
50426655554195,14:00:26.655,42.2900,100
50426655554195,14:00:26.655,42.2900,100
50426655554195,14:00:26.655,42.2900,76
50426655586416,14:00:26.655,42.2900,24
50426655586416,14:00:26.655,42.2900,4
50431771151458,14:00:31.771,42.2800,1
50431771151458,14:00:31.771,42.2800,99
50431771161977,14:00:31.771,42.2800,1
50446516878627,14:00:46.516,42.2800,200
50446522342749,14:00:46.522,42.2700,50
50471389765389,14:01:11.389,42.2700,100
50471389777487,14:01:11.389,42.2600,44
50471390406706,14:01:11.390,42.2600,56
50471390406706,14:01:11.390,42.2600,40
50471390498563,14:01:11.390,42.2600,47
50471390789091,14:01:11.390,42.2600,13
50471390789091,14:01:11.390,42.2600,85
50471392734980,14:01:11.392,42.2600,15
50566422611914,14:02:46.422,42.2800,101
50566422933189,14:02:46.422,42.2800,101
50566435992120,14:02:46.435,42.3100,8
50582663758830,14:03:02.663,42.3000,100
50585160211783,14:03:05.160,42.3000,100
50598846878337,14:03:18.846,42.3100,125
50598846885185,14:03:18.846,42.3200,18
50598846970570,14:03:18.846,42.3100,215
50598846993413,14:03:18.846,42.3100,215
50598847096799,14:03:18.847,42.3200,62
50598847137776,14:03:18.847,42.3100,233
50598847220407,14:03:18.847,42.3200,20
50598847220407,14:03:18.847,42.3200,5
50598847288425,14:03:18.847,42.3100,100
50598854099051,14:03:18.854,42.3200,95
50604320752399,14:03:24.320,42.3200,100
50604321168799,14:03:24.321,42.3200,100
50609040148513,14:03:29.040,42.3200,100
50609059311218,14:03:29.059,42.3200,100
50615353458953,14:03:35.353,42.3300,33
50628597902903,14:03:48.597,42.3350,110
50628597902903,14:03:48.597,42.3400,90
50628597989733,14:03:48.597,42.3400,10
50628597989733,14:03:48.597,42.3400,40
50628598034413,14:03:48.598,42.3400,60
50628598131858,14:03:48.598,42.3400,50
50628598358047,14:03:48.598,42.3400,50
50628598358047,14:03:48.598,42.3400,50
50628598389742,14:03:48.598,42.3400,50
50628619908862,14:03:48.619,42.3400,100
50628619908862,14:03:48.619,42.3400,100
50628641135272,14:03:48.641,42.3400,100
50629456824539,14:03:49.456,42.3400,500
50629458802570,14:03:49.458,42.3300,7
50629458802570,14:03:49.458,42.3300,93
50629787811207,14:03:49.787,42.3300,100
50641022681973,14:04:01.022,42.3500,16
50641022684712,14:04:01.022,42.3500,84
50642194918147,14:04:02.194,42.3450,100
50645079505702,14:04:05.079,42.3450,100
50651576205853,14:04:11.576,42.3450,100
50651576695026,14:04:11.576,42.3500,96
50651576723218,14:04:11.576,42.3500,4
50651577028753,14:04:11.577,42.3500,100
50666202970818,14:04:26.202,42.3550,100
50666233675275,14:04:26.233,42.3600,41
50666233797973,14:04:26.233,42.3550,159
50666233829863,14:04:26.233,42.3550,159
50666234091434,14:04:26.234,42.3550,200
50666234356495,14:04:26.234,42.3550,200
50666238054455,14:04:26.238,42.3600,2
50666239436281,14:04:26.239,42.3550,82
50666239436281,14:04:26.239,42.3600,57
50666239436281,14:04:26.239,42.3600,86
50666239504101,14:04:26.239,42.3600,14
50670086206272,14:04:30.086,42.3600,22
50670086206272,14:04:30.086,42.3600,100
50670087862535,14:04:30.087,42.3600,100
50670087884032,14:04:30.087,42.3600,100
50670087884032,14:04:30.087,42.3600,100
50670087884032,14:04:30.087,42.3600,100
50680339481808,14:04:40.339,42.3650,100
50680339567486,14:04:40.339,42.3650,100
50680339603816,14:04:40.339,42.3700,44
50680339813000,14:04:40.339,42.3650,156
50680345345039,14:04:40.345,42.3650,210
50680345876887,14:04:40.345,42.3650,282
50680352572444,14:04:40.352,42.3650,252
50680352572444,14:04:40.352,42.3700,48
50680355862543,14:04:40.355,42.3700,8
50680355862543,14:04:40.355,42.3700,100
50681060057165,14:04:41.060,42.3750,100
50681060606366,14:04:41.060,42.3750,100
50681060606366,14:04:41.060,42.3800,100
50681061070100,14:04:41.061,42.3800,100
50681061070100,14:04:41.061,42.3800,100
50681162571195,14:04:41.162,42.3900,100
50681162571195,14:04:41.162,42.3900,100
50681162571195,14:04:41.162,42.3900,100
50681162571195,14:04:41.162,42.3900,100
50681162571195,14:04:41.162,42.3900,100
50681179266598,14:04:41.179,42.3900,100
50697912065887,14:04:57.912,42.3900,100
50697912065887,14:04:57.912,42.3900,100
50697912065887,14:04:57.912,42.3900,100
50697912065887,14:04:57.912,42.3900,100
50700207884374,14:05:00.207,42.3900,3
50710901107989,14:05:10.901,42.3800,100
50759240951863,14:05:59.240,42.3700,100
50759240951863,14:05:59.240,42.3700,23
50759241108264,14:05:59.241,42.3700,175
50759242603576,14:05:59.242,42.3700,2
50763727224246,14:06:03.727,42.3700,200
50763727224246,14:06:03.727,42.3600,10
50763727224246,14:06:03.727,42.3600,20
50765997021481,14:06:05.997,42.3600,300
50765997048601,14:06:05.997,42.3600,84
50765997048601,14:06:05.997,42.3600,100
50803178506995,14:06:43.178,42.3700,24
50803178534403,14:06:43.178,42.3700,76
50815488755416,14:06:55.488,42.3800,3
50815488755416,14:06:55.488,42.3800,21
50815488782076,14:06:55.488,42.3800,79
50815489351502,14:06:55.489,42.3800,200
50838073598559,14:07:18.073,42.3700,100
50838074014657,14:07:18.074,42.3700,100
50864968768348,14:07:44.968,42.3600,100
50864968768348,14:07:44.968,42.3600,100
50864968826308,14:07:44.968,42.3600,187
50864968826308,14:07:44.968,42.3600,13
50864969155626,14:07:44.969,42.3600,87
50864969155626,14:07:44.969,42.3600,200
50864970590306,14:07:44.970,42.3500,66
50864970590306,14:07:44.970,42.3500,100
50876017458644,14:07:56.017,42.3400,10
50877231095654,14:07:57.231,42.3400,100
50880071092086,14:08:00.071,42.3300,100
50899438019116,14:08:19.438,42.3500,100
50899438028390,14:08:19.438,42.3500,66
50899438047527,14:08:19.438,42.3500,34
50925603175072,14:08:45.603,42.3700,67
50925603201739,14:08:45.603,42.3700,33
50925603201739,14:08:45.603,42.3700,100
50936065737383,14:08:56.065,42.3800,100
50936066335210,14:08:56.066,42.3800,100
50936066363184,14:08:56.066,42.3800,100
50942024941037,14:09:02.024,42.3900,100
50943575324749,14:09:03.575,42.3800,45
50981335845097,14:09:41.335,42.3800,21
50981335845097,14:09:41.335,42.3800,100
50981335845097,14:09:41.335,42.3800,100
50981335845097,14:09:41.335,42.3800,100
50981335845097,14:09:41.335,42.3800,100
50981335845097,14:09:41.335,42.3800,134
51004956025735,14:10:04.956,42.3600,85
51004956054263,14:10:04.956,42.3600,15
51017358677941,14:10:17.358,42.3600,67
51028692778530,14:10:28.692,42.3500,100
51028692838106,14:10:28.692,42.3500,100
51060973714394,14:11:00.973,42.3800,100
51060973714394,14:11:00.973,42.3800,100
51066145467742,14:11:06.145,42.4000,100
51066146264310,14:11:06.146,42.4000,15
51066146290093,14:11:06.146,42.4000,100
51066146290093,14:11:06.146,42.4000,15
51071425449140,14:11:11.425,42.4000,15
51071427514510,14:11:11.427,42.4000,25
51071427514510,14:11:11.427,42.4000,75
51071427582545,14:11:11.427,42.4000,25
51071428517498,14:11:11.428,42.3900,100
51071428517498,14:11:11.428,42.3900,100
51071428520210,14:11:11.428,42.3900,100
51071428539672,14:11:11.428,42.3900,100
51081088149015,14:11:21.088,42.3800,175
51081088200415,14:11:21.088,42.3800,200
51081088331632,14:11:21.088,42.3900,10
51081088414614,14:11:21.088,42.3800,167
51081088562457,14:11:21.088,42.3900,47
51081088663463,14:11:21.088,42.3800,200
51081088752989,14:11:21.088,42.3800,157
51081089933542,14:11:21.089,42.3800,100
51081356404291,14:11:21.356,42.3850,100
51081424503322,14:11:21.424,42.3850,100
51082556898609,14:11:22.556,42.3850,200
51088218102703,14:11:28.218,42.3900,43
51088218102703,14:11:28.218,42.3900,97
51088218110123,14:11:28.218,42.3900,3
51088218135741,14:11:28.218,42.3900,100
51090069801808,14:11:30.069,42.3950,400
51090070232823,14:11:30.070,42.4000,69
51090070300682,14:11:30.070,42.3950,400
51090070331884,14:11:30.070,42.3950,331
51090070558120,14:11:30.070,42.3950,69
51090070558120,14:11:30.070,42.4000,31
51090070558120,14:11:30.070,42.4000,100
51090070558120,14:11:30.070,42.4000,100
51090070558120,14:11:30.070,42.4000,31
51090070620163,14:11:30.070,42.4000,69
51090341218877,14:11:30.341,42.4050,200
51090341218877,14:11:30.341,42.4100,100
51090341218877,14:11:30.341,42.4100,100
51120521827292,14:12:00.521,42.4000,31
51120521827292,14:12:00.521,42.4000,69
51120521889267,14:12:00.521,42.4000,100
51120521944955,14:12:00.521,42.4000,22
51120521944955,14:12:00.521,42.4000,78
51120522565924,14:12:00.522,42.4000,100
51120522594487,14:12:00.522,42.4000,22
51120522720824,14:12:00.522,42.4000,100
51121903254152,14:12:01.903,42.3900,100
51131830699859,14:12:11.830,42.4000,50
51131831090918,14:12:11.831,42.4000,25
51131831158995,14:12:11.831,42.3900,125
51131831306228,14:12:11.831,42.4000,13
51134436971371,14:12:14.436,42.3900,315
51134443112813,14:12:14.443,42.3900,200
51148458647569,14:12:28.458,42.4000,1
51148690635962,14:12:28.690,42.3900,10
51148690635962,14:12:28.690,42.3800,14
51148690635962,14:12:28.690,42.3800,100
51148690635962,14:12:28.690,42.3800,100
51148690635962,14:12:28.690,42.3800,10
51149861897480,14:12:29.861,42.3800,100
51149861897480,14:12:29.861,42.3800,97
51155968160916,14:12:35.968,42.3700,100
51155968160916,14:12:35.968,42.3700,100
51156269136755,14:12:36.269,42.3700,100
51156270140213,14:12:36.270,42.3800,400
51156270140213,14:12:36.270,42.3800,200
51156270181975,14:12:36.270,42.3800,600
51156875343147,14:12:36.875,42.3800,100
51157044943077,14:12:37.044,42.3850,200
51157044943077,14:12:37.044,42.4000,11
51157044943077,14:12:37.044,42.4000,4
51157045477498,14:12:37.045,42.3900,316
51157055303761,14:12:37.055,42.3900,100
51157055634771,14:12:37.055,42.3900,84
51157055634771,14:12:37.055,42.4000,96
51157057179983,14:12:37.057,42.3800,100
51157514452775,14:12:37.514,42.3800,100
51157514452775,14:12:37.514,42.3800,45
51157514452775,14:12:37.514,42.3800,100
51157516135904,14:12:37.516,42.3800,200
51157516135904,14:12:37.516,42.3800,100
51157516135904,14:12:37.516,42.3800,505
51157516135904,14:12:37.516,42.3800,100
51157816304518,14:12:37.816,42.3800,100
51165301859650,14:12:45.301,42.3800,100
51176424885908,14:12:56.424,42.3900,100
51176425342798,14:12:56.425,42.4000,100
51178795549515,14:12:58.795,42.4100,100
51179033230546,14:12:59.033,42.4200,100
51205975534124,14:13:25.975,42.4300,100
51208492146101,14:13:28.492,42.4400,100
51208492575207,14:13:28.492,42.4500,30
51208492576389,14:13:28.492,42.4500,70
51208492576389,14:13:28.492,42.4500,18
51208492607836,14:13:28.492,42.4500,82
51208493222953,14:13:28.493,42.4500,200
51210596711843,14:13:30.596,42.4500,100
51211718904095,14:13:31.718,42.4600,100
51228302908106,14:13:48.302,42.4500,100
51228414275564,14:13:48.414,42.4600,18
51275863659232,14:14:35.863,42.4650,200
51275866303804,14:14:35.866,42.4650,200
51275869242396,14:14:35.869,42.4650,200
51291579545140,14:14:51.579,42.4750,200
51300157994672,14:15:00.157,42.4700,27
51300158007614,14:15:00.158,42.4700,52
51300158068084,14:15:00.158,42.4700,21
51300158068084,14:15:00.158,42.4700,100
51300158068084,14:15:00.158,42.4700,100
51300158068084,14:15:00.158,42.4700,19
51300158068084,14:15:00.158,42.4700,2
51300158809925,14:15:00.158,42.4700,100
51300162378133,14:15:00.162,42.4700,100
51300173237689,14:15:00.173,42.4600,100
51300192500506,14:15:00.192,42.4500,43
51300192680521,14:15:00.192,42.4500,57
51300192680521,14:15:00.192,42.4500,43
51300196126024,14:15:00.196,42.4600,100
51300200702536,14:15:00.200,42.4500,57
51300228862858,14:15:00.228,42.4600,100
51301069313165,14:15:01.069,42.4500,100
51305564068897,14:15:05.564,42.4500,69
51305654531536,14:15:05.654,42.4450,100
51306070905342,14:15:06.070,42.4400,100
51306071628449,14:15:06.071,42.4400,19
51317070253633,14:15:17.070,42.4300,87
51317462419784,14:15:17.462,42.4300,100
51318816738492,14:15:18.816,42.4300,100
51331237682239,14:15:31.237,42.4300,13
51381682496080,14:16:21.682,42.4400,100
51381805039020,14:16:21.805,42.4400,200
51381805396788,14:16:21.805,42.4400,200
51381805942305,14:16:21.805,42.4500,1
51381806684885,14:16:21.806,42.4450,100
51381839969572,14:16:21.839,42.4500,95
51381847486406,14:16:21.847,42.4450,300
51381847486406,14:16:21.847,42.4500,4
51381847486406,14:16:21.847,42.4500,87
51381847525856,14:16:21.847,42.4500,13
51385653365485,14:16:25.653,42.4600,1
51400239516874,14:16:40.239,42.4550,300
51400239946214,14:16:40.239,42.4600,40
51400239978074,14:16:40.239,42.4550,101
51400240045615,14:16:40.240,42.4550,359
51400240103095,14:16:40.240,42.4550,240
51400240103095,14:16:40.240,42.4600,59
51400240103095,14:16:40.240,42.4600,60
51400240153159,14:16:40.240,42.4600,40
51400240153159,14:16:40.240,42.4600,60
51400240165844,14:16:40.240,42.4600,40
51400240165844,14:16:40.240,42.4600,100
51400325313978,14:16:40.325,42.4700,100
51400325313978,14:16:40.325,42.4700,100
51400325313978,14:16:40.325,42.4700,100
51401063040337,14:16:41.063,42.4800,100
51401675013163,14:16:41.675,42.4800,100
51401675013163,14:16:41.675,42.4800,100
51402065154531,14:16:42.065,42.4900,100
51405068872993,14:16:45.068,42.5000,78
51405070159214,14:16:45.070,42.5000,22
51405070159214,14:16:45.070,42.5000,100
51405070777879,14:16:45.070,42.5000,139
51405195107723,14:16:45.195,42.5100,100
51405195107723,14:16:45.195,42.5100,100
51405195294929,14:16:45.195,42.5100,200
51405570562375,14:16:45.570,42.5100,90
51405570955909,14:16:45.570,42.5100,100
51405571440129,14:16:45.571,42.5000,100
51421468034345,14:17:01.468,42.4900,100
51421468034345,14:17:01.468,42.4800,3
51421468170953,14:17:01.468,42.4800,97
51474356472345,14:17:54.356,42.4700,150
51481587629098,14:18:01.587,42.4500,100
51481587657649,14:18:01.587,42.4500,100
51484399299792,14:18:04.399,42.4600,100
51484691344015,14:18:04.691,42.4700,100
51491015283876,14:18:11.015,42.4700,100
51545056509863,14:19:05.056,42.4700,100
51545056509863,14:19:05.056,42.4700,100
51545056509863,14:19:05.056,42.4700,100
51561453487729,14:19:21.453,42.4900,100
51571999771191,14:19:31.999,42.4900,100
51583912256976,14:19:43.912,42.5000,100
51583912256976,14:19:43.912,42.5000,99
51583912822888,14:19:43.912,42.5000,1
51583915640316,14:19:43.915,42.5100,100
51583915640316,14:19:43.915,42.5100,43
51583916082718,14:19:43.916,42.5100,57
51583948049944,14:19:43.948,42.5200,100
51583948049944,14:19:43.948,42.5200,100
51583948049944,14:19:43.948,42.5200,100
51585077226779,14:19:45.077,42.5300,78
51615293039731,14:20:15.293,42.5500,8
51633813727113,14:20:33.813,42.5300,100
51645730735669,14:20:45.730,42.5400,4
51645730897852,14:20:45.730,42.5400,2
51645731186680,14:20:45.731,42.5400,94
51646716444162,14:20:46.716,42.5500,2
51646716524838,14:20:46.716,42.5500,1
51646716861965,14:20:46.716,42.5500,1
51648418113954,14:20:48.418,42.5450,145
51648419308827,14:20:48.419,42.5450,100
51649337613214,14:20:49.337,42.5450,100
51649984646704,14:20:49.984,42.5500,88
51649984646704,14:20:49.984,42.5500,12
51649987881183,14:20:49.987,42.5500,88
51654109284421,14:20:54.109,42.5600,100
51654109284421,14:20:54.109,42.5600,100
51658596727323,14:20:58.596,42.5700,27
51658596735190,14:20:58.596,42.5700,48
51658596867475,14:20:58.596,42.5700,25
51658602163754,14:20:58.602,42.5600,9
51658602163754,14:20:58.602,42.5600,100
51658602163754,14:20:58.602,42.5600,100
51658624069615,14:20:58.624,42.5600,100
51709207178666,14:21:49.207,42.6200,100
51726244276770,14:22:06.244,42.6200,19
51737524458617,14:22:17.524,42.6200,81
51737524458617,14:22:17.524,42.6200,88
51737524489827,14:22:17.524,42.6200,12
51737524489827,14:22:17.524,42.6200,3
51740600327053,14:22:20.600,42.6300,100
51755584240457,14:22:35.584,42.6200,100
51755584240457,14:22:35.584,42.6200,300
51759082049217,14:22:39.082,42.6000,103
51791852189762,14:23:11.852,42.5900,5
51803803206987,14:23:23.803,42.5900,100
51803869673523,14:23:23.869,42.6000,100
51803869673523,14:23:23.869,42.6000,36
51803869950257,14:23:23.869,42.6000,55
51803870814979,14:23:23.870,42.6100,100
51823912729598,14:23:43.912,42.5900,100
51934386356942,14:25:34.386,42.5800,100
51934386356942,14:25:34.386,42.5700,14
51934386356942,14:25:34.386,42.5700,186
51934386523081,14:25:34.386,42.5700,4
51934387033609,14:25:34.387,42.5600,82
51934387060493,14:25:34.387,42.5600,18
51934387363430,14:25:34.387,42.5500,48
51944476444793,14:25:44.476,42.5500,100
51944476444793,14:25:44.476,42.5500,100
51944476526450,14:25:44.476,42.5500,25
51944476617178,14:25:44.476,42.5500,100
51944476617178,14:25:44.476,42.5500,100
51944476617178,14:25:44.476,42.5500,75
51944476857514,14:25:44.476,42.5600,100
51959484832665,14:25:59.484,42.5500,25
51969290505922,14:26:09.290,42.5500,100
51969290505922,14:26:09.290,42.5500,100
51969293923424,14:26:09.293,42.5600,99
52002165729484,14:26:42.165,42.5500,12
52002165749807,14:26:42.165,42.5500,4
52002165749807,14:26:42.165,42.5500,100
52029202871504,14:27:09.202,42.5400,100
52029202871504,14:27:09.202,42.5400,100
52029203086265,14:27:09.203,42.5400,100
52029210079321,14:27:09.210,42.5500,100
52029210079321,14:27:09.210,42.5500,100
52029210079321,14:27:09.210,42.5500,100
52029217837759,14:27:09.217,42.5500,384
52048802061230,14:27:28.802,42.5400,90
52048802061230,14:27:28.802,42.5400,100
52048802061230,14:27:28.802,42.5400,10
52048802091864,14:27:28.802,42.5400,90
52048803245404,14:27:28.803,42.5300,100
52048803245404,14:27:28.803,42.5300,100
52048813693083,14:27:28.813,42.5400,10
52075858208632,14:27:55.858,42.5200,100
52076066155426,14:27:56.066,42.5100,100
52097033698650,14:28:17.033,42.5000,100
52097033698650,14:28:17.033,42.5000,53
52097033707493,14:28:17.033,42.5000,47
52112475342168,14:28:32.475,42.5000,13
52112475342168,14:28:32.475,42.5000,100
52112476470301,14:28:32.476,42.4900,100
52145791567263,14:29:05.791,42.4900,100
52145791567263,14:29:05.791,42.4900,100
52234557061304,14:30:34.557,42.5100,100
52234557061304,14:30:34.557,42.5100,100
52250534759827,14:30:50.534,42.5200,18
52250534759827,14:30:50.534,42.5200,100
52277108613568,14:31:17.108,42.5300,100
52277108613568,14:31:17.108,42.5300,100
52277108613568,14:31:17.108,42.5300,100
52291372050604,14:31:31.372,42.5200,200
52291372078914,14:31:31.372,42.5200,100
52291372078914,14:31:31.372,42.5200,88
52291372078914,14:31:31.372,42.5200,13
52291372078914,14:31:31.372,42.5200,100
52291372080294,14:31:31.372,42.5200,100
52291372382052,14:31:31.372,42.5100,81
52291372697562,14:31:31.372,42.5100,19
52310904083507,14:31:50.904,42.4950,100
52310904548884,14:31:50.904,42.4900,100
52310904581026,14:31:50.904,42.4900,100
52311975681071,14:31:51.975,42.4900,100
52329187563075,14:32:09.187,42.5000,100
52329188362439,14:32:09.188,42.5100,46
52351470402632,14:32:31.470,42.5100,100
52358667666434,14:32:38.667,42.4800,55
52358667677124,14:32:38.667,42.4800,37
52358667679799,14:32:38.667,42.4800,8
52358667679799,14:32:38.667,42.4800,33
52358667681421,14:32:38.667,42.4800,50
52358667686622,14:32:38.667,42.4800,17
52358667686622,14:32:38.667,42.4800,8
52432908375467,14:33:52.908,42.4800,100
52432908375467,14:33:52.908,42.4800,100
52496885474061,14:34:56.885,42.5000,100
52496885474061,14:34:56.885,42.5000,100
52496885502988,14:34:56.885,42.5000,100
52496885502988,14:34:56.885,42.5000,100
52496893858542,14:34:56.893,42.5100,105
52506454083518,14:35:06.454,42.5200,15
52506493731934,14:35:06.493,42.5200,25
52510627986341,14:35:10.627,42.5200,60
52510627986341,14:35:10.627,42.5200,40
52510628071440,14:35:10.628,42.5200,100
52519889423575,14:35:19.889,42.5100,8
52519889423575,14:35:19.889,42.5100,100
52519889423575,14:35:19.889,42.5100,100
52528622530799,14:35:28.622,42.5000,100
52528622530799,14:35:28.622,42.5000,100
52528622530799,14:35:28.622,42.5000,100
52544053760495,14:35:44.053,42.4900,100
52544053760495,14:35:44.053,42.4900,5
52544053760495,14:35:44.053,42.4900,95
52544053807044,14:35:44.053,42.4900,5
52544053807044,14:35:44.053,42.4900,39
52544053846919,14:35:44.053,42.4900,61
52547543111984,14:35:47.543,42.4700,7
52549978944833,14:35:49.978,42.4700,10
52551839324557,14:35:51.839,42.4700,83
52551839324557,14:35:51.839,42.4700,27
52555276170618,14:35:55.276,42.4700,73
52556930070437,14:35:56.930,42.4600,10
52558582406990,14:35:58.582,42.4600,23
52566348033915,14:36:06.348,42.4400,10
52566350253029,14:36:06.350,42.4400,90
52566350253029,14:36:06.350,42.4400,10
52566375559673,14:36:06.375,42.4400,5
52576903246732,14:36:16.903,42.4400,100
52576903246732,14:36:16.903,42.4400,100
52576903886507,14:36:16.903,42.4500,72
52577113412552,14:36:17.113,42.4500,28
52577913272987,14:36:17.913,42.4600,4
52577913546711,14:36:17.913,42.4600,96
52579096932859,14:36:19.096,42.4700,22
52579097209514,14:36:19.097,42.4700,78
52579097209514,14:36:19.097,42.4700,28
52579097639517,14:36:19.097,42.4700,72
52579097639517,14:36:19.097,42.4700,76
52579098130389,14:36:19.098,42.4700,24
52579117958165,14:36:19.117,42.4700,100
52585852368755,14:36:25.852,42.4500,36
52585852384923,14:36:25.852,42.4500,64
52585852384923,14:36:25.852,42.4500,38
52585852396532,14:36:25.852,42.4500,62
52585852399647,14:36:25.852,42.4500,41
52585852613019,14:36:25.852,42.4500,59
52585852613019,14:36:25.852,42.4500,100
52585852613019,14:36:25.852,42.4500,2
52585852618832,14:36:25.852,42.4500,3
52585852859571,14:36:25.852,42.4500,4
52589068829810,14:36:29.068,42.4500,40
52627026189655,14:37:07.026,42.4500,38
52627026199951,14:37:07.026,42.4500,62
52632624244252,14:37:12.624,42.4400,12
52632624484153,14:37:12.624,42.4400,51
52632624512269,14:37:12.624,42.4400,37
52632624512269,14:37:12.624,42.4400,100
52632624522336,14:37:12.624,42.4400,100
52644097759711,14:37:24.097,42.4600,100
52644100559472,14:37:24.100,42.4700,12
52644100584262,14:37:24.100,42.4700,88
52666579718092,14:37:46.579,42.4800,56
52666579742708,14:37:46.579,42.4800,44
52684225128471,14:38:04.225,42.4800,47
52684225274964,14:38:04.225,42.4800,53
52684225274964,14:38:04.225,42.4800,91
52685689241999,14:38:05.689,42.4700,10
52687833053931,14:38:07.833,42.4700,90
52687833053931,14:38:07.833,42.4700,20
52696509126427,14:38:16.509,42.4500,100
52720717259200,14:38:40.717,42.4400,100
52720717259200,14:38:40.717,42.4400,14
52724495949027,14:38:44.495,42.4500,100
52724495949027,14:38:44.495,42.4500,50
52724495972039,14:38:44.495,42.4500,50
52724495976037,14:38:44.495,42.4500,100
52724507818502,14:38:44.507,42.4600,100
52725036866146,14:38:45.036,42.4700,10
52725036892425,14:38:45.036,42.4700,90
52725036892425,14:38:45.036,42.4700,100
52725036892425,14:38:45.036,42.4700,100
52725036921498,14:38:45.036,42.4700,10
52741445293332,14:39:01.445,42.4700,100
52741445293332,14:39:01.445,42.4700,100
52745575772038,14:39:05.575,42.4600,90
52747126420331,14:39:07.126,42.4600,10
52747126420331,14:39:07.126,42.4600,100
52747126420331,14:39:07.126,42.4600,100
52752884610012,14:39:12.884,42.4500,130
52756955589689,14:39:16.955,42.4600,34
52760224904373,14:39:20.224,42.4400,100
52764130546493,14:39:24.130,42.4300,10
52767466146822,14:39:27.466,42.4300,90
52767466146822,14:39:27.466,42.4300,100
52772420432680,14:39:32.420,42.4200,5
52772420432680,14:39:32.420,42.4100,5
52785105717998,14:39:45.105,42.4300,100
52785105717998,14:39:45.105,42.4300,100
52785743133011,14:39:45.743,42.4500,100
52785743133011,14:39:45.743,42.4500,100
52785743133011,14:39:45.743,42.4500,100
52786021233826,14:39:46.021,42.4600,100
52791055280945,14:39:51.055,42.4700,100
52793824202912,14:39:53.824,42.4800,100
52793824202912,14:39:53.824,42.4800,18
52793825109314,14:39:53.825,42.4800,82
52803405030979,14:40:03.405,42.4700,100
52803405030979,14:40:03.405,42.4700,100
52805615553247,14:40:05.615,42.4700,10
52805615580307,14:40:05.615,42.4700,2
52814457023017,14:40:14.457,42.4600,100
52824267050837,14:40:24.267,42.4500,100
52824267050837,14:40:24.267,42.4500,100
52830115667535,14:40:30.115,42.4400,100
52830115667535,14:40:30.115,42.4400,100
52830116945978,14:40:30.116,42.4300,10
52831735632874,14:40:31.735,42.4300,100
52831735632874,14:40:31.735,42.4300,100
52837068614660,14:40:37.068,42.4100,10
52840400991348,14:40:40.400,42.4100,90
52840400991348,14:40:40.400,42.4100,20
52842672141055,14:40:42.672,42.4100,80
52847416994156,14:40:47.416,42.4200,100
52847417603373,14:40:47.417,42.4200,100
52847417984470,14:40:47.417,42.4200,10
52848294299719,14:40:48.294,42.4300,100
52848294324619,14:40:48.294,42.4300,14
52848294324619,14:40:48.294,42.4300,100
52849136060353,14:40:49.136,42.4500,105
52858285704255,14:40:58.285,42.4300,10
52859814659181,14:40:59.814,42.4300,90
52864191289783,14:41:04.191,42.4300,100
52864243849698,14:41:04.243,42.4500,100
52864243849698,14:41:04.243,42.4500,100
52870194196859,14:41:10.194,42.4600,100
52892161398325,14:41:32.161,42.4800,100
52892161952140,14:41:32.161,42.4700,100
52892162210976,14:41:32.162,42.4700,100
52892162210976,14:41:32.162,42.4700,23
52892171818135,14:41:32.171,42.4700,100
52892177375340,14:41:32.177,42.4700,23
52892177375340,14:41:32.177,42.4800,100
52892177375340,14:41:32.177,42.4800,100
52892177967790,14:41:32.177,42.4700,100
52892178034447,14:41:32.178,42.4700,100
52892182708526,14:41:32.182,42.4800,23
52892182708526,14:41:32.182,42.4800,39
52897639405616,14:41:37.639,42.4700,100
52907481472599,14:41:47.481,42.4600,100
52907481472599,14:41:47.481,42.4600,100
52907481472599,14:41:47.481,42.4600,100
52907481472599,14:41:47.481,42.4600,100
52907481472599,14:41:47.481,42.4600,100
52909073091122,14:41:49.073,42.4500,100
52909073091122,14:41:49.073,42.4500,100
52911474217305,14:41:51.474,42.4300,10
52913071635367,14:41:53.071,42.4300,100
52916331290342,14:41:56.331,42.4200,10
52917878921112,14:41:57.878,42.4200,90
52917878921112,14:41:57.878,42.4200,100
52917878921112,14:41:57.878,42.4200,20
52919072479861,14:41:59.072,42.4200,80
52919072479861,14:41:59.072,42.4200,20
52922074052761,14:42:02.074,42.4200,80
52922075454514,14:42:02.075,42.4100,20
52933939499404,14:42:13.939,42.4300,58
52933939505778,14:42:13.939,42.4300,42
52933939505778,14:42:13.939,42.4300,1
52933939505778,14:42:13.939,42.4300,100
52934134572279,14:42:14.134,42.4500,100
52934151295121,14:42:14.151,42.4700,100
52934699395524,14:42:14.699,42.4800,61
52934699395524,14:42:14.699,42.4800,100
52950709447189,14:42:30.709,42.4700,100
52961181891377,14:42:41.181,42.4600,100
52964830594982,14:42:44.830,42.4700,100
52972878659844,14:42:52.878,42.4500,110
52974375629286,14:42:54.375,42.4500,1
52974375629286,14:42:54.375,42.4500,100
52974375629286,14:42:54.375,42.4500,100
52975875306352,14:42:55.875,42.4400,100
52977860936077,14:42:57.860,42.4300,119
52977860936077,14:42:57.860,42.4300,24
52977860936077,14:42:57.860,42.4300,67
52977860970935,14:42:57.860,42.4300,33
52977860970935,14:42:57.860,42.4300,72
52977860970935,14:42:57.860,42.4300,28
52982367094703,14:43:02.367,42.4200,100
52982367094703,14:43:02.367,42.4200,10
52982367256525,14:43:02.367,42.4200,90
52982367256525,14:43:02.367,42.4200,100
52982368174957,14:43:02.368,42.4200,100
52982368200794,14:43:02.368,42.4200,100
52994226172442,14:43:14.226,42.4300,100
52994226172442,14:43:14.226,42.4300,100
52994884050361,14:43:14.884,42.4300,100
52994884050361,14:43:14.884,42.4300,100
52995074381208,14:43:15.074,42.4300,100
52996004293216,14:43:16.004,42.4300,100
52996004293216,14:43:16.004,42.4300,100
52996004370713,14:43:16.004,42.4300,100
52996004370713,14:43:16.004,42.4300,100
52996004370713,14:43:16.004,42.4300,100
52996004370713,14:43:16.004,42.4300,100
52996004370713,14:43:16.004,42.4300,100
52996004514469,14:43:16.004,42.4300,100
52998673898765,14:43:18.673,42.4200,10
52999121558470,14:43:19.121,42.4200,100
52999129543664,14:43:19.129,42.4300,100
53011562761170,14:43:31.562,42.4500,100
53022872208362,14:43:42.872,42.4900,10
53029035449068,14:43:49.035,42.4700,100
53032068622886,14:43:52.068,42.4700,40
53065346027408,14:44:25.346,42.4900,100
53065346027408,14:44:25.346,42.4900,23
53065363796483,14:44:25.363,42.5000,100
53065363796483,14:44:25.363,42.5000,100
53065811811067,14:44:25.811,42.5400,100
53065811811067,14:44:25.811,42.5400,100
53078858361104,14:44:38.858,42.5300,100
53078858361104,14:44:38.858,42.5300,100
53094624764722,14:44:54.624,42.5200,100
53094624764722,14:44:54.624,42.5200,100
53097520987353,14:44:57.520,42.5100,5
53097520987353,14:44:57.520,42.5000,100
53097520987353,14:44:57.520,42.5000,100
53097520987353,14:44:57.520,42.5000,100
53097520987353,14:44:57.520,42.5000,100
53097523035234,14:44:57.523,42.4900,5
53099067122060,14:44:59.067,42.4900,64
53099073541297,14:44:59.073,42.4800,1
53100089692928,14:45:00.089,42.4800,3
53100089739940,14:45:00.089,42.4800,148
53100089768960,14:45:00.089,42.4800,59
53100394956765,14:45:00.394,42.5100,100
53102912816347,14:45:02.912,42.5000,200
53114977121619,14:45:14.977,42.4900,4
53114979310106,14:45:14.979,42.4900,100
53115073255972,14:45:15.073,42.4800,10
53120071644731,14:45:20.071,42.4900,100
53126705200277,14:45:26.705,42.4900,100
53126705200277,14:45:26.705,42.4900,100
53129851297102,14:45:29.851,42.4900,100
53129851297102,14:45:29.851,42.4900,100
53133854209496,14:45:33.854,42.4800,100
53135134064819,14:45:35.134,42.4800,500
53135134094886,14:45:35.134,42.4800,53
53135555798506,14:45:35.555,42.5000,100
53135563300461,14:45:35.563,42.5100,100
53135563300461,14:45:35.563,42.5100,100
53135868891632,14:45:35.868,42.5300,100
53136128496628,14:45:36.128,42.5400,100
53138428147232,14:45:38.428,42.5200,100
53138428147232,14:45:38.428,42.5200,100
53138428147232,14:45:38.428,42.5200,100
53138428147232,14:45:38.428,42.5200,91
53138430336202,14:45:38.430,42.5200,9
53150299666803,14:45:50.299,42.5000,100
53150301824034,14:45:50.301,42.5000,100
53153139959955,14:45:53.139,42.5100,100
53163399576210,14:46:03.399,42.5000,7
53163399576210,14:46:03.399,42.5000,100
53163399576210,14:46:03.399,42.5000,93
53166654295318,14:46:06.654,42.5000,7
53172748673695,14:46:12.748,42.4900,100
53180310542148,14:46:20.310,42.4900,100
53180310542148,14:46:20.310,42.4900,100
53182250517935,14:46:22.250,42.4800,100
53182250517935,14:46:22.250,42.4800,100
53182251134773,14:46:22.251,42.4700,100
53189272373300,14:46:29.272,42.4900,100
53189272797523,14:46:29.272,42.4900,63
53189272801246,14:46:29.272,42.4900,82
53189272801699,14:46:29.272,42.4900,37
53189272824410,14:46:29.272,42.4900,18
53190013819869,14:46:30.013,42.5000,100
53190013819869,14:46:30.013,42.5000,100
53190013819869,14:46:30.013,42.5000,100
53190013966778,14:46:30.013,42.5000,100
53190014368240,14:46:30.014,42.5000,80
53190014404413,14:46:30.014,42.5000,20
53190977994217,14:46:30.977,42.5000,100
53190978019696,14:46:30.978,42.5000,100
53190978019696,14:46:30.978,42.5000,100
53192000669819,14:46:32.000,42.5000,100
53196799316016,14:46:36.799,42.5000,5
53202684237485,14:46:42.684,42.4900,100
53202684237485,14:46:42.684,42.4900,100
53208451325641,14:46:48.451,42.4800,100
53208451325641,14:46:48.451,42.4800,100
53208451325641,14:46:48.451,42.4800,100
53210614032589,14:46:50.614,42.4700,100
53210614032589,14:46:50.614,42.4700,100
53210615347365,14:46:50.615,42.4600,50
53210615953073,14:46:50.615,42.4600,100
53210615953073,14:46:50.615,42.4500,10
53210615972267,14:46:50.615,42.4500,100
53210615972267,14:46:50.615,42.4400,86
53219453590758,14:46:59.453,42.4400,100
53222682448410,14:47:02.682,42.4400,100
53226130091011,14:47:06.130,42.4600,100
53229025917742,14:47:09.025,42.4600,100
53230141077352,14:47:10.141,42.4700,100
53230142845381,14:47:10.142,42.4800,100
53233559108949,14:47:13.559,42.4700,100
53233559108949,14:47:13.559,42.4700,100
53233561696515,14:47:13.561,42.4600,25
53237962340430,14:47:17.962,42.4400,179
53237973383697,14:47:17.973,42.4600,100
53240825673479,14:47:20.825,42.4700,100
53240826536368,14:47:20.826,42.4700,100
53240826817962,14:47:20.826,42.4700,100
53240830166245,14:47:20.830,42.4700,100
53240830166245,14:47:20.830,42.4800,100
53240830191869,14:47:20.830,42.4800,100
53242091725584,14:47:22.091,42.5000,100
53242091725584,14:47:22.091,42.5000,100
53242091725584,14:47:22.091,42.5000,100
53242091725584,14:47:22.091,42.5000,100
53255875576976,14:47:35.875,42.5100,100
53263401318955,14:47:43.401,42.5000,44
53280852913290,14:48:00.852,42.5300,100
53280852913290,14:48:00.852,42.5300,100
53296966970062,14:48:16.966,42.5300,1
53296966970062,14:48:16.966,42.5300,28
53296966971735,14:48:16.966,42.5300,50
53296967019539,14:48:16.967,42.5300,22
53296967019539,14:48:16.967,42.5300,100
53296967019539,14:48:16.967,42.5300,100
53301849693694,14:48:21.849,42.5100,100
53302294651699,14:48:22.294,42.5200,100
53302882847155,14:48:22.882,42.5400,100
53318848550105,14:48:38.848,42.5400,100
53326015735489,14:48:46.015,42.5500,100
53326015735489,14:48:46.015,42.5500,100
53326015735489,14:48:46.015,42.5500,100
53326015735489,14:48:46.015,42.5500,20
53326015735489,14:48:46.015,42.5500,100
53348569700250,14:49:08.569,42.5700,5
53348569700250,14:49:08.569,42.5600,95
53350312551008,14:49:10.312,42.5500,15
53350312747172,14:49:10.312,42.5500,85
53350312747172,14:49:10.312,42.5500,100
53350312747172,14:49:10.312,42.5500,100
53355600095065,14:49:15.600,42.5300,100
53355600095065,14:49:15.600,42.5300,10
53357099877871,14:49:17.099,42.5300,90
53357099877871,14:49:17.099,42.5300,100
53357099877871,14:49:17.099,42.5300,20
53358610038862,14:49:18.610,42.5300,80
53360212558112,14:49:20.212,42.5100,84
53360212558112,14:49:20.212,42.5100,100
53360212558112,14:49:20.212,42.5100,26
53363187253031,14:49:23.187,42.5500,100
53382458453567,14:49:42.458,42.5700,100
53403770875392,14:50:03.770,42.5700,100
53406302054168,14:50:06.302,42.5700,100
53406302054168,14:50:06.302,42.5700,100
53406302054168,14:50:06.302,42.5700,100
53414429831428,14:50:14.429,42.5800,33
53414429831428,14:50:14.429,42.5800,100
53415785659624,14:50:15.785,42.5800,100
53415785659624,14:50:15.785,42.5800,100
53415785688948,14:50:15.785,42.5800,8
53415788106332,14:50:15.788,42.5700,10
53415788106332,14:50:15.788,42.5600,90
53416238389708,14:50:16.238,42.5700,48
53419757586721,14:50:19.757,42.5600,8
53422246048813,14:50:22.246,42.5600,2
53423948315057,14:50:23.948,42.5600,100
53423948315057,14:50:23.948,42.5600,100
53434646720287,14:50:34.646,42.5500,100
53434647592804,14:50:34.647,42.5300,48
53434650175765,14:50:34.650,42.5300,100
53465135776574,14:51:05.135,42.5000,100
53467780030108,14:51:07.780,42.5000,100
53467780030108,14:51:07.780,42.5000,100
53467781113626,14:51:07.781,42.5200,100
53467786827787,14:51:07.786,42.5300,100
53467786827787,14:51:07.786,42.5300,100
53479716995181,14:51:19.716,42.5500,100
53501904607510,14:51:41.904,42.5300,49
53501904612009,14:51:41.904,42.5300,51
53501904612009,14:51:41.904,42.5300,97
53501904616629,14:51:41.904,42.5300,3
53501905206172,14:51:41.905,42.5300,100
53501905206172,14:51:41.905,42.5400,100
53501905206172,14:51:41.905,42.5400,100
53503842172284,14:51:43.842,42.5300,100
53503842172284,14:51:43.842,42.5300,10
53505406663160,14:51:45.406,42.5300,10
53505406663160,14:51:45.406,42.5300,10
53505406663160,14:51:45.406,42.5300,10
53505406663160,14:51:45.406,42.5300,4
53505407169154,14:51:45.407,42.5300,100
53509860218234,14:51:49.860,42.4900,10
53511307775275,14:51:51.307,42.5000,100
53511307776839,14:51:51.307,42.5000,110
53511363186879,14:51:51.363,42.5200,100
53511363186879,14:51:51.363,42.5200,100
53516957200426,14:51:56.957,42.5300,100
53533627935059,14:52:13.627,42.5500,24
53538072406141,14:52:18.072,42.5600,50
53538072408154,14:52:18.072,42.5600,50
53538072408154,14:52:18.072,42.5600,100
53540180609083,14:52:20.180,42.5600,5
53542026688809,14:52:22.026,42.5600,95
53542026688809,14:52:22.026,42.5600,10
53544543485106,14:52:24.543,42.5600,100
53546159858233,14:52:26.159,42.5500,10
53547689515846,14:52:27.689,42.5500,90
53547689515846,14:52:27.689,42.5500,100
53547689515846,14:52:27.689,42.5500,20
53550757309741,14:52:30.757,42.5200,10
53552400417414,14:52:32.400,42.5200,110
53560844099956,14:52:40.844,42.5200,100
53560844099956,14:52:40.844,42.5200,10
53560874694649,14:52:40.874,42.5200,100
53562497725843,14:52:42.497,42.5200,100
53562497725843,14:52:42.497,42.5200,100
