timestamp,time,price,volume
34200787543751,09:30:00.787,0.0000,0
34244848955126,09:30:44.848,11.9400,100
34244849526075,09:30:44.849,11.9400,14
34244849526075,09:30:44.849,11.9400,85
34443649475267,09:34:03.649,11.8700,38
34519300506488,09:35:19.300,11.8700,100
34519316025472,09:35:19.316,11.8700,25
34770182306407,09:39:30.182,11.8600,25
34770182306407,09:39:30.182,11.8700,75
34770182335267,09:39:30.182,11.8700,25
34914937892008,09:41:54.937,11.8600,100
34933545866313,09:42:13.545,11.8600,200
34933558339201,09:42:13.558,11.8800,100
34933558339201,09:42:13.558,11.8800,100
34933558339201,09:42:13.558,11.8800,182
35018614960027,09:43:38.614,11.8600,100
35046874215526,09:44:06.874,11.8400,1
35121338615402,09:45:21.338,11.8700,100
35292615659215,09:48:12.615,11.8700,2
35292615659215,09:48:12.615,11.8700,98
35292615724148,09:48:12.615,11.8700,2
35457790314087,09:50:57.790,11.8600,100
35457790314087,09:50:57.790,11.8600,97
35457790344314,09:50:57.790,11.8600,103
35466995042551,09:51:06.995,11.8700,100
35475340765116,09:51:15.340,11.8800,100
35501825279088,09:51:41.825,11.8800,100
35547621392100,09:52:27.621,11.8700,10
35676196475843,09:54:36.196,11.8600,98
35707338973904,09:55:07.338,11.8700,100
35744040771910,09:55:44.040,11.8700,100
35744040771910,09:55:44.040,11.8700,100
35801689034355,09:56:41.689,11.8600,100
35801712120155,09:56:41.712,11.8450,400
35801712120155,09:56:41.712,11.8500,200
35801712120155,09:56:41.712,11.8500,100
35801712120155,09:56:41.712,11.8500,100
35801712120155,09:56:41.712,11.8500,100
35801712120155,09:56:41.712,11.8500,100
35801941629681,09:56:41.941,11.8600,100
35829835348605,09:57:09.835,11.8700,100
36047341437686,10:00:47.341,11.8700,100
36047341437686,10:00:47.341,11.8700,200
36083338254555,10:01:23.338,11.8900,100
36161162387711,10:02:41.162,11.8800,100
36161162387711,10:02:41.162,11.8800,100
36161162387711,10:02:41.162,11.8800,100
36166698384021,10:02:46.698,11.8700,100
36211611014122,10:03:31.611,11.8650,100
36320424274392,10:05:20.424,11.8650,100
36322233118066,10:05:22.233,11.8700,100
36322233183847,10:05:22.233,11.8700,67
36322233480006,10:05:22.233,11.8700,33
36449492485807,10:07:29.492,11.8700,100
36508752262166,10:08:28.752,11.8550,100
36632645798572,10:10:32.645,11.8550,116
36670788417589,10:11:10.788,11.8550,100
36670789167062,10:11:10.789,11.8600,100
36828710716389,10:13:48.710,11.8900,100
36828710716389,10:13:48.710,11.8900,100
36828710716389,10:13:48.710,11.8900,100
36833893711860,10:13:53.893,11.9100,100
36927585699965,10:15:27.585,11.9050,100
36954058284833,10:15:54.058,11.9100,67
37072469809720,10:17:52.469,11.9050,100
37073525954408,10:17:53.525,11.9000,100
37168195259699,10:19:28.195,11.8900,100
37229251392178,10:20:29.251,11.9000,20
37250230225189,10:20:50.230,11.9000,100
37270409511370,10:21:10.409,11.9000,100
37332685108507,10:22:12.685,11.9000,100
37429551340261,10:23:49.551,11.9000,100
37447128551221,10:24:07.128,11.9000,100
37480586075991,10:24:40.586,11.9000,100
37832107086621,10:30:32.107,11.9100,7
37832107086621,10:30:32.107,11.9100,100
37832107086621,10:30:32.107,11.9100,100
37832107617768,10:30:32.107,11.9200,6
37832107681650,10:30:32.107,11.9200,4
37832107931574,10:30:32.107,11.9200,2
37832108119060,10:30:32.108,11.9200,2
37832257798009,10:30:32.257,11.9100,100
37892188902961,10:31:32.188,11.9300,8
37892189773155,10:31:32.189,11.9300,92
38143680733390,10:35:43.680,11.9400,100
38143680733390,10:35:43.680,11.9400,100
38143680733390,10:35:43.680,11.9400,100
38143680733390,10:35:43.680,11.9400,100
38143680733390,10:35:43.680,11.9400,100
38143682834342,10:35:43.682,11.9500,1
38143682892286,10:35:43.682,11.9500,99
38143883827772,10:35:43.883,11.9500,100
38176331482416,10:36:16.331,11.9400,100
38176331816193,10:36:16.331,11.9400,24
38176331816193,10:36:16.331,11.9400,100
38290339919887,10:38:10.339,11.9400,19
38290339919887,10:38:10.339,11.9400,1
38397013923784,10:39:57.013,11.9500,100
38881508904576,10:48:01.508,11.9400,100
39184540322256,10:53:04.540,11.9350,400
39184553882687,10:53:04.553,11.9400,100
39184644460954,10:53:04.644,11.9400,100
39184847448473,10:53:04.847,11.9500,100
39322532007273,10:55:22.532,11.9600,1000
39322532007273,10:55:22.532,11.9600,100
39324262461488,10:55:24.262,11.9750,100
39324262461488,10:55:24.262,11.9700,98
39324274611047,10:55:24.274,11.9800,100
39324576511416,10:55:24.576,11.9700,100
39324576511416,10:55:24.576,11.9700,200
39332960209988,10:55:32.960,11.9600,100
39332960209988,10:55:32.960,11.9600,100
39332960209988,10:55:32.960,11.9600,100
39332960209988,10:55:32.960,11.9600,100
39332960209988,10:55:32.960,11.9600,100
39332960209988,10:55:32.960,11.9500,100
39332960209988,10:55:32.960,11.9500,100
39332960209988,10:55:32.960,11.9500,100
39333063655182,10:55:33.063,11.9600,100
39333168279180,10:55:33.168,11.9700,100
39385003798001,10:56:25.003,11.9700,65
39385003798001,10:56:25.003,11.9700,35
39663455878561,11:01:03.455,11.9800,1
39663455878561,11:01:03.455,11.9800,100
39663944730993,11:01:03.944,11.9900,100
39679656522639,11:01:19.656,11.9900,100
39685245829014,11:01:25.245,11.9900,100
39685261140361,11:01:25.261,11.9900,100
39685261140361,11:01:25.261,11.9900,8
39685261157322,11:01:25.261,11.9900,92
39810868791801,11:03:30.868,11.9850,100
40050388093329,11:07:30.388,11.9800,100
40089659791728,11:08:09.659,11.9700,50
40089659920032,11:08:09.659,11.9700,17
40089665196474,11:08:09.665,11.9700,33
40307338580789,11:11:47.338,11.9600,100
40307338580789,11:11:47.338,11.9600,100
40935066150379,11:22:15.066,11.9600,100
41486825692345,11:31:26.825,11.9550,100
42254888455456,11:44:14.888,11.9500,27
42254888455456,11:44:14.888,11.9500,100
42254888455456,11:44:14.888,11.9500,100
42255096184950,11:44:15.096,11.9500,100
42255096184950,11:44:15.096,11.9500,100
42255096184950,11:44:15.096,11.9500,100
42272276807058,11:44:32.276,11.9600,35
42335383696801,11:45:35.383,11.9550,200
42335387948261,11:45:35.387,11.9550,100
42335387948261,11:45:35.387,11.9550,100
42335404230597,11:45:35.404,11.9500,100
42335404230597,11:45:35.404,11.9500,100
42335496626030,11:45:35.496,11.9500,100
42910740274060,11:55:10.740,11.9450,100
42910740768921,11:55:10.740,11.9450,178
42913403801913,11:55:13.403,11.9500,100
42943437643035,11:55:43.437,11.9600,200
42943448499973,11:55:43.448,11.9600,100
43300339556972,12:01:40.339,11.9600,9
43300339556972,12:01:40.339,11.9600,91
43300339630675,12:01:40.339,11.9600,9
43300339630675,12:01:40.339,11.9600,91
43300339661265,12:01:40.339,11.9600,9
43336923483620,12:02:16.923,11.9600,100
43336923483620,12:02:16.923,11.9600,100
43856774343878,12:10:56.774,11.9700,2
43891008137905,12:11:31.008,11.9700,1
43891008137905,12:11:31.008,11.9700,99
43932466173867,12:12:12.466,11.9700,18
44018199785261,12:13:38.199,11.9700,82
44018258153931,12:13:38.258,11.9700,50
44045046638139,12:14:05.046,11.9700,100
44310045868990,12:18:30.045,11.9600,100
44310059523036,12:18:30.059,11.9600,100
44310360671216,12:18:30.360,11.9600,100
44413115288425,12:20:13.115,11.9600,100
44413115816469,12:20:13.115,11.9600,100
44712123222753,12:25:12.123,11.9600,6
44712175103378,12:25:12.175,11.9600,94
44724237510250,12:25:24.237,11.9600,2
45600007071888,12:40:00.007,11.9450,400
45710928916725,12:41:50.928,11.9400,100
45710928916725,12:41:50.928,11.9400,100
45711059513142,12:41:51.059,11.9350,100
45711059513142,12:41:51.059,11.9400,100
45711059513142,12:41:51.059,11.9400,100
45711059513142,12:41:51.059,11.9400,100
45711059513142,12:41:51.059,11.9400,100
45711059513142,12:41:51.059,11.9400,100
45711059513142,12:41:51.059,11.9400,100
45711060049288,12:41:51.060,11.9400,100
46461446894567,12:54:21.446,11.9500,100
46461446894567,12:54:21.446,11.9500,100
46461446894567,12:54:21.446,11.9500,86
46461446993825,12:54:21.446,11.9500,14
46461446993825,12:54:21.446,11.9500,86
46461447547378,12:54:21.447,11.9500,14
46461447547378,12:54:21.447,11.9500,286
46461447582795,12:54:21.447,11.9500,114
46461447582795,12:54:21.447,11.9500,100
46461460105418,12:54:21.460,11.9550,100
46590034596311,12:56:30.034,11.9500,100
46590034596311,12:56:30.034,11.9500,2
46830071449319,13:00:30.071,11.9500,100
46830108991527,13:00:30.108,11.9500,28
47190068067212,13:06:30.068,11.9400,100
47190068067212,13:06:30.068,11.9400,100
48386926864902,13:26:26.926,11.9500,1
48386926864902,13:26:26.926,11.9500,100
48386926864902,13:26:26.926,11.9500,100
48386926864902,13:26:26.926,11.9500,100
48386926864902,13:26:26.926,11.9500,1
49128095318436,13:38:48.095,11.9500,100
49128095318436,13:38:48.095,11.9500,200
49129072435830,13:38:49.072,11.9400,200
49129072435830,13:38:49.072,11.9400,100
49844709756563,13:50:44.709,11.9400,100
49865713396299,13:51:05.713,11.9400,100
49865915482672,13:51:05.915,11.9350,300
49866021408140,13:51:06.021,11.9400,100
49866021408140,13:51:06.021,11.9400,100
49866021408140,13:51:06.021,11.9400,100
49938341072874,13:52:18.341,11.9500,1
50155084082503,13:55:55.084,11.9550,100
50321892275108,13:58:41.892,11.9600,100
50321892275108,13:58:41.892,11.9600,100
50321893694017,13:58:41.893,11.9700,23
50321897014416,13:58:41.897,11.9700,89
50321897059992,13:58:41.897,11.9700,88
50321897059992,13:58:41.897,11.9700,100
50321897059992,13:58:41.897,11.9700,100
50336000518915,13:58:56.000,11.9800,100
50412072717122,14:00:12.072,11.9700,100
50459210450564,14:00:59.210,11.9700,68
50459210489954,14:00:59.210,11.9700,88
50459210495574,14:00:59.210,11.9700,5
50459210503714,14:00:59.210,11.9700,39
50537922273997,14:02:17.922,11.9700,100
50552293165357,14:02:32.293,11.9700,80
50552293228550,14:02:32.293,11.9700,20
50649386571578,14:04:09.386,11.9800,100
50649397037949,14:04:09.397,11.9800,100
50659924966789,14:04:19.924,11.9800,100
50708028056310,14:05:08.028,11.9900,100
50708028056310,14:05:08.028,11.9900,100
50863386899969,14:07:43.386,11.9900,100
50863387033535,14:07:43.387,11.9900,67
50863389181617,14:07:43.389,11.9900,30
50863389181617,14:07:43.389,11.9900,70
50863389948007,14:07:43.389,11.9900,30
50863389948007,14:07:43.389,11.9900,70
50863400407935,14:07:43.400,11.9900,30
50907238862534,14:08:27.238,11.9800,100
50918367270410,14:08:38.367,11.9900,70
50918367270410,14:08:38.367,11.9900,300
50918367270410,14:08:38.367,11.9900,100
50918367270410,14:08:38.367,11.9900,100
50918407379526,14:08:38.407,11.9900,100
51006862636923,14:10:06.862,11.9800,100
51113179157069,14:11:53.179,11.9900,85
51113179180013,14:11:53.179,11.9900,15
51113179180013,14:11:53.179,11.9900,1
51264435378860,14:14:24.435,11.9950,400
51264435378860,14:14:24.435,12.0000,23
51264435378860,14:14:24.435,12.0000,1000
51264435378860,14:14:24.435,12.0000,50
51264435407835,14:14:24.435,12.0000,400
51264435767175,14:14:24.435,12.0000,47
51264435844101,14:14:24.435,12.0000,51
51264435845435,14:14:24.435,12.0000,2
51658744354719,14:20:58.744,12.0100,100
51658744354719,14:20:58.744,12.0100,100
51658744354719,14:20:58.744,12.0100,100
51658744354719,14:20:58.744,12.0100,100
52063958788633,14:27:43.958,12.0100,68
52063958813656,14:27:43.958,12.0100,32
52063958813656,14:27:43.958,12.0100,100
52244152913135,14:30:44.152,12.0000,100
52244152913135,14:30:44.152,12.0000,100
52244159253707,14:30:44.159,12.0000,1
52251318013334,14:30:51.318,12.0000,100
52251318013334,14:30:51.318,12.0000,58
52573454335778,14:36:13.454,12.0000,58
52646761362816,14:37:26.761,12.0000,100
52646761362816,14:37:26.761,12.0000,100
52646761362816,14:37:26.761,12.0000,56
52646761365976,14:37:26.761,12.0000,44
52663442847638,14:37:43.442,12.0100,100
52951643753642,14:42:31.643,12.0300,100
52995758766267,14:43:15.758,12.0300,100
52998295902630,14:43:18.295,12.0300,100
52998295902630,14:43:18.295,12.0300,12
53030599305463,14:43:50.599,12.0300,200
53030599305463,14:43:50.599,12.0300,100
53030599305463,14:43:50.599,12.0300,100
53310166751052,14:48:30.166,12.0400,5
53331940752849,14:48:51.940,12.0500,100
53331940752849,14:48:51.940,12.0500,300
53335015544464,14:48:55.015,12.0500,100
53338739720666,14:48:58.739,12.0450,400
53338740936995,14:48:58.740,12.0400,100
53338860139297,14:48:58.860,12.0400,100
53368773006797,14:49:28.773,12.0400,100
53368773006797,14:49:28.773,12.0400,100
53368773006797,14:49:28.773,12.0400,100
53368773006797,14:49:28.773,12.0400,1
53368966573247,14:49:28.966,12.0450,200
53368969000409,14:49:28.969,12.0500,100
53368989138689,14:49:28.989,12.0500,100
53374756130434,14:49:34.756,12.0450,100
53379923485380,14:49:39.923,12.0400,200
53379952383150,14:49:39.952,12.0400,100
53379964414512,14:49:39.964,12.0300,100
53379964414512,14:49:39.964,12.0300,100
53379964414512,14:49:39.964,12.0300,100
53379989490811,14:49:39.989,12.0300,100
53379989490811,14:49:39.989,12.0300,100
53385248130196,14:49:45.248,12.0450,300
53385270222137,14:49:45.270,12.0450,100
53385283135883,14:49:45.283,12.0500,22
53385283135883,14:49:45.283,12.0500,78
53385292088391,14:49:45.292,12.0500,22
53387819609970,14:49:47.819,12.0500,100
53463266049249,14:51:03.266,12.0500,100
53538142639862,14:52:18.142,12.0400,100
53538142639862,14:52:18.142,12.0400,200
53644537021885,14:54:04.537,12.0550,400
53824386312868,14:57:04.386,12.0450,100
53824386957906,14:57:04.386,12.0450,100
53824387198724,14:57:04.387,12.0450,100
54348455568942,15:05:48.455,12.0150,100
54388812458066,15:06:28.812,12.0100,100
54578047240541,15:09:38.047,12.0100,100
54578047450085,15:09:38.047,12.0100,66
54578047462876,15:09:38.047,12.0100,86
54578047462876,15:09:38.047,12.0100,3
54578047480787,15:09:38.047,12.0100,88
54584461659639,15:09:44.461,12.0100,100
54584461713232,15:09:44.461,12.0100,9
54584461713232,15:09:44.461,12.0100,1
54584461713232,15:09:44.461,12.0100,28
54584461713232,15:09:44.461,12.0100,100
54593315930174,15:09:53.315,12.0200,50
54671166175852,15:11:11.166,12.0100,100
54825845408056,15:13:45.845,12.0050,100
54825845408056,15:13:45.845,12.0000,100
54825845408056,15:13:45.845,12.0000,100
54825845408056,15:13:45.845,12.0000,100
54825845408056,15:13:45.845,12.0000,100
54825845408056,15:13:45.845,12.0000,100
54825845408056,15:13:45.845,12.0000,100
54825845408056,15:13:45.845,12.0000,100
54825845408056,15:13:45.845,12.0000,100
54825845408056,15:13:45.845,12.0000,100
54825847499519,15:13:45.847,12.0000,100
55291515020560,15:21:31.515,12.0050,400
55587242806016,15:26:27.242,12.0050,100
55804462346624,15:30:04.462,12.0000,100
55804462346624,15:30:04.462,12.0000,100
55804462346624,15:30:04.462,12.0000,100
55804462346624,15:30:04.462,12.0000,100
55804462346624,15:30:04.462,12.0000,100
55804462346624,15:30:04.462,12.0000,100
55804487325285,15:30:04.487,12.0000,100
55804487325285,15:30:04.487,12.0000,100
55804487325285,15:30:04.487,12.0000,100
55804497217288,15:30:04.497,12.0000,100
55804580996435,15:30:04.580,12.0000,100
55804580996435,15:30:04.580,12.0000,100
55804603213975,15:30:04.603,12.0000,100
55804706527059,15:30:04.706,11.9950,100
55804706527059,15:30:04.706,11.9950,730
55855596532297,15:30:55.596,11.9850,100
55908482202891,15:31:48.482,11.9850,100
55908483026631,15:31:48.483,11.9850,52
55908483026631,15:31:48.483,11.9850,48
56006718538750,15:33:26.718,11.9850,100
56168485736093,15:36:08.485,11.9850,100
56235248365031,15:37:15.248,11.9850,100
56301256232226,15:38:21.256,11.9850,100
56404293736816,15:40:04.293,11.9850,100
56480487061108,15:41:20.487,11.9850,100
56623641127580,15:43:43.641,11.9850,100
56652250609812,15:44:12.250,11.9850,100
56948507590146,15:49:08.507,11.9850,99
57089287487096,15:51:29.287,11.9850,78
57089287487096,15:51:29.287,11.9850,22
57174541110894,15:52:54.541,11.9800,100
57174541110894,15:52:54.541,11.9800,100
57174541110894,15:52:54.541,11.9800,100
57174541110894,15:52:54.541,11.9800,100
57174541110894,15:52:54.541,11.9800,100
57174541110894,15:52:54.541,11.9800,400
57174541110894,15:52:54.541,11.9800,200
57174541110894,15:52:54.541,11.9800,100
57279078516185,15:54:39.078,11.9800,29
57284082191901,15:54:44.082,11.9850,100
57284083190924,15:54:44.083,11.9850,69
57300321799832,15:55:00.321,11.9800,71
57300321799832,15:55:00.321,11.9800,100
57300321799832,15:55:00.321,11.9800,100
57300321799832,15:55:00.321,11.9800,150
57300321799832,15:55:00.321,11.9800,79
57377963533510,15:56:17.963,11.9850,33
57378607792873,15:56:18.607,11.9850,33
57396046989470,15:56:36.046,11.9850,400
57480325499021,15:58:00.325,11.9850,23
57509489733755,15:58:29.489,11.9850,34
57529152003437,15:58:49.152,11.9850,400
57550128201250,15:59:10.128,11.9850,400
57550128201250,15:59:10.128,11.9900,100
57550128201250,15:59:10.128,11.9900,50
57550128201250,15:59:10.128,11.9900,100
57550128201250,15:59:10.128,11.9900,100
57554718008526,15:59:14.718,11.9950,100
57555072962157,15:59:15.072,11.9950,430
57563728340137,15:59:23.728,12.0050,100
57569829152914,15:59:29.829,12.0050,67
57586734599211,15:59:46.734,12.0000,173
57586734599211,15:59:46.734,12.0000,27
57586735276325,15:59:46.735,12.0000,61
57587043838290,15:59:47.043,11.9950,100
57600635190030,16:00:00.635,0.0000,0
