timestamp,time,price,volume
31121123215578,08:38:41.123,32.5300,30
32377961588182,08:59:37.961,32.5100,1158
34200823405515,09:30:00.823,0.0000,0
34212276121413,09:30:12.276,32.4400,693
34214353847463,09:30:14.353,32.4400,693
34261029369159,09:31:01.029,32.4200,100
34276643271099,09:31:16.643,32.4300,300
34306524393690,09:31:46.524,32.4200,1600
34325234655884,09:32:05.234,32.4100,700
34325396602728,09:32:05.396,32.4100,900
34326717018038,09:32:06.717,32.4000,1600
34350755752415,09:32:30.755,32.3800,5
34396587895350,09:33:16.587,32.3800,1700
34405164969634,09:33:25.164,32.3900,1700
34452805263971,09:34:12.805,32.3900,1100
34452805846597,09:34:12.805,32.3900,700
34502199711947,09:35:02.199,32.3800,130
34502201657863,09:35:02.201,32.3800,300
34536679038478,09:35:36.679,32.3800,200
34541327718295,09:35:41.327,32.3700,1088
34541328319599,09:35:41.328,32.3700,712
34541976596139,09:35:41.976,32.3700,1900
34562555826628,09:36:02.555,32.3600,200
34613230321398,09:36:53.230,32.3700,2000
34650697313646,09:37:30.697,32.3700,200
34683533403041,09:38:03.533,32.3600,100
34683590015067,09:38:03.590,32.3600,700
34734107768716,09:38:54.107,32.3700,100
34734108259408,09:38:54.108,32.3700,100
34734108322378,09:38:54.108,32.3700,100
34741331723267,09:39:01.331,32.3500,76
34773720510224,09:39:33.720,32.3400,1200
34796598162075,09:39:56.598,32.3400,300
34796598186221,09:39:56.598,32.3400,300
34796598229367,09:39:56.598,32.3400,600
34827239897631,09:40:27.239,32.3400,300
34827239897631,09:40:27.239,32.3400,300
34853792852119,09:40:53.792,32.3500,2200
34911880029431,09:41:51.880,32.3900,56
34953090997647,09:42:33.090,32.3900,1216
34960650942236,09:42:40.650,32.3900,1084
34971218580905,09:42:51.218,32.3900,363
34971228985312,09:42:51.228,32.3900,574
35050411382340,09:44:10.411,32.4200,56
35050411382340,09:44:10.411,32.4200,100
35241190563477,09:47:21.190,32.3900,56
35286866360640,09:48:06.866,32.4000,392
35286866439528,09:48:06.866,32.4000,1608
35287885684336,09:48:07.885,32.4100,2200
35295644642050,09:48:15.644,32.4200,1218
35295644647643,09:48:15.644,32.4200,1082
35330637654750,09:48:50.637,32.4300,200
35331528099723,09:48:51.528,32.4400,678
35331529255539,09:48:51.529,32.4400,322
35343273670344,09:49:03.273,32.4300,734
35343274189862,09:49:03.274,32.4300,1219
35343274198823,09:49:03.274,32.4300,347
35413625364500,09:50:13.625,32.4100,2300
35462250074894,09:51:02.250,32.4100,182
35462259126327,09:51:02.259,32.4100,139
35462259266203,09:51:02.259,32.4100,1979
35584547565739,09:53:04.547,32.4100,200
35667831527813,09:54:27.831,32.4100,100
35802657130324,09:56:42.657,32.4300,21
36067022723552,10:01:07.022,32.4700,278
36067649785146,10:01:07.649,32.4700,285
36067649803400,10:01:07.649,32.4700,1737
36067649803400,10:01:07.649,32.4700,500
36114048864220,10:01:54.048,32.4550,100
36166704403569,10:02:46.704,32.4900,1221
36166706457212,10:02:46.706,32.4900,1079
36388648784733,10:06:28.648,32.5000,184
36618060673437,10:10:18.060,32.5150,100
36697856231989,10:11:37.856,32.5000,337
36698689107285,10:11:38.689,32.5000,460
36944014784580,10:15:44.014,32.4900,2400
36966499768127,10:16:06.499,32.4800,1
37017178664856,10:16:57.178,32.4900,2400
37019555343434,10:16:59.555,32.4900,1000
37020661086891,10:17:00.661,32.4900,700
37039166974160,10:17:19.166,32.5000,100
37178028511990,10:19:38.028,32.5000,500
37575178823063,10:26:15.178,32.4300,75
37627245522944,10:27:07.245,32.4450,1400
37627263885503,10:27:07.263,32.4450,600
37687868108851,10:28:07.868,32.4500,4
37816488306337,10:30:16.488,32.4300,7
37850038144800,10:30:50.038,32.4200,2400
37850038144800,10:30:50.038,32.4200,1700
37850038144800,10:30:50.038,32.4200,2000
37850038144800,10:30:50.038,32.4200,1700
37850038144800,10:30:50.038,32.4200,170
37850038144800,10:30:50.038,32.4200,200
37850038144800,10:30:50.038,32.4200,1100
37850038923335,10:30:50.038,32.4200,2600
37850039464597,10:30:50.039,32.4200,2000
37850039464597,10:30:50.039,32.4200,2600
37850039464597,10:30:50.039,32.4200,100
37850039464597,10:30:50.039,32.4200,100
37850054519743,10:30:50.054,32.4200,100
37850054519743,10:30:50.054,32.4200,1800
37850054519743,10:30:50.054,32.4200,100
37850054519743,10:30:50.054,32.4200,2000
37871483870123,10:31:11.483,32.4300,402
37871483878204,10:31:11.483,32.4300,1219
37871483883230,10:31:11.483,32.4300,879
37875055309994,10:31:15.055,32.4300,100
37921766551143,10:32:01.766,32.4300,2500
37938036491451,10:32:18.036,32.4300,400
37938188540772,10:32:18.188,32.4300,300
37939637826837,10:32:19.637,32.4300,100
37965424600540,10:32:45.424,32.4200,100
37998387073339,10:33:18.387,32.4100,2600
38045576338573,10:34:05.576,32.4200,100
38045576405228,10:34:05.576,32.4200,400
38045994058609,10:34:05.994,32.4200,100
38046081362011,10:34:06.081,32.4200,200
38046171413651,10:34:06.171,32.4200,100
38046286378984,10:34:06.286,32.4200,100
38046286516003,10:34:06.286,32.4200,100
38046286858597,10:34:06.286,32.4200,600
38046571921908,10:34:06.571,32.4200,200
38046886455608,10:34:06.886,32.4200,200
38047662042346,10:34:07.662,32.4200,100
38105155232788,10:35:05.155,32.4300,100
38106995792156,10:35:06.995,32.4300,100
38106995954514,10:35:06.995,32.4300,100
38106996011383,10:35:06.996,32.4300,1400
38106996011383,10:35:06.996,32.4300,2600
38106996296020,10:35:06.996,32.4300,75
38106996296020,10:35:06.996,32.4300,25
38106996441483,10:35:06.996,32.4300,100
38123370348298,10:35:23.370,32.4300,274
38123370437951,10:35:23.370,32.4300,2326
38130539741338,10:35:30.539,32.4300,100
38137037173916,10:35:37.037,32.4300,100
38168256239999,10:36:08.256,32.4200,100
38170717755554,10:36:10.717,32.4200,91
38181202466736,10:36:21.202,32.4200,2609
38197067076037,10:36:37.067,32.4200,100
38197079274506,10:36:37.079,32.4200,500
38197082498814,10:36:37.082,32.4200,500
38197083593519,10:36:37.083,32.4200,1700
38216379950334,10:36:56.379,32.4200,2700
38221787799653,10:37:01.787,32.4200,100
38221796980100,10:37:01.796,32.4200,400
38221985497811,10:37:01.985,32.4200,100
38222009330261,10:37:02.009,32.4200,600
38222009494535,10:37:02.009,32.4200,500
38222010113669,10:37:02.010,32.4200,1000
38232557871192,10:37:12.557,32.4200,2700
38256034913800,10:37:36.034,32.4400,4
38288449672057,10:38:08.449,32.4600,2800
38435774600558,10:40:35.774,32.4300,600
38450810732083,10:40:50.810,32.4400,2800
38466538050643,10:41:06.538,32.4400,1220
38469208449693,10:41:09.208,32.4400,1580
38493382441444,10:41:33.382,32.4400,2800
38601263179256,10:43:21.263,32.4400,56
38646148956565,10:44:06.148,32.4300,500
38657474489062,10:44:17.474,32.4200,2700
38673665205084,10:44:33.665,32.4200,152
38673690879177,10:44:33.690,32.4200,2648
38713474550570,10:45:13.474,32.4100,873
38713474613113,10:45:13.474,32.4100,1219
38713474613744,10:45:13.474,32.4100,708
39015277936358,10:50:15.277,32.4400,77
39191268694851,10:53:11.268,32.4700,2500
39197403465655,10:53:17.403,32.4700,100
39200188990470,10:53:20.188,32.4700,2500
39318307550441,10:55:18.307,32.4500,2600
39337001047424,10:55:37.001,32.4400,2600
39354778269739,10:55:54.778,32.4400,100
39354779018954,10:55:54.779,32.4400,2600
39498361126864,10:58:18.361,32.4600,100
39632316719543,11:00:32.316,32.4500,2600
39662804696822,11:01:02.804,32.4500,8
39662914580727,11:01:02.914,32.4400,2000
39662914580727,11:01:02.914,32.4400,2600
39663310201071,11:01:03.310,32.4300,2700
39663471916536,11:01:03.471,32.4100,85
39674319194940,11:01:14.319,32.4200,267
39674319380494,11:01:14.319,32.4200,1219
39674319433622,11:01:14.319,32.4200,1114
39680186481771,11:01:20.186,32.4200,300
39794918007508,11:03:14.918,32.4000,300
39794918007508,11:03:14.918,32.4000,2600
39838495176595,11:03:58.495,32.4000,300
39868915815685,11:04:28.915,32.4000,259
39868923832685,11:04:28.923,32.4000,1219
39868923840851,11:04:28.923,32.4000,1122
39884531472885,11:04:44.531,32.4000,800
40245986601469,11:10:45.986,32.4100,2500
40290698621961,11:11:30.698,32.4200,2500
40552798464171,11:15:52.798,32.4000,100
40645730609441,11:17:25.730,32.3900,11
41006895618731,11:23:26.895,32.4100,700
41330662859396,11:28:50.662,32.4200,200
41457902508079,11:30:57.902,32.4300,2500
41457902508079,11:30:57.902,32.4300,15
41794441489918,11:36:34.441,32.4300,700
41794442119839,11:36:34.442,32.4300,700
41794442771618,11:36:34.442,32.4300,1200
41805462097451,11:36:45.462,32.4300,2600
42006568650868,11:40:06.568,32.4200,2500
42039240502172,11:40:39.240,32.4200,100
42108395799550,11:41:48.395,32.4100,100
42330596931618,11:45:30.596,32.3700,500
42614265615621,11:50:14.265,32.3900,1800
42620354487424,11:50:20.354,32.3900,2500
42818795918718,11:53:38.795,32.3800,400
42818797283783,11:53:38.797,32.3800,200
42818797283783,11:53:38.797,32.3800,100
43028645944837,11:57:08.645,32.3700,300
43140626818011,11:59:00.626,32.3600,100
43140626818011,11:59:00.626,32.3600,100
43228528990313,12:00:28.528,32.3500,2600
43356662862850,12:02:36.662,32.3400,2200
43418495483571,12:03:38.495,32.3400,2600
43718480092264,12:08:38.480,32.3400,100
43720406967004,12:08:40.406,32.3400,2500
44186752290875,12:16:26.752,32.3000,200
44186752290875,12:16:26.752,32.3000,84
44186752306552,12:16:26.752,32.3000,16
44186752306552,12:16:26.752,32.3000,100
44186752306552,12:16:26.752,32.3000,2
44225827318208,12:17:05.827,32.2900,100
44280103776917,12:18:00.103,32.2800,20
44400627298211,12:20:00.627,32.2700,1742
44400627334124,12:20:00.627,32.2700,758
44444128798846,12:20:44.128,32.2500,100
44520926242986,12:22:00.926,32.2400,100
44520926242986,12:22:00.926,32.2400,100
44532473288747,12:22:12.473,32.2300,200
44532473288747,12:22:12.473,32.2300,100
44541151629778,12:22:21.151,32.2200,100
44541940374131,12:22:21.940,32.2200,200
44569405585263,12:22:49.405,32.2300,100
44706697554111,12:25:06.697,32.2500,1216
44706697562440,12:25:06.697,32.2500,1184
45012076030366,12:30:12.076,32.2500,480
45012076037485,12:30:12.076,32.2500,300
45012076037485,12:30:12.076,32.2500,400
45126719216443,12:32:06.719,32.2600,100
45146546225373,12:32:26.546,32.2700,100
45215714809189,12:33:35.714,32.2650,200
45215714809189,12:33:35.714,32.2700,2400
45215714809189,12:33:35.714,32.2700,2000
45215714809189,12:33:35.714,32.2700,800
45215714809189,12:33:35.714,32.2700,200
45215714809189,12:33:35.714,32.2700,700
45247275072910,12:34:07.275,32.2700,300
45247275072910,12:34:07.275,32.2700,100
45318138209726,12:35:18.138,32.2800,100
45360869654386,12:36:00.869,32.2800,200
45360869654386,12:36:00.869,32.2800,100
45375551840009,12:36:15.551,32.2900,200
45377512891730,12:36:17.512,32.2900,300
45377512902864,12:36:17.512,32.2900,2100
45428025905229,12:37:08.025,32.2800,92
45428026073159,12:37:08.026,32.2800,8
45428026073159,12:37:08.026,32.2800,100
45428026073159,12:37:08.026,32.2800,92
45428026115892,12:37:08.026,32.2800,195
45428026152269,12:37:08.026,32.2800,13
45428026152269,12:37:08.026,32.2800,100
45680450505176,12:41:20.450,32.2700,2400
45696762421339,12:41:36.762,32.2700,200
45724487248636,12:42:04.487,32.2700,100
45724938426956,12:42:04.938,32.2700,100
45844104470172,12:44:04.104,32.2800,100
45844146240434,12:44:04.146,32.2800,100
45967674648077,12:46:07.674,32.2800,100
46007289148259,12:46:47.289,32.2900,100
46380852709918,12:53:00.852,32.2600,300
46453993343196,12:54:13.993,32.2600,100
46491081692993,12:54:51.081,32.2600,100
46499764207779,12:54:59.764,32.2600,100
46534387733149,12:55:34.387,32.2700,100
46621406871134,12:57:01.406,32.2600,200
46811995309117,13:00:11.995,32.2600,100
47107132501949,13:05:07.132,32.2500,100
47116654219059,13:05:16.654,32.2400,100
47358489893138,13:09:18.489,32.2400,100
47358489893138,13:09:18.489,32.2400,100
47475881612039,13:11:15.881,32.2400,100
47561277036214,13:12:41.277,32.2400,100
47591222746486,13:13:11.222,32.2500,100
47614471686917,13:13:34.471,32.2500,100
47614471739932,13:13:34.471,32.2500,100
47748344367966,13:15:48.344,32.2500,200
47768836955291,13:16:08.836,32.2500,100
47854300043968,13:17:34.300,32.2500,100
47909134170762,13:18:29.134,32.2500,3
47932934062688,13:18:52.934,32.2600,100
48081335431055,13:21:21.335,32.2700,100
48594742021040,13:29:54.742,32.2700,100
48626520775223,13:30:26.520,32.2700,6
49153535782710,13:39:13.535,32.2700,200
49305782565025,13:41:45.782,32.2700,100
49371778405216,13:42:51.778,32.2800,100
49519926465470,13:45:19.926,32.3000,6
49680355146921,13:48:00.355,32.2900,111
49680355263684,13:48:00.355,32.2900,89
49702233685718,13:48:22.233,32.2900,89
50009602184285,13:53:29.602,32.2800,200
50402687766412,14:00:02.687,32.2900,300
50402687766412,14:00:02.687,32.2900,800
50402688917659,14:00:02.688,32.2900,500
50402689491714,14:00:02.689,32.2900,300
50402689491714,14:00:02.689,32.2900,500
50402689746811,14:00:02.689,32.2900,100
50402690303360,14:00:02.690,32.2900,200
50402690303360,14:00:02.690,32.2900,100
50402698246061,14:00:02.698,32.2900,100
50402698246061,14:00:02.698,32.2900,100
50402698938389,14:00:02.698,32.2900,55
50402699496903,14:00:02.699,32.2900,1300
50402699584597,14:00:02.699,32.2900,345
50402701683267,14:00:02.701,32.2900,400
50402701683267,14:00:02.701,32.2800,400
50402703095735,14:00:02.703,32.2800,900
50402703095735,14:00:02.703,32.2800,300
50402717832952,14:00:02.717,32.3000,100
50402723322498,14:00:02.723,32.3100,2500
50402724270969,14:00:02.724,32.3100,557
50402730588183,14:00:02.730,32.3100,300
50402734133161,14:00:02.734,32.3000,100
50402734133161,14:00:02.734,32.3000,100
50402744805954,14:00:02.744,32.3000,100
50402744805954,14:00:02.744,32.3000,100
50402744805954,14:00:02.744,32.3000,100
50402747961220,14:00:02.747,32.3100,155
50402748243039,14:00:02.748,32.3100,145
50402748689098,14:00:02.748,32.3000,100
50402806766975,14:00:02.806,32.2900,100
50402814219696,14:00:02.814,32.3000,1100
50402828107624,14:00:02.828,32.2900,300
50402828159953,14:00:02.828,32.2900,1300
50402829294731,14:00:02.829,32.2900,100
50402964733531,14:00:02.964,32.2900,900
50403124877444,14:00:03.124,32.3000,700
50403124877444,14:00:03.124,32.3000,471
50403124880045,14:00:03.124,32.3000,229
50403124880045,14:00:03.124,32.3000,100
50403124880045,14:00:03.124,32.3000,200
50403130338049,14:00:03.130,32.2900,200
50403199005575,14:00:03.199,32.2800,100
50403613388529,14:00:03.613,32.2800,200
50403613388529,14:00:03.613,32.2800,600
50403917246786,14:00:03.917,32.2900,675
50403919379496,14:00:03.919,32.2900,125
50405093553676,14:00:05.093,32.2900,166
50405093592273,14:00:05.093,32.2900,434
50405722689889,14:00:05.722,32.2700,200
50405722689889,14:00:05.722,32.2700,600
50406725681746,14:00:06.725,32.2600,100
50406725712947,14:00:06.725,32.2600,100
50406815816514,14:00:06.815,32.2600,279
50408593611434,14:00:08.593,32.2100,1
50408593611434,14:00:08.593,32.2100,499
50408594255922,14:00:08.594,32.2100,500
50408594644189,14:00:08.594,32.2100,105
50408594648083,14:00:08.594,32.2100,500
50408594677272,14:00:08.594,32.2100,100
50408594717220,14:00:08.594,32.2100,100
50408595037239,14:00:08.595,32.2100,400
50408595115409,14:00:08.595,32.2100,196
50408599146680,14:00:08.599,32.2100,544
50408599608459,14:00:08.599,32.2100,156
50408599608459,14:00:08.599,32.2100,400
50408599608459,14:00:08.599,32.2100,300
50408599608459,14:00:08.599,32.2100,100
50408599671548,14:00:08.599,32.2100,304
50408599974090,14:00:08.599,32.2100,96
50408599974090,14:00:08.599,32.2100,4
50408600238639,14:00:08.600,32.2100,96
50408600238639,14:00:08.600,32.2100,304
50408600278329,14:00:08.600,32.2100,100
50408600310741,14:00:08.600,32.2100,100
50408600483217,14:00:08.600,32.2100,100
50408600601725,14:00:08.600,32.2100,100
50408600685839,14:00:08.600,32.2100,100
50408620074123,14:00:08.620,32.2100,200
50408620074123,14:00:08.620,32.2100,100
50408621228816,14:00:08.621,32.2100,700
50408621228816,14:00:08.621,32.2100,100
50408621228816,14:00:08.621,32.2100,1000
50408621228816,14:00:08.621,32.2100,1000
50408621228816,14:00:08.621,32.2100,200
50408621228816,14:00:08.621,32.2100,300
50408621228816,14:00:08.621,32.2100,200
50408621421251,14:00:08.621,32.2100,300
50408856352834,14:00:08.856,32.2100,300
50408856352834,14:00:08.856,32.2100,200
50408990838959,14:00:08.990,32.2000,2
50408990838959,14:00:08.990,32.2000,100
50408990838959,14:00:08.990,32.2000,10
50408991606658,14:00:08.991,32.2000,200
50409001161768,14:00:09.001,32.1900,200
50409001446585,14:00:09.001,32.1900,200
50409003302237,14:00:09.003,32.1900,500
50409196874090,14:00:09.196,32.1900,200
50410575122738,14:00:10.575,32.1700,300
50410862824338,14:00:10.862,32.1700,100
50410862860003,14:00:10.862,32.1700,200
50410862988053,14:00:10.862,32.1700,100
50412950286706,14:00:12.950,32.1700,145
50412951637683,14:00:12.951,32.1700,700
50412963406787,14:00:12.963,32.1700,399
50414236814008,14:00:14.236,32.1400,200
50415127271330,14:00:15.127,32.1400,100
50415138275862,14:00:15.138,32.1500,221
50416819753651,14:00:16.819,32.1600,1800
50416824847211,14:00:16.824,32.1600,400
50417589247854,14:00:17.589,32.1600,100
50417589247854,14:00:17.589,32.1600,100
50419087449454,14:00:19.087,32.1600,270
50419087489797,14:00:19.087,32.1600,30
50419265361568,14:00:19.265,32.1600,270
50419265361568,14:00:19.265,32.1600,200
50419265361568,14:00:19.265,32.1600,30
50423176700608,14:00:23.176,32.1600,100
50423241896385,14:00:23.241,32.1600,100
50423320945388,14:00:23.320,32.1800,2000
50423320945388,14:00:23.320,32.1800,100
50423327095973,14:00:23.327,32.1900,100
50423353418424,14:00:23.353,32.1800,100
50423354998167,14:00:23.354,32.1700,1300
50423354998167,14:00:23.354,32.1700,100
50423354998167,14:00:23.354,32.1700,100
50423354998167,14:00:23.354,32.1700,100
50423354998167,14:00:23.354,32.1700,100
50423354998167,14:00:23.354,32.1700,100
50423354998167,14:00:23.354,32.1700,100
50423356636964,14:00:23.356,32.1800,100
50423378709711,14:00:23.378,32.1800,100
50423378709711,14:00:23.378,32.1800,100
50423378709711,14:00:23.378,32.1800,39
50423385553944,14:00:23.385,32.1800,61
50423715741308,14:00:23.715,32.1800,100
50423857843775,14:00:23.857,32.1800,100
50423857965665,14:00:23.857,32.1800,100
50424380008324,14:00:24.380,32.1900,100
50424380589378,14:00:24.380,32.1900,100
50424380589378,14:00:24.380,32.1900,400
50424380851266,14:00:24.380,32.1900,500
50424380983708,14:00:24.380,32.1900,500
50424381102833,14:00:24.381,32.1900,100
50425968871339,14:00:25.968,32.1800,200
50426309771031,14:00:26.309,32.1800,300
50457628589631,14:00:57.628,32.1800,1100
50471391304395,14:01:11.391,32.2000,800
50471953735048,14:01:11.953,32.1900,1900
50471953735048,14:01:11.953,32.1900,1200
50471960069758,14:01:11.960,32.1800,100
50472015076542,14:01:12.015,32.1700,100
50472015076542,14:01:12.015,32.1700,100
50472015076542,14:01:12.015,32.1700,100
50474888411041,14:01:14.888,32.1700,100
50475615169504,14:01:15.615,32.1700,200
50504696220358,14:01:44.696,32.1600,250
50513919443950,14:01:53.919,32.1600,250
50538140746800,14:02:18.140,32.2100,100
50538235516351,14:02:18.235,32.2100,1
50538314118878,14:02:18.314,32.2100,100
50538781262532,14:02:18.781,32.2100,100
50559870005039,14:02:39.870,32.2000,250
50573701680890,14:02:53.701,32.1800,46
50575114169828,14:02:55.114,32.1800,54
50575714105048,14:02:55.714,32.1800,1100
50575714105048,14:02:55.714,32.1800,100
50576397834082,14:02:56.397,32.1800,100
50576417130918,14:02:56.417,32.1700,100
50646520072195,14:04:06.520,32.1200,400
50657593151007,14:04:17.593,32.1100,500
50658497486840,14:04:18.497,32.1100,100
50658497486840,14:04:18.497,32.1100,250
50666540805379,14:04:26.540,32.1000,1215
50666540854806,14:04:26.540,32.1000,650
50666541090556,14:04:26.541,32.1000,635
50703233598045,14:05:03.233,32.0800,500
50703233598045,14:05:03.233,32.0800,100
51046115938030,14:10:46.115,32.1200,100
51081092185782,14:11:21.092,32.0900,1500
51109381551550,14:11:49.381,32.0800,1700
51239167140064,14:13:59.167,32.0500,375
51239167140064,14:13:59.167,32.0500,25
51240457014327,14:14:00.457,32.0500,75
51274515680943,14:14:34.515,32.0300,965
51274515865639,14:14:34.515,32.0300,261
51274515875567,14:14:34.515,32.0300,474
51275819428828,14:14:35.819,32.0300,300
51300179331364,14:15:00.179,32.0400,41
51300179475835,14:15:00.179,32.0400,492
51300179696156,14:15:00.179,32.0400,1167
51300196900842,14:15:00.196,32.0500,1600
51300196900842,14:15:00.196,32.0500,100
51300196900842,14:15:00.196,32.0500,900
51304605604192,14:15:04.605,32.0550,500
51304605604192,14:15:04.605,32.0500,900
51305790722695,14:15:05.790,32.0400,223
51305790801603,14:15:05.790,32.0400,1477
51305790801603,14:15:05.790,32.0400,400
51306521484888,14:15:06.521,32.0400,390
51306521601472,14:15:06.521,32.0400,610
51307230741683,14:15:07.230,32.0500,100
51308591926322,14:15:08.591,32.0500,200
51308593794490,14:15:08.593,32.0500,300
51308594017857,14:15:08.594,32.0500,1100
51308594017857,14:15:08.594,32.0500,16
51308594396561,14:15:08.594,32.0500,884
51400194862253,14:16:40.194,32.0400,200
51400209288368,14:16:40.209,32.0300,1100
51429657577879,14:17:09.657,32.0200,163
51429659907681,14:17:09.659,32.0200,91
51429662303359,14:17:09.662,32.0200,900
51474354994144,14:17:54.354,32.0500,1414
51474355361292,14:17:54.355,32.0500,286
51548855177009,14:19:08.855,32.0300,100
51618332151098,14:20:18.332,32.0200,186
51618332158242,14:20:18.332,32.0200,223
51618332187158,14:20:18.332,32.0200,448
51618332204672,14:20:18.332,32.0200,190
51618332260696,14:20:18.332,32.0200,753
51635664293207,14:20:35.664,32.0400,32
51635664337458,14:20:35.664,32.0400,1219
51654005865256,14:20:54.005,32.0200,745
51654005866370,14:20:54.005,32.0200,1155
51654005866370,14:20:54.005,32.0200,64
51661239460856,14:21:01.239,32.0100,55
51661239997433,14:21:01.239,32.0100,45
51677012081176,14:21:17.012,32.0000,100
51677350298337,14:21:17.350,32.0000,50
51695716173161,14:21:35.716,32.0000,150
51695716173161,14:21:35.716,32.0000,1000
51695716173161,14:21:35.716,32.0000,10
51722498607562,14:22:02.498,31.9900,1700
51759082882529,14:22:39.082,31.9800,900
51759082882529,14:22:39.082,31.9800,900
51782451438914,14:23:02.451,31.9900,178
51803803273355,14:23:23.803,31.9800,1700
51806974927185,14:23:26.974,31.9800,1700
51806974927185,14:23:26.974,31.9800,823
51806974928668,14:23:26.974,31.9800,77
51900341729085,14:25:00.341,32.0000,35
52064919036959,14:27:44.919,32.0300,802
52224673870274,14:30:24.673,32.0200,6
52314858012182,14:31:54.858,32.0400,1
52506328758981,14:35:06.328,31.9800,1365
52506329341221,14:35:06.329,31.9800,435
52517784833978,14:35:17.784,31.9800,500
52517784833978,14:35:17.784,31.9800,248
52517784842859,14:35:17.784,31.9800,1219
52517784900170,14:35:17.784,31.9800,319
52517785425778,14:35:17.785,31.9800,114
52565541931672,14:36:05.541,32.0300,500
52565541966301,14:36:05.541,32.0300,1400
52579092888700,14:36:19.092,32.0300,800
52579108262504,14:36:19.108,32.0200,1883
52579108278467,14:36:19.108,32.0200,17
52579108278467,14:36:19.108,32.0200,475
52579109619097,14:36:19.109,32.0200,55
52579114885758,14:36:19.114,32.0200,100
52579116782498,14:36:19.116,32.0200,100
52579117049996,14:36:19.117,32.0200,100
52579117839408,14:36:19.117,32.0200,100
52579318791849,14:36:19.318,32.0200,700
52611016614211,14:36:51.016,32.0100,2200
52728231752574,14:38:48.231,31.9700,100
52728233103569,14:38:48.233,31.9700,100
52735454679243,14:38:55.454,31.9800,100
52915082942452,14:41:55.082,32.0000,100
52915087350714,14:41:55.087,32.0000,100
52981063308957,14:43:01.063,32.0000,300
53188820058989,14:46:28.820,31.9700,1076
53188820129694,14:46:28.820,31.9700,13
53188820135377,14:46:28.820,31.9700,800
53215834305919,14:46:55.834,31.9500,50
53244226898547,14:47:24.226,31.9300,842
53244227272459,14:47:24.227,31.9300,382
53522932846755,14:52:02.932,31.9400,90
53522932871993,14:52:02.932,31.9400,110
53542004529545,14:52:22.004,31.9100,20
53542004529545,14:52:22.004,31.9100,100
53556019796335,14:52:36.019,31.9000,50
53556022996990,14:52:36.022,31.9000,1
53565559320285,14:52:45.559,31.9000,200
53630284140201,14:53:50.284,31.8700,50
53660179918010,14:54:20.179,31.8800,1809
53721285521489,14:55:21.285,31.8800,500
53721930665556,14:55:21.930,31.8800,500
53771419737811,14:56:11.419,31.8900,500
53773128606284,14:56:13.128,31.8900,500
53789709331624,14:56:29.709,31.8800,1800
53789709650827,14:56:29.709,31.8800,200
53789709650827,14:56:29.709,31.8800,517
53789710461439,14:56:29.710,31.8800,1483
53804578088247,14:56:44.578,31.8700,2000
53804586669096,14:56:44.586,31.8600,2000
53804586669096,14:56:44.586,31.8600,500
53843781226707,14:57:23.781,31.8700,100
53843781299973,14:57:23.781,31.8700,100
53855199829377,14:57:35.199,31.8700,100
53862879139540,14:57:42.879,31.8650,2000
53862882383930,14:57:42.882,31.8650,2000
53862893665212,14:57:42.893,31.8650,300
53901904862141,14:58:21.904,31.8600,1216
53910092067735,14:58:30.092,31.8600,100
54158862508445,15:02:38.862,31.8700,100
54306460023453,15:05:06.460,31.9100,1834
54352702936983,15:05:52.702,31.9300,213
54440919182118,15:07:20.919,31.9400,100
54664594788429,15:11:04.594,31.9900,60
54664688363968,15:11:04.688,31.9900,1264
54979957623774,15:16:19.957,31.9500,1500
55072774750536,15:17:52.774,31.9700,200
55190883553414,15:19:50.883,31.9600,100
55203660442276,15:20:03.660,31.9500,1000
55236636264031,15:20:36.636,31.9400,400
55310808476906,15:21:50.808,31.9500,1000
55382980527723,15:23:02.980,31.9700,400
55460442884846,15:24:20.442,31.9600,300
55536097483009,15:25:36.097,31.9800,500
55578757277064,15:26:18.757,31.9700,66
55673109997340,15:27:53.109,31.9600,100
55673126782600,15:27:53.126,31.9500,300
55673128388756,15:27:53.128,31.9500,2000
55673128388756,15:27:53.128,31.9500,900
55673128388756,15:27:53.128,31.9500,100
56480470117061,15:41:20.470,32.0100,800
56480471327062,15:41:20.471,32.0100,400
56480471327062,15:41:20.471,32.0100,400
56480480390799,15:41:20.480,32.0100,419
56480481529683,15:41:20.481,32.0100,100
56487685525074,15:41:27.685,32.0200,1000
56561508815560,15:42:41.508,32.0100,100
56626028030734,15:43:46.028,32.0000,100
56730814190954,15:45:30.814,31.9900,500
57028769527772,15:50:28.769,31.9800,375
57128366318774,15:52:08.366,31.9800,82
57300020348234,15:55:00.020,32.0100,425
57300071180209,15:55:00.071,32.0000,1200
57300071233513,15:55:00.071,32.0000,203
57300071239381,15:55:00.071,32.0000,1497
57300105618679,15:55:00.105,31.9900,100
57300257646316,15:55:00.257,31.9800,1718
57300946780849,15:55:00.946,31.9750,100
57310139745315,15:55:10.139,31.9700,201
57310141714430,15:55:10.141,31.9700,700
57310506050475,15:55:10.506,31.9700,281
57310506096440,15:55:10.506,31.9700,100
57310506320667,15:55:10.506,31.9700,1719
57314074202640,15:55:14.074,31.9700,199
57314074202640,15:55:14.074,31.9700,200
57314074202640,15:55:14.074,31.9700,819
57314074256031,15:55:14.074,31.9700,81
57314333566206,15:55:14.333,31.9700,1200
57430952419846,15:57:10.952,31.9550,200
57430953242659,15:57:10.953,31.9550,200
57454857198876,15:57:34.857,31.9600,500
57467947170541,15:57:47.947,31.9600,399
57480079262193,15:58:00.079,31.9700,100
57480101453291,15:58:00.101,31.9700,700
57523886397976,15:58:43.886,31.9600,68
57524842909350,15:58:44.842,31.9600,832
57524842909350,15:58:44.842,31.9600,900
57526126793731,15:58:46.126,31.9500,100
57526127809609,15:58:46.127,31.9500,100
57529267851532,15:58:49.267,31.9600,430
57529267895495,15:58:49.267,31.9600,770
57550656848793,15:59:10.656,31.9500,500
57552321805739,15:59:12.321,31.9500,28
57552321857423,15:59:12.321,31.9500,872
57552321857423,15:59:12.321,31.9500,347
57552321863834,15:59:12.321,31.9500,553
57557175784320,15:59:17.175,31.9500,5
57585232332800,15:59:45.232,31.9650,600
57590895786652,15:59:50.895,31.9600,36
57591998854187,15:59:51.998,31.9650,100
57592815167322,15:59:52.815,31.9700,200
57593687639732,15:59:53.687,31.9700,100
57598042792266,15:59:58.042,31.9500,1500
57599199568233,15:59:59.199,31.9500,1177
57599672315005,15:59:59.672,31.9500,2000
57600548978655,16:00:00.548,0.0000,0
57907379502272,16:05:07.379,32.0100,2600
61764994470186,17:09:24.994,31.8600,300
62329784394015,17:18:49.784,31.8100,125
