timestamp,time,price,volume
34200248313118,09:30:00.248,11.0000,3717
34213622630108,09:30:13.622,10.9500,34
34213622654486,09:30:13.622,10.9500,200
34381133769903,09:33:01.133,11.0000,500
34381133783119,09:33:01.133,11.0000,1117
34381133783611,09:33:01.133,11.0000,500
34381133808764,09:33:01.133,11.0000,730
34381133808764,09:33:01.133,11.0000,991
34381144968342,09:33:01.144,11.0600,300
34381185238266,09:33:01.185,11.1100,100
34607248124396,09:36:47.248,11.0300,100
34627898076877,09:37:07.898,11.0400,100
34627898209344,09:37:07.898,11.0400,10
34627898261510,09:37:07.898,11.0400,90
34627898262976,09:37:07.898,11.0400,100
34627898709493,09:37:07.898,11.0400,14
34671139794961,09:37:51.139,11.0900,100
34969675239810,09:42:49.675,10.9600,100
34969675468450,09:42:49.675,10.9600,11
35472147392857,09:51:12.147,10.8900,25
35472147392857,09:51:12.147,10.9100,25
35472147392857,09:51:12.147,10.9200,50
35472147458092,09:51:12.147,10.9200,17
35472147465402,09:51:12.147,10.9200,33
35472147637893,09:51:12.147,10.8900,100
35484338818743,09:51:24.338,10.9800,100
35559884614075,09:52:39.884,10.9900,100
35559885081488,09:52:39.885,10.9700,5
35559885081488,09:52:39.885,10.9600,2
35559885142523,09:52:39.885,10.9600,29
35559885145117,09:52:39.885,10.9600,69
35559885145117,09:52:39.885,10.9600,31
35559885167589,09:52:39.885,10.9600,69
35559947017136,09:52:39.947,10.9900,100
35998553575073,09:59:58.553,10.9800,95
35998553575073,09:59:58.553,10.9900,5
36154175716273,10:02:34.175,10.9900,95
36309929578084,10:05:09.929,10.9900,100
36309929628320,10:05:09.929,10.9800,28
36309929653622,10:05:09.929,10.9800,39
36309929694274,10:05:09.929,10.9800,18
36309929852770,10:05:09.929,10.9800,15
36309930054341,10:05:09.930,10.9600,50
36309930089252,10:05:09.930,10.9600,17
36309930136427,10:05:09.930,10.9600,12
36542411372588,10:09:02.411,10.9900,100
36819240906810,10:13:39.240,11.0800,100
36827595033862,10:13:47.595,11.0900,100
36918139399450,10:15:18.139,11.1000,100
37072247517561,10:17:52.247,11.0600,100
37192661314867,10:19:52.661,11.0400,100
37219720180503,10:20:19.720,11.0650,100
37268473609690,10:21:08.473,11.0800,100
37268473609690,10:21:08.473,11.0800,100
37517627531909,10:25:17.627,11.0000,173
37517627556445,10:25:17.627,11.0000,27
37517627561656,10:25:17.627,11.0000,100
37517627564947,10:25:17.627,11.0000,100
37517627582918,10:25:17.627,11.0000,27
37517627622166,10:25:17.627,11.0000,173
37517627703620,10:25:17.627,11.0000,173
37517627757448,10:25:17.627,11.0000,27
37517654071966,10:25:17.654,10.9900,30
37517655717349,10:25:17.655,10.9800,100
37517655741270,10:25:17.655,10.9800,50
37517656131561,10:25:17.656,10.9800,100
37552174493833,10:25:52.174,10.9900,100
37561738423376,10:26:01.738,10.9900,12
37561738448735,10:26:01.738,10.9900,88
37680246135827,10:28:00.246,10.9600,8
37923242474281,10:32:03.242,10.9900,28
37951701180639,10:32:31.701,10.9900,72
38182940729032,10:36:22.940,10.9600,100
38232423676867,10:37:12.423,10.9800,54
38370534054024,10:39:30.534,10.9800,100
38555169963501,10:42:35.169,10.9900,100
38684252410387,10:44:44.252,11.0400,3
38892307897607,10:48:12.307,11.0100,100
38893732948293,10:48:13.732,11.0000,100
38893732948293,10:48:13.732,11.0000,100
39099427685103,10:51:39.427,11.0200,100
39103235500470,10:51:43.235,11.0200,100
39334159136033,10:55:34.159,11.0700,100
39598599270412,10:59:58.599,11.1100,100
39600279328455,11:00:00.279,11.1400,12
39604419655891,11:00:04.419,11.1000,100
39604420541415,11:00:04.420,11.0700,50
39604421071749,11:00:04.421,11.0700,50
39734210022010,11:02:14.210,11.0600,100
39734210636466,11:02:14.210,11.0500,100
39854945805129,11:04:14.945,11.0700,27
40073020641142,11:07:53.020,11.0400,51
40073031364669,11:07:53.031,11.0400,13
40169162322345,11:09:29.162,11.0200,100
40169162322345,11:09:29.162,11.0200,100
40169162664398,11:09:29.162,11.0100,36
40169162697874,11:09:29.162,11.0100,64
40169162697874,11:09:29.162,11.0100,7
40169162700129,11:09:29.162,11.0100,93
40169162700129,11:09:29.162,11.0100,7
40169162742282,11:09:29.162,11.0100,13
40169162899322,11:09:29.162,11.0100,15
40169162913557,11:09:29.162,11.0100,57
40169162919112,11:09:29.162,11.0100,8
40320324315422,11:12:00.324,11.0200,8
40320402576776,11:12:00.402,11.0700,100
40320402611970,11:12:00.402,11.0700,100
40320408456715,11:12:00.408,11.0800,100
40355436740598,11:12:35.436,11.0300,20
40355437474393,11:12:35.437,11.0300,100
40355438643138,11:12:35.438,11.0300,100
40355438804091,11:12:35.438,11.0300,100
40360308476325,11:12:40.308,11.0200,100
40464264982446,11:14:24.264,11.0300,93
40464265206066,11:14:24.265,11.0300,7
40464265206066,11:14:24.265,11.0300,73
40464265206066,11:14:24.265,11.0300,20
40464265208682,11:14:24.265,11.0300,80
41165674414061,11:26:05.674,11.0200,100
41165684462599,11:26:05.684,11.0200,70
41165684462599,11:26:05.684,11.0200,100
41165691222869,11:26:05.691,11.0400,30
41400946423953,11:30:00.946,11.0000,100
41429122474944,11:30:29.122,11.0100,100
41463986446952,11:31:03.986,11.0400,3
41463986446952,11:31:03.986,11.0500,4
41792358445467,11:36:32.358,11.0400,25
41810088278916,11:36:50.088,11.0400,70
41810088278916,11:36:50.088,11.0500,30
41888018200454,11:38:08.018,11.0500,33
41888024613127,11:38:08.024,11.0500,5
42137177704373,11:42:17.177,11.0600,90
42137177704373,11:42:17.177,11.0700,10
42259729177302,11:44:19.729,11.0200,5
42259729177302,11:44:19.729,11.0200,100
42259729547440,11:44:19.729,11.0100,5
42361931740039,11:46:01.931,11.0400,100
42802532994657,11:53:22.532,11.0500,4
42802532994657,11:53:22.532,11.0500,4
42802532994657,11:53:22.532,11.0600,4
42802532994657,11:53:22.532,11.0700,88
43054012633011,11:57:34.012,11.0300,37
43075257769325,11:57:55.257,11.0400,100
43075257769325,11:57:55.257,11.0400,100
43356730442234,12:02:36.730,11.0500,5
43356730442234,12:02:36.730,11.0500,100
43356731051534,12:02:36.731,11.0600,3
43435848813815,12:03:55.848,11.0500,100
43435848942654,12:03:55.848,11.0400,100
43435852327541,12:03:55.852,11.0200,6
43630271247153,12:07:10.271,11.0600,91
44701377200859,12:25:01.377,11.0800,26
44789427913724,12:26:29.427,11.0800,100
44789428000922,12:26:29.428,11.0500,30
44789428000922,12:26:29.428,11.0500,70
44789428119083,12:26:29.428,11.0800,19
44790555979824,12:26:30.555,11.0700,100
44790555979824,12:26:30.555,11.0700,37
44790555979824,12:26:30.555,11.0700,63
44790556074566,12:26:30.556,11.0700,37
44791031100246,12:26:31.031,11.0700,10
44791031100852,12:26:31.031,11.0700,19
44791036646311,12:26:31.036,11.1000,100
45214465863359,12:33:34.465,11.0800,41
45214466091457,12:33:34.466,11.0800,59
45214466095224,12:33:34.466,11.0800,4
45214466099788,12:33:34.466,11.0800,59
45214466120312,12:33:34.466,11.0800,37
45214467280961,12:33:34.467,11.0700,2
45214467330825,12:33:34.467,11.0700,1
45214467415218,12:33:34.467,11.0700,1
45214478411141,12:33:34.478,11.0800,100
45329124089537,12:35:29.124,11.0700,96
45448409010661,12:37:28.409,11.0400,8
45574322618627,12:39:34.322,11.0300,22
45665022378033,12:41:05.022,11.0400,4
45665022460534,12:41:05.022,11.0400,96
45665022460534,12:41:05.022,11.0400,100
45665022580439,12:41:05.022,11.0500,23
45665022783031,12:41:05.022,11.0500,51
45665022784317,12:41:05.022,11.0500,26
45665022784317,12:41:05.022,11.0500,8
45665022789323,12:41:05.022,11.0500,92
45986167424990,12:46:26.167,11.0600,3
45986167449663,12:46:26.167,11.0600,2
45997400967501,12:46:37.400,11.0500,100
45997400967501,12:46:37.400,11.0500,100
45997451233386,12:46:37.451,11.0500,100
46205415895432,12:50:05.415,11.0400,100
46205415895432,12:50:05.415,11.0400,100
46205415895432,12:50:05.415,11.0400,100
46205415895432,12:50:05.415,11.0400,100
46485309909603,12:54:45.309,11.0400,1
46485309936851,12:54:45.309,11.0400,2
46485309936851,12:54:45.309,11.0400,100
46485309936851,12:54:45.309,11.0400,100
46485309936851,12:54:45.309,11.0400,200
46485309936851,12:54:45.309,11.0400,3
46485310953869,12:54:45.310,11.0500,100
46485311335115,12:54:45.311,11.0700,50
46485311338660,12:54:45.311,11.0700,44
46485311345195,12:54:45.311,11.0700,4
46485311352431,12:54:45.311,11.0700,2
46486122863633,12:54:46.122,11.0700,27
46486122889372,12:54:46.122,11.0700,13
46504574344012,12:55:04.574,11.0600,5
46524224268409,12:55:24.224,11.0700,100
46525406095731,12:55:25.406,11.0600,100
46525406095731,12:55:25.406,11.0600,100
47042169554408,13:04:02.169,11.0700,100
47215449541610,13:06:55.449,11.0500,100
47217050495364,13:06:57.050,11.0500,100
47223497946827,13:07:03.497,11.0400,100
47411539004734,13:10:11.539,11.0450,100
47412345011529,13:10:12.345,11.0450,100
47605158919995,13:13:25.158,11.0300,100
47621446804873,13:13:41.446,11.0400,25
47692589521217,13:14:52.589,11.0200,100
47731704672948,13:15:31.704,11.0100,100
47733634406933,13:15:33.634,11.0100,100
47733788867913,13:15:33.788,11.0100,100
48136383233441,13:22:16.383,11.0200,200
48136383233441,13:22:16.383,11.0200,100
48136383233441,13:22:16.383,11.0200,100
48194779601043,13:23:14.779,11.0000,100
48470437881828,13:27:50.437,11.0000,2
48693375980242,13:31:33.375,11.0200,50
48693376004765,13:31:33.376,11.0200,41
48693376065792,13:31:33.376,11.0200,9
48693376065792,13:31:33.376,11.0200,100
49068606545606,13:37:48.606,11.0300,100
49068607201416,13:37:48.607,11.0400,3
49252287461861,13:40:52.287,11.0400,6
49252288952698,13:40:52.288,11.0500,93
49252289068747,13:40:52.289,11.0500,1
49252289104447,13:40:52.289,11.0500,6
49641950742232,13:47:21.950,11.0700,100
49738191124449,13:48:58.191,11.0300,100
50025634580925,13:53:45.634,11.0400,32
50025634582159,13:53:45.634,11.0400,68
50025634582159,13:53:45.634,11.0400,25
50156046890425,13:55:56.046,11.0200,30
50156047487184,13:55:56.047,11.0200,70
50242243872037,13:57:22.243,11.0100,100
50242243872037,13:57:22.243,11.0100,85
50242243872037,13:57:22.243,11.0100,100
50242243872037,13:57:22.243,11.0100,100
50455855232383,14:00:55.855,11.0300,100
50551425020929,14:02:31.425,11.0400,3
50685531949367,14:04:45.531,11.0700,100
50691366552921,14:04:51.366,11.0800,3
50691366552921,14:04:51.366,11.0800,20
50691366552921,14:04:51.366,11.0800,30
50795950499741,14:06:35.950,11.0900,100
50847273593623,14:07:27.273,11.0900,100
50852503561639,14:07:32.503,11.0900,100
50852503561639,14:07:32.503,11.0900,41
50852503680077,14:07:32.503,11.0900,59
50852504360041,14:07:32.504,11.0700,30
50852504360041,14:07:32.504,11.0600,100
50852504360041,14:07:32.504,11.0600,50
50997868715347,14:09:57.868,11.0400,100
50997869285812,14:09:57.869,11.0400,50
50998521138920,14:09:58.521,11.0600,100
51085065238578,14:11:25.065,11.0700,100
51176998333066,14:12:56.998,11.1000,59
51213539113195,14:13:33.539,11.1200,38
51238647601568,14:13:58.647,11.1600,100
51243582443127,14:14:03.582,11.1400,100
51246221660082,14:14:06.221,11.1300,96
51246222092260,14:14:06.222,11.1300,4
51430217829956,14:17:10.217,11.1400,13
51540784833700,14:19:00.784,11.1700,100
51541874283426,14:19:01.874,11.1900,100
51570193567312,14:19:30.193,11.1900,100
51576192773003,14:19:36.192,11.1900,44
51825073154947,14:23:45.073,11.2000,100
51894072070413,14:24:54.072,11.1800,100
51975500622771,14:26:15.500,11.1800,100
51975500744268,14:26:15.500,11.1700,400
51975500744268,14:26:15.500,11.1700,100
51975500933181,14:26:15.500,11.1700,47
51975501246612,14:26:15.501,11.1700,15
51975518469663,14:26:15.518,11.1700,38
51975518469663,14:26:15.518,11.1700,40
51975518469663,14:26:15.518,11.1700,40
51975518585127,14:26:15.518,11.1600,100
52017532191927,14:26:57.532,11.1600,2
52036178226184,14:27:16.178,11.1800,90
52155325287539,14:29:15.325,11.1600,8
52155325800489,14:29:15.325,11.1500,100
52155325800489,14:29:15.325,11.1500,100
52155528939429,14:29:15.528,11.1400,29
52506091633185,14:35:06.091,11.1500,100
52506091633185,14:35:06.091,11.1500,100
52512137128436,14:35:12.137,11.1700,100
52759053396426,14:39:19.053,11.1100,1
53189288945354,14:46:29.288,11.1400,1
53189288945916,14:46:29.288,11.1400,1
53189288951392,14:46:29.288,11.1400,1
53189288952323,14:46:29.288,11.1400,1
53189332674643,14:46:29.332,11.1400,96
53189332674643,14:46:29.332,11.1400,3
53189332674643,14:46:29.332,11.1400,78
53189332677067,14:46:29.332,11.1400,22
53189332677067,14:46:29.332,11.1400,20
53189332718121,14:46:29.332,11.1400,80
53190001068796,14:46:30.001,11.1500,100
53190001803821,14:46:30.001,11.1500,100
53195628798826,14:46:35.628,11.1400,100
53195628798826,14:46:35.628,11.1400,100
53542156400117,14:52:22.156,11.1700,2
53542156400626,14:52:22.156,11.1700,1
53542156402397,14:52:22.156,11.1700,2
53542156402920,14:52:22.156,11.1700,1
53542156407250,14:52:22.156,11.1700,1
53542156408866,14:52:22.156,11.1700,1
53542156409506,14:52:22.156,11.1700,1
53542156412625,14:52:22.156,11.1700,1
53587620161114,14:53:07.620,11.1700,43
53587620193790,14:53:07.620,11.1700,47
53587620193790,14:53:07.620,11.1700,100
53587620193790,14:53:07.620,11.1700,3
53756020664807,14:55:56.020,11.2000,67
53793305272666,14:56:33.305,11.2300,100
53793308559771,14:56:33.308,11.2100,40
53901757675334,14:58:21.757,11.2500,10
53901757675334,14:58:21.757,11.2500,90
54252189416329,15:04:12.189,11.2650,1
54252189416329,15:04:12.189,11.2650,1
54252189416329,15:04:12.189,11.2650,3
54252189416329,15:04:12.189,11.2650,1
54253046506219,15:04:13.046,11.2900,100
54259249800771,15:04:19.249,11.2650,1
54259249800771,15:04:19.249,11.2400,99
54259249829661,15:04:19.249,11.2400,1
54272849180345,15:04:32.849,11.2900,2
54272850009702,15:04:32.850,11.2900,1
54277989282388,15:04:37.989,11.2300,100
54296958161954,15:04:56.958,11.2250,6
54296958161954,15:04:56.958,11.2250,3
54296958161954,15:04:56.958,11.2100,91
54296958379092,15:04:56.958,11.2100,100
54394161309133,15:06:34.161,11.2300,3
54394161309737,15:06:34.161,11.2300,2
54394161311696,15:06:34.161,11.2300,1
54512271421148,15:08:32.271,11.2300,100
54675492177890,15:11:15.492,11.2200,100
54675492177890,15:11:15.492,11.2200,100
54675492279099,15:11:15.492,11.2100,100
54675492279099,15:11:15.492,11.2100,100
54675492442501,15:11:15.492,11.2100,16
54675492467673,15:11:15.492,11.2100,9
54675493546076,15:11:15.493,11.2100,43
54816886528359,15:13:36.886,11.2600,7
54816886723629,15:13:36.886,11.2600,19
54886544545626,15:14:46.544,11.2400,100
54924480589792,15:15:24.480,11.2450,1
54924480589792,15:15:24.480,11.2450,2
54924480589792,15:15:24.480,11.2450,1
54924480589792,15:15:24.480,11.2450,1
54924480589792,15:15:24.480,11.2450,1
54924480589792,15:15:24.480,11.2450,1
54924480589792,15:15:24.480,11.2450,1
54924480589792,15:15:24.480,11.2450,1
54924480589792,15:15:24.480,11.2450,1
54924480589792,15:15:24.480,11.2450,1
54924489438813,15:15:24.489,11.2200,89
54924489509362,15:15:24.489,11.2200,11
54952982335694,15:15:52.982,11.2400,1
54966700864306,15:16:06.700,11.2400,99
55170105741865,15:19:30.105,11.2550,100
55246117924931,15:20:46.117,11.2500,100
55246117924931,15:20:46.117,11.2500,100
55246321674798,15:20:46.321,11.2400,40
55246321674798,15:20:46.321,11.2200,100
55246321674798,15:20:46.321,11.2200,60
55333044336360,15:22:13.044,11.2100,100
55333045589311,15:22:13.045,11.2100,21
55333045589311,15:22:13.045,11.2100,100
55333045589311,15:22:13.045,11.2100,25
55346850487299,15:22:26.850,11.2100,14
55346850487299,15:22:26.850,11.2000,86
55346850607367,15:22:26.850,11.2000,14
55478781546634,15:24:38.781,11.2000,100
55478782751324,15:24:38.782,11.2100,65
55478782855606,15:24:38.782,11.2100,35
55478782855606,15:24:38.782,11.2100,30
55478784052294,15:24:38.784,11.2100,5
55478784086866,15:24:38.784,11.2100,60
55478795974647,15:24:38.795,11.2100,5
55478982954327,15:24:38.982,11.2100,100
55559579838008,15:25:59.579,11.2200,3
55559579838008,15:25:59.579,11.2200,100
55559579838008,15:25:59.579,11.2200,10
55666069985612,15:27:46.069,11.2350,1
55675071308084,15:27:55.071,11.2350,1
55675071308084,15:27:55.071,11.2350,1
55675071308084,15:27:55.071,11.2350,1
55675071308084,15:27:55.071,11.2350,1
55675071308084,15:27:55.071,11.2350,1
55675071308084,15:27:55.071,11.2350,1
55675071308084,15:27:55.071,11.2350,1
55675071308084,15:27:55.071,11.2350,1
55675071308084,15:27:55.071,11.2350,2
55675071308084,15:27:55.071,11.2350,1
55675071308084,15:27:55.071,11.2350,1
55716807464752,15:28:36.807,11.2000,41
55999537622699,15:33:19.537,11.1700,30
55999537688109,15:33:19.537,11.1700,5
55999537688109,15:33:19.537,11.1500,25
55999539919974,15:33:19.539,11.1500,5
55999539919974,15:33:19.539,11.1500,100
55999539919974,15:33:19.539,11.1500,100
56304233728270,15:38:24.233,11.1500,36
56304233728270,15:38:24.233,11.1500,29
56304235324830,15:38:24.235,11.1500,100
56305980297892,15:38:25.980,11.1400,100
56305980297892,15:38:25.980,11.1400,100
56305980695202,15:38:25.980,11.1400,9
56305980720568,15:38:25.980,11.1400,31
56307237823159,15:38:27.237,11.1500,100
56307984003817,15:38:27.984,11.1500,84
56309246995183,15:38:29.246,11.1600,100
56309246995183,15:38:29.246,11.1600,100
56311279434910,15:38:31.279,11.1700,3
56311279434910,15:38:31.279,11.1700,97
56311279530104,15:38:31.279,11.1700,3
56313106957253,15:38:33.106,11.1800,46
56313106957253,15:38:33.106,11.1800,54
56473833226328,15:41:13.833,11.1900,100
56505212756009,15:41:45.212,11.1900,100
56511948108543,15:41:51.948,11.1900,100
56572389621626,15:42:52.389,11.2000,88
56572390706832,15:42:52.390,11.2000,12
56572390706832,15:42:52.390,11.2000,3
56572390706832,15:42:52.390,11.2000,85
56572390743197,15:42:52.390,11.2000,15
56572390743197,15:42:52.390,11.2000,35
56729260388456,15:45:29.260,11.2100,100
56736027017111,15:45:36.027,11.2100,100
56737921074456,15:45:37.921,11.2100,100
56793018032362,15:46:33.018,11.2300,100
56816599006715,15:46:56.599,11.2200,5
56816629429272,15:46:56.629,11.2200,100
56816629531968,15:46:56.629,11.2100,100
57031110950522,15:50:31.110,11.1900,3
57154700805898,15:52:34.700,11.1850,100
57154700805898,15:52:34.700,11.1800,90
57154700849150,15:52:34.700,11.1800,10
57154700849150,15:52:34.700,11.1800,46
57154700850212,15:52:34.700,11.1800,50
57161092497358,15:52:41.092,11.1800,3
57230011136546,15:53:50.011,11.1800,567
57230011697948,15:53:50.011,11.1700,44
57230011722207,15:53:50.011,11.1700,56
57231064821687,15:53:51.064,11.1500,100
57231079522633,15:53:51.079,11.1500,6
57269085369110,15:54:29.085,11.1600,100
57269085369110,15:54:29.085,11.1600,100
57269085369110,15:54:29.085,11.1600,100
57269085369110,15:54:29.085,11.1600,100
57269090755957,15:54:29.090,11.1600,5
57269175731662,15:54:29.175,11.1700,4
57269175731662,15:54:29.175,11.1700,100
57300095043498,15:55:00.095,11.2100,100
57300095043498,15:55:00.095,11.2100,35
57300095043498,15:55:00.095,11.2100,100
57300097775845,15:55:00.097,11.2200,100
57300097775845,15:55:00.097,11.2200,100
57301105664541,15:55:01.105,11.2500,100
57301105926411,15:55:01.105,11.2500,7
57301267103933,15:55:01.267,11.2500,100
57301267194830,15:55:01.267,11.2500,2
57301332074052,15:55:01.332,11.2500,100
57301332163433,15:55:01.332,11.2400,200
57301769737867,15:55:01.769,11.2300,100
57301769737867,15:55:01.769,11.2300,100
57304645463395,15:55:04.645,11.2300,77
57304645463395,15:55:04.645,11.2200,100
57304645463395,15:55:04.645,11.2200,123
57304646333053,15:55:04.646,11.2200,77
57306382079578,15:55:06.382,11.2200,100
57318521388416,15:55:18.521,11.2050,4
57364181652560,15:56:04.181,11.2100,100
57395428897978,15:56:35.428,11.2200,5
57431185681253,15:57:11.185,11.2300,100
57431189008182,15:57:11.189,11.2200,5
57438687015695,15:57:18.687,11.2300,100
57481163879024,15:58:01.163,11.2200,49
57481163879024,15:58:01.163,11.2200,196
57481165145198,15:58:01.165,11.2200,60
57481165145198,15:58:01.165,11.2200,40
57481165374502,15:58:01.165,11.2200,20
57498168266878,15:58:18.168,11.2200,100
57498172328399,15:58:18.172,11.2200,6
57498264213972,15:58:18.264,11.2300,100
57500210633838,15:58:20.210,11.2300,100
57500210633838,15:58:20.210,11.2300,100
57500210633838,15:58:20.210,11.2300,100
57500210680048,15:58:20.210,11.2300,50
57500210681593,15:58:20.210,11.2300,50
57500210681593,15:58:20.210,11.2400,50
57500220129736,15:58:20.220,11.2400,650
57500220129736,15:58:20.220,11.2400,100
57500220129736,15:58:20.220,11.2400,189
57500220129736,15:58:20.220,11.2400,168
57500220587772,15:58:20.220,11.2500,20
57500249917388,15:58:20.249,11.2500,10
57503555025321,15:58:23.555,11.2500,60
57503555025321,15:58:23.555,11.2500,189
57503555025321,15:58:23.555,11.2500,100
57503555025321,15:58:23.555,11.2500,100
57503555025321,15:58:23.555,11.2500,100
57503555025321,15:58:23.555,11.2500,168
57503555139212,15:58:23.555,11.2500,100
57508474587586,15:58:28.474,11.2300,100
57508474587586,15:58:28.474,11.2200,100
57508474587586,15:58:28.474,11.2200,19
57508474587586,15:58:28.474,11.2200,100
57508474587586,15:58:28.474,11.2200,100
57508474587586,15:58:28.474,11.2200,100
57508474587586,15:58:28.474,11.2200,189
57508474587586,15:58:28.474,11.2200,168
57508474587586,15:58:28.474,11.2200,100
57508474587586,15:58:28.474,11.2200,100
57540517032160,15:59:00.517,11.2300,84
57541370210425,15:59:01.370,11.2300,16
57541370210425,15:59:01.370,11.2300,100
57541370210425,15:59:01.370,11.2300,100
57541370210425,15:59:01.370,11.2300,84
57544833117039,15:59:04.833,11.2300,100
57544833143621,15:59:04.833,11.2300,89
57544833143621,15:59:04.833,11.2300,100
57544833143621,15:59:04.833,11.2300,202
57544833143621,15:59:04.833,11.2300,168
57544833143621,15:59:04.833,11.2300,100
57544833180122,15:59:04.833,11.2300,100
57544833792643,15:59:04.833,11.2100,2
57548249132068,15:59:08.249,11.2300,90
57548250741130,15:59:08.250,11.2300,10
57551026213574,15:59:11.026,11.2400,82
57551215823097,15:59:11.215,11.2400,18
57551316079452,15:59:11.316,11.2500,300
57555166026174,15:59:15.166,11.2500,300
57555166466300,15:59:15.166,11.2500,45
57555371416012,15:59:15.371,11.2500,55
57555663621572,15:59:15.663,11.2600,100
57560169238747,15:59:20.169,11.2700,400
57560177497028,15:59:20.177,11.2700,100
57562382268485,15:59:22.382,11.2700,100
57562864055320,15:59:22.864,11.2700,30
57565199793347,15:59:25.199,11.2700,400
57565201595790,15:59:25.201,11.2700,270
57566355233664,15:59:26.355,11.2800,100
57570204215618,15:59:30.204,11.2800,300
57570204215618,15:59:30.204,11.2800,200
57570280358717,15:59:30.280,11.2800,500
57570280358717,15:59:30.280,11.2800,100
57571624422542,15:59:31.624,11.2900,87
57572047218884,15:59:32.047,11.2900,100
57574354776493,15:59:34.354,11.2900,200
57575229184122,15:59:35.229,11.2900,13
57575229184122,15:59:35.229,11.2900,487
57575263874019,15:59:35.263,11.2800,202
57575263874019,15:59:35.263,11.2800,189
57575263874019,15:59:35.263,11.2800,168
57577126692695,15:59:37.126,11.2800,100
57584394141781,15:59:44.394,11.2900,134
57584414118801,15:59:44.414,11.2900,79
57584414118801,15:59:44.414,11.2900,21
57585010964343,15:59:45.010,11.2800,168
57585010964343,15:59:45.010,11.2800,100
57585010964343,15:59:45.010,11.2800,202
57585010964343,15:59:45.010,11.2800,189
57585180926345,15:59:45.180,11.2800,200
57585181353900,15:59:45.181,11.2700,100
57585181353900,15:59:45.181,11.2700,100
57585181380757,15:59:45.181,11.2700,96
57585181380757,15:59:45.181,11.2700,30
57585208966747,15:59:45.208,11.2500,200
57585208966747,15:59:45.208,11.2500,100
57585213525171,15:59:45.213,11.2600,300
57585225878254,15:59:45.225,11.2600,100
57585578731996,15:59:45.578,11.2600,9
57587034793514,15:59:47.034,11.2600,21
57587034793514,15:59:47.034,11.2600,79
57587078420148,15:59:47.078,11.2600,21
57587078420148,15:59:47.078,11.2600,100
57587078420148,15:59:47.078,11.2600,79
57589021871917,15:59:49.021,11.2800,5
57590034838570,15:59:50.034,11.2800,195
57590085636739,15:59:50.085,11.2900,72
57592069643252,15:59:52.069,11.2900,428
57592069643252,15:59:52.069,11.2900,272
57592090128220,15:59:52.090,11.2900,200
57594025696787,15:59:54.025,11.2900,228
57594025696787,15:59:54.025,11.2900,106
57595968845009,15:59:55.968,11.2900,100
57595969442831,15:59:55.969,11.3000,15
57596804319130,15:59:56.804,11.3000,200
57597070173826,15:59:57.070,11.3000,800
57597723362529,15:59:57.723,11.3000,70
57597804281381,15:59:57.804,11.3000,130
57597804281381,15:59:57.804,11.3000,70
57598024437246,15:59:58.024,11.3000,100
57598067057090,15:59:58.067,11.3000,67
57598269328402,15:59:58.269,11.2900,100
57598799550927,15:59:58.799,11.2900,300
57599900744452,15:59:59.900,11.2900,300
57600257867420,16:00:00.257,11.2900,34502
