timestamp,time,price,volume
34200720665363,09:30:00.720,17.1300,1785
34210294117756,09:30:10.294,17.1300,300
34210694443610,09:30:10.694,17.1100,100
34343151300721,09:32:23.151,17.0900,100
34452067489403,09:34:12.067,17.0700,100
34476234661688,09:34:36.234,17.0600,2199
36004102299240,10:00:04.102,17.1100,100
36169657910152,10:02:49.657,17.1100,1
36169657910152,10:02:49.657,17.1100,1
36169658001603,10:02:49.658,17.1100,99
36169658001603,10:02:49.658,17.1100,100
36499396960737,10:08:19.396,17.0700,100
36731862011900,10:12:11.862,17.1000,100
36777000709480,10:12:57.000,17.1000,100
36940251916022,10:15:40.251,17.1100,100
37065633357712,10:17:45.633,17.1000,100
37065633357712,10:17:45.633,17.1000,500
37065666109345,10:17:45.666,17.1000,100
37771513910474,10:29:31.513,17.0800,200
37802710915997,10:30:02.710,17.0800,44
38433892329258,10:40:33.892,17.1100,100
38696751397261,10:44:56.751,17.0900,65
38696751398570,10:44:56.751,17.0900,35
38893231100612,10:48:13.231,17.0800,100
39433429054899,10:57:13.429,17.0900,100
39435715458459,10:57:15.715,17.0900,100
39435715458459,10:57:15.715,17.0900,300
39538936191815,10:58:58.936,17.0600,100
39538936191815,10:58:58.936,17.0600,100
39538936191815,10:58:58.936,17.0600,100
39538958545887,10:58:58.958,17.0600,200
39538958625477,10:58:58.958,17.0600,192
39538958637015,10:58:58.958,17.0600,8
39538958688140,10:58:58.958,17.0600,8
39538958707839,10:58:58.958,17.0600,192
39538958707839,10:58:58.958,17.0600,8
39538958734489,10:58:58.958,17.0600,188
39538958738518,10:58:58.958,17.0600,200
39538958813514,10:58:58.958,17.0600,188
39538958816371,10:58:58.958,17.0600,12
39538958816371,10:58:58.958,17.0600,188
39538958899785,10:58:58.958,17.0600,38
39538958901283,10:58:58.958,17.0600,162
39538958901283,10:58:58.958,17.0600,25
39546649647383,10:59:06.649,17.0500,1
39546649647383,10:59:06.649,17.0500,100
39546649647383,10:59:06.649,17.0500,1000
39969506152038,11:06:09.506,17.0800,100
40154928968423,11:09:14.928,17.0500,100
40896898452954,11:21:36.898,17.0600,100
40947604652890,11:22:27.604,17.0300,100
41400250739226,11:30:00.250,17.0400,100
41512274184399,11:31:52.274,17.0500,100
41967012253561,11:39:27.012,17.0800,100
43861669556189,12:11:01.669,17.1200,100
44301482483802,12:18:21.482,17.1100,100
44497849813552,12:21:37.849,17.1000,30
45055110100637,12:30:55.110,17.0900,111
45055110115179,12:30:55.110,17.0900,52
45055110121598,12:30:55.110,17.0900,328
45055110123090,12:30:55.110,17.0900,51
45055110147548,12:30:55.110,17.0900,100
45055110319398,12:30:55.110,17.0900,76
45055110337208,12:30:55.110,17.0900,52
45055110595499,12:30:55.110,17.0900,47
45058971425703,12:30:58.971,17.0900,51
45082851815258,12:31:22.851,17.0900,132
45140346946136,12:32:20.346,17.0900,100
46288097861828,12:51:28.097,17.1000,100
46288097970878,12:51:28.097,17.1000,52
46288098070083,12:51:28.098,17.1000,12
47960973089755,13:19:20.973,17.0700,5
47978594728335,13:19:38.594,17.0700,95
47978594728335,13:19:38.594,17.0700,30
48705362775455,13:31:45.362,17.0800,45
48705363261211,13:31:45.363,17.0800,55
48885948219839,13:34:45.948,17.0800,45
49518948653379,13:45:18.948,17.0700,28
50064201769198,13:54:24.201,17.0600,100
50064222677966,13:54:24.222,17.0600,100
50064222678507,13:54:24.222,17.0600,100
50064222757985,13:54:24.222,17.0600,100
50064222762585,13:54:24.222,17.0600,100
50064222919304,13:54:24.222,17.0600,100
50065258287867,13:54:25.258,17.0500,20
50065258287867,13:54:25.258,17.0500,180
50065258346382,13:54:25.258,17.0500,200
50065258346997,13:54:25.258,17.0500,200
50065258370528,13:54:25.258,17.0500,200
50065258393316,13:54:25.258,17.0500,200
50065258412662,13:54:25.258,17.0500,200
50412415339767,14:00:12.415,17.1500,700
50425344328272,14:00:25.344,17.1600,13
50427358907997,14:00:27.358,17.1800,1
50442168495980,14:00:42.168,17.2000,1
50552731824989,14:02:32.731,17.2500,54
50552731824989,14:02:32.731,17.2500,5
50552731824989,14:02:32.731,17.2500,10
50552732396173,14:02:32.732,17.2600,1
50555092569901,14:02:35.092,17.3000,5
50555092569901,14:02:35.092,17.3000,10
50670653186371,14:04:30.653,17.3200,100
50683118190148,14:04:43.118,17.3200,200
50716954889587,14:05:16.954,17.3300,35
50716954889587,14:05:16.954,17.3400,4
50886170140272,14:08:06.170,17.3600,26
50886170241349,14:08:06.170,17.3600,74
50995336735089,14:09:55.336,17.3300,34
51064067166866,14:11:04.067,17.3500,63
51064067170101,14:11:04.067,17.3500,37
51064067170101,14:11:04.067,17.3500,44
51064067178066,14:11:04.067,17.3500,56
51064067178066,14:11:04.067,17.3500,100
51064067178066,14:11:04.067,17.3500,29
51064067183201,14:11:04.067,17.3500,183
51064067183728,14:11:04.067,17.3500,185
51064067193335,14:11:04.067,17.3500,100
51064067304365,14:11:04.067,17.3500,29
51634305138288,14:20:34.305,17.3800,5
51776172651585,14:22:56.172,17.3900,46
51805144925454,14:23:25.144,17.3900,60
51831837889789,14:23:51.837,17.3900,15
52114066558977,14:28:34.066,17.3800,93
52114066579654,14:28:34.066,17.3800,207
52275202046017,14:31:15.202,17.4000,10
52305682865600,14:31:45.682,17.4200,300
52305682873488,14:31:45.682,17.4200,100
52305682884839,14:31:45.682,17.4200,100
52305682923523,14:31:45.682,17.4200,200
52346897218104,14:32:26.897,17.4400,59
52346897233995,14:32:26.897,17.4400,38
52347570270955,14:32:27.570,17.4400,37
52384411001266,14:33:04.411,17.4500,10
52507732145950,14:35:07.732,17.4600,18
52507732203296,14:35:07.732,17.4600,52
52650950155302,14:37:30.950,17.4500,200
52688536339565,14:38:08.536,17.4700,1
52688536339565,14:38:08.536,17.4700,4
52841404461518,14:40:41.404,17.5000,5
52841404461518,14:40:41.404,17.5000,5
52841404461518,14:40:41.404,17.5000,20
53072098830308,14:44:32.098,17.5500,90
53118273390082,14:45:18.273,17.5600,149
53118273404204,14:45:18.273,17.5600,51
53118273404204,14:45:18.273,17.5600,9
53429709002622,14:50:29.709,17.5300,100
53437355513476,14:50:37.355,17.5300,10
53443637395679,14:50:43.637,17.5200,64
53443637407687,14:50:43.637,17.5200,36
53443637897982,14:50:43.637,17.5200,100
53446782629231,14:50:46.782,17.5100,100
53704032590936,14:55:04.032,17.4800,112
53704032602624,14:55:04.032,17.4800,38
53704032619093,14:55:04.032,17.4800,50
53823748227098,14:57:03.748,17.4800,12
53823993538097,14:57:03.993,17.4800,100
53823993842418,14:57:03.993,17.4800,76
53824397004692,14:57:04.397,17.4800,38
53855208397189,14:57:35.208,17.4400,500
53872446231514,14:57:52.446,17.4300,96
54059069354060,15:00:59.069,17.4300,12
54059069355216,15:00:59.069,17.4300,34
54059069358757,15:00:59.069,17.4300,122
54059069366609,15:00:59.069,17.4300,33
54059113048495,15:00:59.113,17.4300,10
54154144586154,15:02:34.144,17.4300,289
54644139993112,15:10:44.139,17.3200,100
54712208395080,15:11:52.208,17.3000,100
54986500639328,15:16:26.500,17.2800,33
54986500642547,15:16:26.500,17.2800,167
55105303258026,15:18:25.303,17.2800,100
55684138801100,15:28:04.138,17.3000,200
55921293115054,15:32:01.293,17.3000,50
57001048098400,15:50:01.048,17.3400,31
57001048111000,15:50:01.048,17.3400,30
57001048116283,15:50:01.048,17.3400,24
57001048118089,15:50:01.048,17.3400,31
57001048122236,15:50:01.048,17.3400,36
57001048140654,15:50:01.048,17.3400,37
57001048213933,15:50:01.048,17.3400,111
57369027415461,15:56:09.027,17.3000,100
57589000838835,15:59:49.000,17.3100,100
57595521848404,15:59:55.521,17.2900,1
57600563094273,16:00:00.563,17.3200,23
