timestamp,time,price,volume
34200668544910,09:30:00.668,0.0000,0
35080405360328,09:44:40.405,1.1600,100
35080405360328,09:44:40.405,1.1600,100
35155292951279,09:45:55.292,1.1650,100
35798758038756,09:56:38.758,1.1650,100
35838037406174,09:57:18.037,1.1650,100
35838038457995,09:57:18.038,1.1650,100
36036516147326,10:00:36.516,1.1650,100
36219372415001,10:03:39.372,1.1650,100
36219373205003,10:03:39.373,1.1650,100
36353703196345,10:05:53.703,1.1650,100
36361950056920,10:06:01.950,1.1650,100
36362011292437,10:06:02.011,1.1650,100
36368815212828,10:06:08.815,1.1650,100
36369261104429,10:06:09.261,1.1650,20
36426913324418,10:07:06.913,1.1650,100
36426913324418,10:07:06.913,1.1650,100
36426913324418,10:07:06.913,1.1600,49
36426913324418,10:07:06.913,1.1600,100
36426913324418,10:07:06.913,1.1600,800
36426913324418,10:07:06.913,1.1600,200
36426913324418,10:07:06.913,1.1600,100
36426913884848,10:07:06.913,1.1600,100
36767791115521,10:12:47.791,1.1500,100
36767791115521,10:12:47.791,1.1500,100
36767821553693,10:12:47.821,1.1400,100
37750197156613,10:29:10.197,1.1450,100
37750207014395,10:29:10.207,1.1500,100
37800430907152,10:30:00.430,1.1600,100
37845290954258,10:30:45.290,1.1600,500
37845291745231,10:30:45.291,1.1600,400
37845291798208,10:30:45.291,1.1600,400
37845292181491,10:30:45.292,1.1600,100
37845293134503,10:30:45.293,1.1600,300
37845293195262,10:30:45.293,1.1600,300
37845293214428,10:30:45.293,1.1600,100
37845294345212,10:30:45.294,1.1600,100
37845295148066,10:30:45.295,1.1600,400
37845295148066,10:30:45.295,1.1600,300
37845295440932,10:30:45.295,1.1600,300
37845296306684,10:30:45.296,1.1600,335
37845296889753,10:30:45.296,1.1600,400
37845297327277,10:30:45.297,1.1600,100
37845297981004,10:30:45.297,1.1600,100
37845298071237,10:30:45.298,1.1600,100
37845298071870,10:30:45.298,1.1600,100
37845298159208,10:30:45.298,1.1600,100
37845298344297,10:30:45.298,1.1600,100
37883669002451,10:31:23.669,1.1600,100
37924692935700,10:32:04.692,1.1600,265
37924692935700,10:32:04.692,1.1650,1435
38101805654828,10:35:01.805,1.1650,100
38267739576942,10:37:47.739,1.1650,100
38267739576942,10:37:47.739,1.1600,100
38267739576942,10:37:47.739,1.1600,100
38267739576942,10:37:47.739,1.1600,100
38322482186411,10:38:42.482,1.1600,100
38322482186411,10:38:42.482,1.1600,200
38322567944638,10:38:42.567,1.1600,100
39663461384049,11:01:03.461,1.1550,100
39663461384049,11:01:03.461,1.1600,500
39663461384049,11:01:03.461,1.1600,900
39663461384049,11:01:03.461,1.1600,100
39663462216148,11:01:03.462,1.1600,100
39663462216148,11:01:03.462,1.1600,1500
39663463469330,11:01:03.463,1.1600,900
39663463469330,11:01:03.463,1.1600,600
39663463669090,11:01:03.463,1.1600,1600
39663465891349,11:01:03.465,1.1600,100
39663466227233,11:01:03.466,1.1600,100
39663466394723,11:01:03.466,1.1600,100
39663467116153,11:01:03.467,1.1600,600
39663467116153,11:01:03.467,1.1600,200
39663467317731,11:01:03.467,1.1600,621
39663469598698,11:01:03.469,1.1600,900
39663489316078,11:01:03.489,1.1600,199
39663497447336,11:01:03.497,1.1600,201
39663519985759,11:01:03.519,1.1600,100
39663533649482,11:01:03.533,1.1600,100
39663544902744,11:01:03.544,1.1600,800
39666847739702,11:01:06.847,1.1600,200
39666847739702,11:01:06.847,1.1600,100
39666847739702,11:01:06.847,1.1600,100
39667812489347,11:01:07.812,1.1600,100
39667812489347,11:01:07.812,1.1600,100
39962646547721,11:06:02.646,1.1600,300
39962818937874,11:06:02.818,1.1600,100
39969026305512,11:06:09.026,1.1600,100
39969027078497,11:06:09.027,1.1600,200
39969027078497,11:06:09.027,1.1600,100
39969027078497,11:06:09.027,1.1600,300
39969027078497,11:06:09.027,1.1600,600
39969027078497,11:06:09.027,1.1600,700
39969027078497,11:06:09.027,1.1600,800
39969027078497,11:06:09.027,1.1600,200
39969030073773,11:06:09.030,1.1600,300
39969030073773,11:06:09.030,1.1600,300
39969030726049,11:06:09.030,1.1600,400
41640835500835,11:34:00.835,1.1550,300
42105235027368,11:41:45.235,1.1550,100
42840872383529,11:54:00.872,1.1550,200
43150881853505,11:59:10.881,1.1550,400
45208941942460,12:33:28.941,1.1550,200
46085953401581,12:48:05.953,1.1550,200
46217722800650,12:50:17.722,1.1600,100
46217722800650,12:50:17.722,1.1600,900
46217722800650,12:50:17.722,1.1600,100
46222857712282,12:50:22.857,1.1600,200
46222857712282,12:50:22.857,1.1600,100
46222857712282,12:50:22.857,1.1600,100
48142710616339,13:22:22.710,1.1550,400
48142710616339,13:22:22.710,1.1550,100
48142710616339,13:22:22.710,1.1550,100
48142710616339,13:22:22.710,1.1500,300
48142710616339,13:22:22.710,1.1500,100
48142710616339,13:22:22.710,1.1500,100
48142710616339,13:22:22.710,1.1500,100
50420765702647,14:00:20.765,1.1600,800
50420765702647,14:00:20.765,1.1600,100
50420765702647,14:00:20.765,1.1600,100
50420766274123,14:00:20.766,1.1600,23
50420796424653,14:00:20.796,1.1600,400
50425641951790,14:00:25.641,1.1600,477
50427464005449,14:00:27.464,1.1600,900
50428335813510,14:00:28.335,1.1600,900
50428337895462,14:00:28.337,1.1600,900
50428356704540,14:00:28.356,1.1600,900
50430233668827,14:00:30.233,1.1600,300
50451046808074,14:00:51.046,1.1600,600
50451047642132,14:00:51.047,1.1600,900
50451049039200,14:00:51.049,1.1600,200
50713637124258,14:05:13.637,1.1650,800
50713637309633,14:05:13.637,1.1650,100
50713637686781,14:05:13.637,1.1650,100
51014313335503,14:10:14.313,1.1600,100
51014320730369,14:10:14.320,1.1600,100
51014322954583,14:10:14.322,1.1600,100
51016965443159,14:10:16.965,1.1600,100
51017422342703,14:10:17.422,1.1600,100
51019141859095,14:10:19.141,1.1600,100
51019141859095,14:10:19.141,1.1600,1000
51019146726215,14:10:19.146,1.1600,100
51019898011765,14:10:19.898,1.1600,100
51030839890258,14:10:30.839,1.1600,300
51030839890258,14:10:30.839,1.1600,200
51030839890258,14:10:30.839,1.1600,300
51031540209161,14:10:31.540,1.1600,100
51076468016429,14:11:16.468,1.1600,200
51076468016429,14:11:16.468,1.1600,200
51076468016429,14:11:16.468,1.1600,11
51093055015704,14:11:33.055,1.1600,300
51093231711939,14:11:33.231,1.1600,100
51322321584279,14:15:22.321,1.1600,200
51322321584279,14:15:22.321,1.1600,400
51322321584279,14:15:22.321,1.1600,411
51339599521176,14:15:39.599,1.1600,200
51806970889784,14:23:26.970,1.1550,100
51806970889784,14:23:26.970,1.1550,100
51806970889784,14:23:26.970,1.1500,100
51806970889784,14:23:26.970,1.1500,200
51806970889784,14:23:26.970,1.1500,100
51806970889784,14:23:26.970,1.1500,100
51806970932521,14:23:26.970,1.1500,200
51806971672958,14:23:26.971,1.1500,100
51806971672958,14:23:26.971,1.1500,100
51806973601390,14:23:26.973,1.1500,100
51806985020868,14:23:26.985,1.1500,100
52032554317707,14:27:12.554,1.1500,900
52032554317707,14:27:12.554,1.1500,100
52032564705741,14:27:12.564,1.1500,100
52071360916502,14:27:51.360,1.1500,100
52071360990291,14:27:51.360,1.1500,200
52071744977055,14:27:51.744,1.1400,100
52367123583399,14:32:47.123,1.1400,200
52526129502154,14:35:26.129,1.1400,100
52526129502154,14:35:26.129,1.1400,100
53239197516768,14:47:19.197,1.1450,100
53594170282127,14:53:14.170,1.1450,300
54092057918326,15:01:32.057,1.1450,800
54092057918326,15:01:32.057,1.1450,101
54570380220489,15:09:30.380,1.1450,100
54570380791098,15:09:30.380,1.1450,100
54570380890521,15:09:30.380,1.1450,100
54570380945396,15:09:30.380,1.1450,100
54570381293587,15:09:30.381,1.1450,100
54570381426141,15:09:30.381,1.1450,100
54570381536543,15:09:30.381,1.1450,100
54570381594401,15:09:30.381,1.1450,100
55672173217256,15:27:52.173,1.1450,100
56843897140285,15:47:23.897,1.1500,100
56843897140285,15:47:23.897,1.1500,100
56843897140285,15:47:23.897,1.1500,100
56843897140285,15:47:23.897,1.1500,100
56843897140285,15:47:23.897,1.1500,100
56843910135639,15:47:23.910,1.1500,400
57186218169308,15:53:06.218,1.1500,100
57186218169308,15:53:06.218,1.1500,300
57565133210030,15:59:25.133,1.1550,100
57600364669050,16:00:00.364,0.0000,0
