timestamp,time,price,volume
34200033035041,09:30:00.033,0.0000,0
34285335040030,09:31:25.335,57.5300,1
34502015000868,09:35:02.015,57.7100,84
35462260260441,09:51:02.260,57.4300,70
35462261174142,09:51:02.261,57.4300,30
35462261174142,09:51:02.261,57.4300,40
35462261331436,09:51:02.261,57.4300,60
35462261331436,09:51:02.261,57.4300,10
35462261438805,09:51:02.261,57.4300,70
35462262000323,09:51:02.262,57.4300,20
35462262000323,09:51:02.262,57.4300,50
35462262084530,09:51:02.262,57.4300,50
35462262084530,09:51:02.262,57.4300,20
35462262157623,09:51:02.262,57.4300,70
35462262237799,09:51:02.262,57.4300,10
35462262237799,09:51:02.262,57.4300,60
35462262323072,09:51:02.262,57.4300,40
35462262323072,09:51:02.262,57.4300,30
35462262410868,09:51:02.262,57.4300,70
35462262683132,09:51:02.262,57.4300,70
35462262780176,09:51:02.262,57.4300,30
35462262780176,09:51:02.262,57.4300,40
35462265865053,09:51:02.265,57.4300,31
35462265865053,09:51:02.265,57.4300,30
35462265945980,09:51:02.265,57.4300,9
35462265967798,09:51:02.265,57.4300,61
35462266537863,09:51:02.266,57.4300,39
35462266570099,09:51:02.266,57.4300,22
35483407971708,09:51:23.407,57.4300,39
35483407971708,09:51:23.407,57.4300,100
35483408128985,09:51:23.408,57.4300,100
35483408338825,09:51:23.408,57.4300,100
35483408613653,09:51:23.408,57.4300,100
37087387198579,10:18:07.387,57.2800,48
37087387413276,10:18:07.387,57.2800,52
37087387413276,10:18:07.387,57.2800,48
37087387960382,10:18:07.387,57.2800,100
37087388526460,10:18:07.388,57.2800,100
37087388996126,10:18:07.388,57.2800,100
37087389461512,10:18:07.389,57.2800,100
37087389836743,10:18:07.389,57.2800,99
37817903824238,10:30:17.903,57.4700,200
38696752827646,10:44:56.752,57.5700,200
39074932632026,10:51:14.932,57.4800,9
39433707934236,10:57:13.707,57.5000,60
39433713730293,10:57:13.713,57.5000,34
39662953573219,11:01:02.953,57.5400,100
39662953731631,11:01:02.953,57.5400,100
39663419306875,11:01:03.419,57.5600,200
39663460561509,11:01:03.460,57.5700,118
39663465381704,11:01:03.465,57.5700,82
39663524415645,11:01:03.524,57.5800,200
39663524415645,11:01:03.524,57.5800,300
39663524415645,11:01:03.524,57.5800,13
39720006063806,11:02:00.006,57.5800,100
40124935163788,11:08:44.935,57.5300,158
40124935188834,11:08:44.935,57.5300,4
40147272181417,11:09:07.272,57.5400,199
41315743335589,11:28:35.743,57.3900,62
41998743737203,11:39:58.743,57.4300,200
45523880337265,12:38:43.880,57.6300,200
45523880338557,12:38:43.880,57.6200,107
45523883638890,12:38:43.883,57.6200,38
45710911221423,12:41:50.911,57.6500,200
45710911321420,12:41:50.911,57.6500,89
48070443811541,13:21:10.443,57.5600,32
49005798109039,13:36:45.798,57.6200,10
49050953630446,13:37:30.953,57.6100,100
49284360842245,13:41:24.360,57.6400,200
50154999019718,13:55:54.999,57.6200,65
50413250468971,14:00:13.250,57.8500,100
50423325619650,14:00:23.325,57.7300,23
50423325807497,14:00:23.325,57.7300,97
50423326240581,14:00:23.326,57.7300,80
50423330713389,14:00:23.330,57.7200,113
50423331033689,14:00:23.331,57.7200,43
51061021443521,14:11:01.021,57.9400,100
51300297820449,14:15:00.297,58.0200,26
51385486214239,14:16:25.486,58.0500,88
51653999614573,14:20:53.999,58.0800,88
51759079497578,14:22:39.079,58.1500,43
51759080349912,14:22:39.080,58.1500,44
51759082673223,14:22:39.082,58.1500,51
51759083251077,14:22:39.083,58.1500,62
51906970636957,14:25:06.970,58.1500,13
51906970946170,14:25:06.970,58.1500,187
52167204859451,14:29:27.204,58.0800,100
52204777109720,14:30:04.777,58.0600,85
52227176158103,14:30:27.176,58.0900,82
52348785614093,14:32:28.785,58.1100,100
52496876813607,14:34:56.876,58.1700,100
52565545998013,14:36:05.545,58.0800,123
52578267088034,14:36:18.267,58.0800,82
52578269213557,14:36:18.269,58.0800,18
52710339203468,14:38:30.339,58.1400,200
53189283648323,14:46:29.283,58.2100,41
53413634743483,14:50:13.634,58.2500,79
54120134213032,15:02:00.134,58.3400,9
54120651834260,15:02:00.651,58.3400,4
54179085753977,15:02:59.085,58.3700,200
54179240607656,15:02:59.240,58.3700,100
54179240607656,15:02:59.240,58.3700,100
54179240607656,15:02:59.240,58.3700,100
54179240607656,15:02:59.240,58.3700,200
54179256635658,15:02:59.256,58.3700,100
54179256635658,15:02:59.256,58.3700,100
54179772258368,15:02:59.772,58.3700,100
54179772258368,15:02:59.772,58.3700,200
54179772258368,15:02:59.772,58.3700,100
54179776187259,15:02:59.776,58.3700,100
54179786157387,15:02:59.786,58.3700,100
54179786157387,15:02:59.786,58.3700,100
54179786157387,15:02:59.786,58.3700,100
54180266150284,15:03:00.266,58.3700,100
54180266150284,15:03:00.266,58.3700,200
54180266150284,15:03:00.266,58.3700,100
54182655837367,15:03:02.655,58.3700,100
54182655837367,15:03:02.655,58.3700,200
54182912647588,15:03:02.912,58.3700,100
54182912647588,15:03:02.912,58.3700,200
54182912647588,15:03:02.912,58.3700,100
54186119731009,15:03:06.119,58.3700,200
54186833058759,15:03:06.833,58.3700,100
54186833058759,15:03:06.833,58.3700,200
54186833058759,15:03:06.833,58.3700,100
54187063797024,15:03:07.063,58.3700,100
54187063797024,15:03:07.063,58.3700,100
54187063797024,15:03:07.063,58.3700,200
54187162659574,15:03:07.162,58.3700,100
54187162659574,15:03:07.162,58.3700,300
54201148485842,15:03:21.148,58.3500,200
54206127221165,15:03:26.127,58.3500,200
54206127221165,15:03:26.127,58.3500,100
54206130876217,15:03:26.130,58.3400,100
54206140966728,15:03:26.140,58.3500,100
54206140966728,15:03:26.140,58.3500,100
54206157223378,15:03:26.157,58.3500,100
54206157223378,15:03:26.157,58.3500,100
54206173418545,15:03:26.173,58.3500,100
54206173418545,15:03:26.173,58.3500,100
54206189638549,15:03:26.189,58.3500,100
54206189638549,15:03:26.189,58.3500,100
54206704339848,15:03:26.704,58.3500,100
54206704339848,15:03:26.704,58.3500,200
54206704339848,15:03:26.704,58.3500,100
54210213086702,15:03:30.213,58.3400,100
54218905121869,15:03:38.905,58.3400,100
54218932288918,15:03:38.932,58.3500,200
54219527900110,15:03:39.527,58.3500,200
54221842832778,15:03:41.842,58.3500,200
54232367691141,15:03:52.367,58.3400,200
54232515254210,15:03:52.515,58.3400,200
54232515254210,15:03:52.515,58.3400,100
54232622726535,15:03:52.622,58.3400,200
54232760648142,15:03:52.760,58.3400,200
54232868241352,15:03:52.868,58.3400,200
54232978361352,15:03:52.978,58.3400,200
54233088618865,15:03:53.088,58.3400,200
54233198019223,15:03:53.198,58.3400,200
54233307618142,15:03:53.307,58.3400,200
54237323222730,15:03:57.323,58.3400,200
54237432632003,15:03:57.432,58.3400,200
54255496271097,15:04:15.496,58.3300,200
54257369847208,15:04:17.369,58.3300,200
54257369847208,15:04:17.369,58.3300,100
54257370431078,15:04:17.370,58.3300,100
54257375266611,15:04:17.375,58.3300,100
54257375266611,15:04:17.375,58.3300,100
54257375266611,15:04:17.375,58.3300,100
54257479517911,15:04:17.479,58.3300,200
54257588329267,15:04:17.588,58.3300,200
54257697441056,15:04:17.697,58.3300,200
54257806530740,15:04:17.806,58.3300,200
54257917285177,15:04:17.917,58.3300,200
54258033020860,15:04:18.033,58.3300,200
54258141409027,15:04:18.141,58.3300,100
54269822678796,15:04:29.822,58.3300,100
54270494730145,15:04:30.494,58.3300,200
54273230711104,15:04:33.230,58.3300,200
54273230711104,15:04:33.230,58.3300,100
54273338514515,15:04:33.338,58.3300,200
54273449287447,15:04:33.449,58.3300,200
54273560036798,15:04:33.560,58.3300,200
54273560036798,15:04:33.560,58.3300,100
54273670603090,15:04:33.670,58.3300,200
54273670603090,15:04:33.670,58.3300,100
54273777065955,15:04:33.777,58.3300,200
54273887459910,15:04:33.887,58.3300,200
54273887459910,15:04:33.887,58.3300,100
54273998458477,15:04:33.998,58.3300,200
54273998458477,15:04:33.998,58.3300,100
54281280252921,15:04:41.280,58.3200,100
54281280321561,15:04:41.280,58.3200,100
54314865189785,15:05:14.865,58.3100,200
54314974123229,15:05:14.974,58.3100,200
54315081357498,15:05:15.081,58.3100,200
54316713464505,15:05:16.713,58.3100,200
54333521798019,15:05:33.521,58.3100,200
54333633400719,15:05:33.633,58.3100,200
54346724635547,15:05:46.724,58.3000,200
54346835440134,15:05:46.835,58.3000,200
54346835440134,15:05:46.835,58.3000,100
54346835484861,15:05:46.835,58.3000,100
54346841026651,15:05:46.841,58.3000,100
54346841026651,15:05:46.841,58.3000,100
54346943498779,15:05:46.943,58.3000,200
54347474908032,15:05:47.474,58.3000,43
54349771887267,15:05:49.771,58.2700,49
54352884248636,15:05:52.884,58.2900,200
54352884248636,15:05:52.884,58.2900,100
54352990960838,15:05:52.990,58.2900,200
54352990960838,15:05:52.990,58.2900,100
54361312613424,15:06:01.312,58.2900,100
54361313312811,15:06:01.313,58.2900,100
54383200423840,15:06:23.200,58.3000,200
54390247088742,15:06:30.247,58.3000,100
54390568636300,15:06:30.568,58.3000,100
54397983897817,15:06:37.983,58.3000,200
54397983897817,15:06:37.983,58.3000,100
54421849143032,15:07:01.849,58.3000,200
54421849143032,15:07:01.849,58.3000,100
54421957048315,15:07:01.957,58.3000,200
54421957048315,15:07:01.957,58.3000,100
54422068177745,15:07:02.068,58.3000,200
54422068177745,15:07:02.068,58.3000,100
54436698709745,15:07:16.698,58.2800,200
54436808859273,15:07:16.808,58.2800,200
54480343783627,15:08:00.343,58.2900,100
54480358834315,15:08:00.358,58.2900,100
54485511557364,15:08:05.511,58.3000,100
54485513052917,15:08:05.513,58.3000,100
54492746345043,15:08:12.746,58.3200,200
54492746345043,15:08:12.746,58.3200,1000
54497715368260,15:08:17.715,58.3200,200
54497715368260,15:08:17.715,58.3200,100
54498308499003,15:08:18.308,58.3200,300
54498308499003,15:08:18.308,58.3200,100
54502766839685,15:08:22.766,58.3200,100
54502766839685,15:08:22.766,58.3200,200
54502766839685,15:08:22.766,58.3200,100
54503177930875,15:08:23.177,58.3200,300
54503177930875,15:08:23.177,58.3200,100
54503177930875,15:08:23.177,58.3200,200
54503223493689,15:08:23.223,58.3200,200
54503223493689,15:08:23.223,58.3200,100
54504536902103,15:08:24.536,58.3200,200
54504536902103,15:08:24.536,58.3200,100
54504537360258,15:08:24.537,58.3200,100
54512689654449,15:08:32.689,58.3200,100
54521332654159,15:08:41.332,58.3100,74
54544494627383,15:09:04.494,58.3100,200
54544494627383,15:09:04.494,58.3100,100
54544515230702,15:09:04.515,58.3100,100
54544515230702,15:09:04.515,58.3100,300
54544543740607,15:09:04.543,58.3100,200
54544543740607,15:09:04.543,58.3100,400
54544543740607,15:09:04.543,58.3100,100
54544921865522,15:09:04.921,58.3000,18
54551431418791,15:09:11.431,58.2900,200
54551431418791,15:09:11.431,58.2900,100
54551542154741,15:09:11.542,58.2900,200
54551542154741,15:09:11.542,58.2900,100
54551542154741,15:09:11.542,58.2900,100
54551648064889,15:09:11.648,58.2900,100
54559500412966,15:09:19.500,58.2900,100
54567096118498,15:09:27.096,58.2900,100
54576394175775,15:09:36.394,58.2900,200
54576396559498,15:09:36.396,58.3000,200
54576396559498,15:09:36.396,58.3000,1800
54576396559498,15:09:36.396,58.3000,71
54664770205349,15:11:04.770,58.2000,100
54664770205349,15:11:04.770,58.2000,200
54771682800546,15:12:51.682,58.2300,100
54811555047272,15:13:31.555,58.2600,74
54996931972473,15:16:36.931,58.3000,74
54997149797587,15:16:37.149,58.3000,18
55059063754516,15:17:39.063,58.2500,200
55106328865882,15:18:26.328,58.2800,100
55106328865882,15:18:26.328,58.2800,106
55185229499917,15:19:45.229,58.3000,200
55185229499917,15:19:45.229,58.3000,200
55204101783083,15:20:04.101,58.3200,200
55204101783083,15:20:04.101,58.3200,200
55204105175601,15:20:04.105,58.3200,100
55204105175601,15:20:04.105,58.3200,100
55204105175601,15:20:04.105,58.3200,100
55204132375640,15:20:04.132,58.3100,100
55673123666112,15:27:53.123,58.3000,166
56498836125554,15:41:38.836,58.1700,100
56580119315714,15:43:00.119,58.2100,9
56652577058735,15:44:12.577,58.2300,100
57300105558088,15:55:00.105,58.2400,200
57300274235327,15:55:00.274,58.2400,12
57300274243764,15:55:00.274,58.2400,38
57300484309265,15:55:00.484,58.2300,100
57300484577168,15:55:00.484,58.2400,100
57300484577168,15:55:00.484,58.2400,100
57300484577168,15:55:00.484,58.2400,100
57300484577168,15:55:00.484,58.2400,100
57300486075174,15:55:00.486,58.2400,100
57300486075174,15:55:00.486,58.2400,300
57300941652798,15:55:00.941,58.2400,50
57300943673865,15:55:00.943,58.2400,150
57467944220598,15:57:47.944,58.2700,6
57563978240599,15:59:23.978,58.2800,100
57563978240599,15:59:23.978,58.2800,200
57572839458799,15:59:32.839,58.2700,18
57591042982860,15:59:51.042,58.2700,15
57596021124423,15:59:56.021,58.2800,19
57596295739987,15:59:56.295,58.2800,2
57600203137705,16:00:00.203,0.0000,0
