timestamp,time,price,volume
34200846892312,09:30:00.846,47.1800,100
34207144879277,09:30:07.144,47.4300,33
34230071905396,09:30:30.071,47.4300,50
34230071905396,09:30:30.071,47.4300,50
34230071931879,09:30:30.071,47.4300,50
34230072585157,09:30:30.072,47.4300,100
34230075584861,09:30:30.075,47.4300,100
34281706251240,09:31:21.706,47.4000,100
34281706926965,09:31:21.706,47.4000,100
34350343583301,09:32:30.343,47.3500,100
34353238945083,09:32:33.238,47.3000,100
34381348052262,09:33:01.348,47.3400,100
34381348052262,09:33:01.348,47.3400,59
34381348052262,09:33:01.348,47.3400,17
34390721815302,09:33:10.721,47.3800,100
34404276959943,09:33:24.276,47.3700,100
34411855895396,09:33:31.855,47.3400,100
34511781986131,09:35:11.781,47.3800,18
34511782010921,09:35:11.782,47.3800,182
34579228739825,09:36:19.228,47.2700,100
34580100681125,09:36:20.100,47.2700,70
34631444516412,09:37:11.444,47.3300,100
34668638722887,09:37:48.638,47.3800,200
34676313195704,09:37:56.313,47.4100,100
34676313527265,09:37:56.313,47.4200,100
34676313542691,09:37:56.313,47.4200,100
34676313645964,09:37:56.313,47.4200,100
34676313671225,09:37:56.313,47.4200,100
34714706683054,09:38:34.706,47.4700,100
34718854896915,09:38:38.854,47.5100,1
34718854922280,09:38:38.854,47.5100,99
34718854922280,09:38:38.854,47.5100,100
34718854922280,09:38:38.854,47.5100,100
34742419654139,09:39:02.419,47.5600,100
34751047218127,09:39:11.047,47.5600,100
34751047321662,09:39:11.047,47.5700,100
34892329175162,09:41:32.329,47.5900,100
34892329175162,09:41:32.329,47.5900,100
34892329235460,09:41:32.329,47.6500,100
34892329515518,09:41:32.329,47.6100,100
34892329606196,09:41:32.329,47.5900,100
34892330741147,09:41:32.330,47.5900,15
34892330880281,09:41:32.330,47.5800,11
34892345184751,09:41:32.345,47.5800,89
34892878482724,09:41:32.878,47.5700,115
34892878482724,09:41:32.878,47.5700,85
34892878860240,09:41:32.878,47.5700,15
34892878897047,09:41:32.878,47.5700,15
34892878897681,09:41:32.878,47.5700,15
34892880651585,09:41:32.880,47.5800,200
34892880677213,09:41:32.880,47.5800,300
34892881128110,09:41:32.881,47.5900,100
34892881128110,09:41:32.881,47.5900,100
34892881478762,09:41:32.881,47.5900,100
34892881821342,09:41:32.881,47.6000,21
34892883137974,09:41:32.883,47.5900,100
34893058735297,09:41:33.058,47.5700,70
34895885644905,09:41:35.885,47.6100,10
34902066219796,09:41:42.066,47.5800,100
34902067312066,09:41:42.067,47.5700,100
34902067626868,09:41:42.067,47.5700,100
35049188197783,09:44:09.188,47.5000,100
35049188197783,09:44:09.188,47.5000,100
35049188197783,09:44:09.188,47.5000,100
35075991980597,09:44:35.991,47.5000,100
35084892667285,09:44:44.892,47.4900,100
35199788062356,09:46:39.788,47.5100,100
35209120512256,09:46:49.120,47.5100,100
35219796729669,09:46:59.796,47.5100,24
35219796729669,09:46:59.796,47.5100,100
35259516888114,09:47:39.516,47.5000,100
35259518691539,09:47:39.518,47.5000,100
35278939642132,09:47:58.939,47.4900,100
35286084510355,09:48:06.084,47.4900,100
35286993846156,09:48:06.993,47.4900,100
35291390220984,09:48:11.390,47.4700,100
35291390220984,09:48:11.390,47.4700,100
35291390220984,09:48:11.390,47.4700,100
35294986827067,09:48:14.986,47.4700,100
35305481505336,09:48:25.481,47.4300,3
35320226000007,09:48:40.226,47.4200,15
35362825850179,09:49:22.825,47.4600,100
35363330472126,09:49:23.330,47.4700,100
35375521171427,09:49:35.521,47.4700,100
35375521231917,09:49:35.521,47.4700,100
35389453266397,09:49:49.453,47.4400,100
35393476583645,09:49:53.476,47.4300,100
35413014842244,09:50:13.014,47.4000,100
35455988739690,09:50:55.988,47.4300,64
35455988764254,09:50:55.988,47.4300,36
35520937429469,09:52:00.937,47.5000,100
35520937429469,09:52:00.937,47.5000,100
35520937429469,09:52:00.937,47.5000,100
35564158346960,09:52:44.158,47.4800,100
35632639782504,09:53:52.639,47.4800,89
35632639808318,09:53:52.639,47.4800,11
35735539852457,09:55:35.539,47.4600,100
35735539852457,09:55:35.539,47.4600,100
35735539852457,09:55:35.539,47.4600,95
35735539882818,09:55:35.539,47.4600,5
35746214197904,09:55:46.214,47.4400,100
35754786255656,09:55:54.786,47.4100,100
35761429504909,09:56:01.429,47.3800,100
35761429582826,09:56:01.429,47.3900,100
35763513115412,09:56:03.513,47.4000,100
35763513115412,09:56:03.513,47.4000,100
35763513115412,09:56:03.513,47.4000,100
35826228990363,09:57:06.228,47.4500,100
35826230323609,09:57:06.230,47.4700,18
35826230366455,09:57:06.230,47.4700,10
35826238441035,09:57:06.238,47.4500,38
35826238441035,09:57:06.238,47.4500,100
35826238441035,09:57:06.238,47.4500,100
36081325023256,10:01:21.325,47.4400,100
36081325047782,10:01:21.325,47.4400,100
36081325047782,10:01:21.325,47.4400,100
36081325047782,10:01:21.325,47.4400,132
36088745761617,10:01:28.745,47.4200,100
36089230950714,10:01:29.230,47.4200,100
36104963967920,10:01:44.963,47.4200,100
36105148206140,10:01:45.148,47.4200,100
36106010493439,10:01:46.010,47.4300,100
36106010656318,10:01:46.010,47.4300,2
36112231479431,10:01:52.231,47.4300,100
36112231503852,10:01:52.231,47.4300,100
36123349441233,10:02:03.349,47.4200,100
36123349441233,10:02:03.349,47.4200,100
36123419801656,10:02:03.419,47.4200,100
36128550261018,10:02:08.550,47.4200,17
36166317779606,10:02:46.317,47.4300,36
36166317779606,10:02:46.317,47.4300,64
36166317805265,10:02:46.317,47.4300,36
36166396094446,10:02:46.396,47.4400,100
36166396122066,10:02:46.396,47.4400,100
36166689111402,10:02:46.689,47.4400,100
36169041476743,10:02:49.041,47.4100,50
36171206416979,10:02:51.206,47.4000,100
36171479445479,10:02:51.479,47.3900,100
36171483979926,10:02:51.483,47.3800,100
36173863337597,10:02:53.863,47.3900,100
36173863337597,10:02:53.863,47.3900,100
36173871332654,10:02:53.871,47.4000,100
36176908120341,10:02:56.908,47.3900,24
36176908144936,10:02:56.908,47.3900,76
36176908989571,10:02:56.908,47.3900,100
36176909318608,10:02:56.909,47.3800,100
36184914714764,10:03:04.914,47.3800,100
36185475337999,10:03:05.475,47.3900,100
36186633215328,10:03:06.633,47.4000,100
36186633241168,10:03:06.633,47.4000,100
36186633241168,10:03:06.633,47.4000,100
36186633241168,10:03:06.633,47.4000,100
36186633241168,10:03:06.633,47.4000,100
36186633241168,10:03:06.633,47.4000,100
36186633241168,10:03:06.633,47.4000,200
36275632369657,10:04:35.632,47.4200,34
36290973359762,10:04:50.973,47.4200,18
36290973359762,10:04:50.973,47.4200,82
36290973412225,10:04:50.973,47.4200,18
36290973412225,10:04:50.973,47.4200,11
36300115446529,10:05:00.115,47.4100,100
36304775632030,10:05:04.775,47.3900,7
36304775655774,10:05:04.775,47.3900,293
36304776440903,10:05:04.776,47.4000,4
36309577357468,10:05:09.577,47.4000,96
36317800795657,10:05:17.800,47.3800,100
36317803583811,10:05:17.803,47.3900,198
36319444196150,10:05:19.444,47.3900,100
36321463004976,10:05:21.463,47.4000,100
36325184916822,10:05:25.184,47.4000,100
36325218811742,10:05:25.218,47.4000,100
36341356740510,10:05:41.356,47.4100,100
36343221027098,10:05:43.221,47.4000,100
36381421975596,10:06:21.421,47.4100,19
36381421975596,10:06:21.421,47.4100,81
36381422001346,10:06:21.422,47.4100,19
36381422281631,10:06:21.422,47.4100,100
36381422307645,10:06:21.422,47.4100,100
36395688644172,10:06:35.688,47.4000,100
36395688644172,10:06:35.688,47.4000,100
36395688644172,10:06:35.688,47.4000,100
36395690517062,10:06:35.690,47.3900,100
36396005603058,10:06:36.005,47.3700,200
36396005603058,10:06:36.005,47.3700,100
36396514046922,10:06:36.514,47.3700,100
36396514046922,10:06:36.514,47.3700,100
36399145841707,10:06:39.145,47.3700,23
36399145841707,10:06:39.145,47.3700,77
36399145867444,10:06:39.145,47.3700,23
36415840361801,10:06:55.840,47.4100,100
36422254693674,10:07:02.254,47.4100,100
36444875100667,10:07:24.875,47.3700,200
36444875100667,10:07:24.875,47.3700,100
36467761864803,10:07:47.761,47.4000,100
36467761864803,10:07:47.761,47.4000,100
36492180567460,10:08:12.180,47.3800,100
36574199418962,10:09:34.199,47.4000,19
36574199822646,10:09:34.199,47.4000,100
36577149212360,10:09:37.149,47.4000,182
36596264118428,10:09:56.264,47.4200,100
36598286438358,10:09:58.286,47.4300,100
36598286612547,10:09:58.286,47.4300,100
36599722111984,10:09:59.722,47.4200,100
36599803245273,10:09:59.803,47.4200,100
36654283556463,10:10:54.283,47.4300,18
36654283556463,10:10:54.283,47.4300,3
36654283556463,10:10:54.283,47.4300,100
36654314347222,10:10:54.314,47.4500,24
36654314372814,10:10:54.314,47.4500,76
36654315766522,10:10:54.315,47.4500,10
36654315766522,10:10:54.315,47.4500,90
36680907679552,10:11:20.907,47.4500,100
36680907679552,10:11:20.907,47.4500,100
36680907679552,10:11:20.907,47.4500,100
36680907679552,10:11:20.907,47.4500,100
36680908763228,10:11:20.908,47.4400,1
36700024930730,10:11:40.024,47.4700,100
36700261483927,10:11:40.261,47.4700,100
36700261483927,10:11:40.261,47.4700,100
36701213041829,10:11:41.213,47.4700,100
36740023728848,10:12:20.023,47.5100,100
36756726589967,10:12:36.726,47.5100,100
36756726589967,10:12:36.726,47.5100,100
36756728040133,10:12:36.728,47.5000,100
36756728263391,10:12:36.728,47.5000,23
36756728290767,10:12:36.728,47.5000,77
36797999218009,10:13:17.999,47.5000,100
36797999218009,10:13:17.999,47.5000,100
36798002591309,10:13:18.002,47.4800,100
36798006665715,10:13:18.006,47.4900,5
36798006689844,10:13:18.006,47.4900,95
36798293000437,10:13:18.293,47.5000,18
36798456046007,10:13:18.456,47.5100,100
36798456046007,10:13:18.456,47.5100,100
36798456824238,10:13:18.456,47.5100,100
36799128157598,10:13:19.128,47.5200,100
36799128473616,10:13:19.128,47.5300,40
36799128499565,10:13:19.128,47.5300,60
36799128499565,10:13:19.128,47.5300,100
36843397555166,10:14:03.397,47.5300,100
36843397579578,10:14:03.397,47.5300,100
36843397579578,10:14:03.397,47.5300,100
36848240902883,10:14:08.240,47.5000,100
36848240927068,10:14:08.240,47.5000,100
36926917197141,10:15:26.917,47.4700,100
36926917197141,10:15:26.917,47.4700,100
36927564078775,10:15:27.564,47.4700,100
36927585374216,10:15:27.585,47.4800,100
36936333968575,10:15:36.333,47.4500,100
36936334362255,10:15:36.334,47.4500,100
36936334494544,10:15:36.334,47.4500,15
36936334494544,10:15:36.334,47.4500,100
36936913416149,10:15:36.913,47.4500,100
36939742201770,10:15:39.742,47.4800,18
36963603142402,10:16:03.603,47.5100,4
36969913381375,10:16:09.913,47.5200,100
36969913381375,10:16:09.913,47.5200,19
36969923702289,10:16:09.923,47.5200,20
36969923727152,10:16:09.923,47.5200,80
36969923727152,10:16:09.923,47.5200,100
36969949632053,10:16:09.949,47.5200,100
36970468264809,10:16:10.468,47.5250,100
36970468264809,10:16:10.468,47.5200,100
36970468436740,10:16:10.468,47.5200,100
36970543196041,10:16:10.543,47.5200,100
36981140618182,10:16:21.140,47.5150,100
36981140632172,10:16:21.140,47.5100,100
37038193102063,10:17:18.193,47.4800,100
37038193526623,10:17:18.193,47.4800,11
37038193546563,10:17:18.193,47.4800,89
37067600523106,10:17:47.600,47.4600,100
37074404125667,10:17:54.404,47.4500,40
37074404151556,10:17:54.404,47.4500,360
37074404151556,10:17:54.404,47.4500,100
37093826539783,10:18:13.826,47.4300,100
37115462325000,10:18:35.462,47.4300,15
37132130263964,10:18:52.130,47.4300,100
37132132456544,10:18:52.132,47.4400,100
37132132456544,10:18:52.132,47.4400,18
37132132456544,10:18:52.132,47.4400,100
37134828455164,10:18:54.828,47.4600,100
37134832483438,10:18:54.832,47.4800,100
37149716754139,10:19:09.716,47.4900,100
37150598155619,10:19:10.598,47.4900,100
37150598155619,10:19:10.598,47.4900,100
37162996685466,10:19:22.996,47.4800,100
37171251069501,10:19:31.251,47.4900,100
37196325017291,10:19:56.325,47.5400,100
37196332171940,10:19:56.332,47.5600,100
37196359385937,10:19:56.359,47.5700,200
37196372274943,10:19:56.372,47.5800,100
37196377523434,10:19:56.377,47.5800,100
37196388539372,10:19:56.388,47.6000,100
37196397250802,10:19:56.397,47.6100,100
37214351003590,10:20:14.351,47.6100,74
37214351003590,10:20:14.351,47.6100,17
37214351028852,10:20:14.351,47.6100,4
37214351028852,10:20:14.351,47.6100,100
37215162187799,10:20:15.162,47.6200,30
37215162204309,10:20:15.162,47.6200,70
37215162204309,10:20:15.162,47.6200,100
37215164281552,10:20:15.164,47.6100,100
37215167011711,10:20:15.167,47.6100,100
37215167011711,10:20:15.167,47.6100,100
37267199668698,10:21:07.199,47.6500,100
37273529472561,10:21:13.529,47.6600,100
37273529472561,10:21:13.529,47.6600,100
37273530893357,10:21:13.530,47.6500,157
37278185673112,10:21:18.185,47.6000,100
37278185673112,10:21:18.185,47.6000,100
37322062184441,10:22:02.062,47.6400,100
37322062508453,10:22:02.062,47.6400,100
37322062534879,10:22:02.062,47.6400,1
37322062979095,10:22:02.062,47.6400,99
37322062979095,10:22:02.062,47.6400,100
37327040921382,10:22:07.040,47.6500,100
37327040921382,10:22:07.040,47.6500,19
37327041545569,10:22:07.041,47.6500,33
37327041697919,10:22:07.041,47.6500,67
37327042670898,10:22:07.042,47.6500,100
37327042670898,10:22:07.042,47.6500,43
37327042778738,10:22:07.042,47.6500,57
37327042778738,10:22:07.042,47.6500,83
37327042808857,10:22:07.042,47.6500,17
37327043358350,10:22:07.043,47.6600,100
37327043358350,10:22:07.043,47.6600,100
37359378672432,10:22:39.378,47.6600,100
37360582235040,10:22:40.582,47.6500,100
37360582235040,10:22:40.582,47.6500,100
37361024499125,10:22:41.024,47.6500,200
37361024683699,10:22:41.024,47.6500,70
37363006348008,10:22:43.006,47.6400,100
37385784044011,10:23:05.784,47.6200,50
37385810500247,10:23:05.810,47.6200,50
37385810500247,10:23:05.810,47.6200,50
37385828229130,10:23:05.828,47.6200,50
37385828229130,10:23:05.828,47.6200,50
37385828280976,10:23:05.828,47.6200,80
37385831751249,10:23:05.831,47.6300,100
37395896727941,10:23:15.896,47.6600,100
37421196748690,10:23:41.196,47.6700,200
37452955563733,10:24:12.955,47.7000,20
37452955828894,10:24:12.955,47.7100,100
37456419270440,10:24:16.419,47.7200,100
37456419434757,10:24:16.419,47.7200,16
37456419436831,10:24:16.419,47.7200,84
37491902690509,10:24:51.902,47.6900,100
37491912432236,10:24:51.912,47.6900,100
37515058498979,10:25:15.058,47.7000,100
37515058971560,10:25:15.058,47.7000,100
37515059891924,10:25:15.059,47.7000,100
37518184743790,10:25:18.184,47.7000,100
37518185593954,10:25:18.185,47.7000,100
37536334577572,10:25:36.334,47.7000,17
37536334590189,10:25:36.334,47.7000,83
37536334590189,10:25:36.334,47.7000,100
37536351194027,10:25:36.351,47.6900,43
37562892343697,10:26:02.892,47.6900,100
37562892343697,10:26:02.892,47.6900,100
37562892449659,10:26:02.892,47.6900,100
37562893159477,10:26:02.893,47.6900,100
37562893930299,10:26:02.893,47.6900,1
37562894063734,10:26:02.894,47.6900,100
37562894066418,10:26:02.894,47.6800,100
37562895542537,10:26:02.895,47.6700,50
37562896157028,10:26:02.896,47.6500,100
37565917042541,10:26:05.917,47.6600,200
37567300474042,10:26:07.300,47.6600,100
37567300661472,10:26:07.300,47.6600,100
37586922826180,10:26:26.922,47.6500,100
37605747655123,10:26:45.747,47.6400,100
37605747655123,10:26:45.747,47.6400,100
37637195062532,10:27:17.195,47.6500,8
37637498549180,10:27:17.498,47.6700,100
37651209433553,10:27:31.209,47.7000,100
37690373045204,10:28:10.373,47.6800,100
37691587548349,10:28:11.587,47.6800,100
37693686661760,10:28:13.686,47.6900,200
37693686686641,10:28:13.686,47.6900,80
37693686696674,10:28:13.686,47.6900,20
37694615678000,10:28:14.615,47.7200,18
37743091105686,10:29:03.091,47.7300,100
37753734399419,10:29:13.734,47.7300,100
37753742622513,10:29:13.742,47.7400,100
37755170666599,10:29:15.170,47.7400,100
37757440379240,10:29:17.440,47.7400,100
37802966365276,10:30:02.966,47.7500,100
37802966365276,10:30:02.966,47.7500,100
37810101024557,10:30:10.101,47.7600,100
37811588525757,10:30:11.588,47.7500,1
37831327377533,10:30:31.327,47.7800,100
37834205460280,10:30:34.205,47.7900,100
37839162163642,10:30:39.162,47.7800,100
37844997256315,10:30:44.997,47.7900,18
37844997256315,10:30:44.997,47.7900,182
37844997290703,10:30:44.997,47.7900,18
37863254921530,10:31:03.254,47.8100,100
37873257146956,10:31:13.257,47.8000,100
37905735887322,10:31:45.735,47.7800,88
37905735888918,10:31:45.735,47.7800,12
37905736533770,10:31:45.736,47.7700,100
37934942082823,10:32:14.942,47.7600,100
37934942082823,10:32:14.942,47.7600,32
37934942084772,10:32:14.942,47.7600,68
37934942084772,10:32:14.942,47.7600,18
37942061459618,10:32:22.061,47.7900,100
37954521993481,10:32:34.521,47.8200,100
37964224142773,10:32:44.224,47.8300,100
37964224168018,10:32:44.224,47.8300,100
37964227675749,10:32:44.227,47.8200,100
38031843022900,10:33:51.843,47.8200,100
38034706334089,10:33:54.706,47.8200,100
38034706363135,10:33:54.706,47.8200,200
38046326839683,10:34:06.326,47.8400,18
38048038069689,10:34:08.038,47.8300,100
38048038069689,10:34:08.038,47.8300,27
38048038076382,10:34:08.038,47.8300,66
38091829829828,10:34:51.829,47.8000,100
38091829865383,10:34:51.829,47.8000,100
38091829865383,10:34:51.829,47.8000,32
38091829867649,10:34:51.829,47.8000,68
38091829867649,10:34:51.829,47.8000,132
38091829875267,10:34:51.829,47.8000,68
38101763707871,10:35:01.763,47.8200,100
38124608642565,10:35:24.608,47.8100,100
38124608642565,10:35:24.608,47.8100,16
38188645620650,10:36:28.645,47.8200,100
38188645620650,10:36:28.645,47.8200,100
38188726624547,10:36:28.726,47.8200,100
38190098842812,10:36:30.098,47.8300,17
38190098842812,10:36:30.098,47.8300,83
38193108008008,10:36:33.108,47.8300,100
38197575137982,10:36:37.575,47.8300,100
38230232800551,10:37:10.232,47.8300,100
38230232800551,10:37:10.232,47.8300,100
38230232800551,10:37:10.232,47.8300,100
38230233244449,10:37:10.233,47.8200,68
38230233245978,10:37:10.233,47.8200,32
38235644549552,10:37:15.644,47.8100,100
38235644549552,10:37:15.644,47.8100,100
38235656778125,10:37:15.656,47.8300,100
38235656845328,10:37:15.656,47.8200,100
38235669198410,10:37:15.669,47.8300,100
38235669198410,10:37:15.669,47.8300,100
38235669198410,10:37:15.669,47.8300,15
38235679259986,10:37:15.679,47.8300,15
38235679259986,10:37:15.679,47.8400,200
38235694527937,10:37:15.694,47.8500,100
38235733545360,10:37:15.733,47.8700,200
38235733545360,10:37:15.733,47.8700,55
38235733545360,10:37:15.733,47.8700,5
38235733545360,10:37:15.733,47.8700,40
38235733545360,10:37:15.733,47.8700,100
38235752093363,10:37:15.752,47.8800,100
38235765948063,10:37:15.765,47.8700,100
38235765948063,10:37:15.765,47.8700,100
38235766505483,10:37:15.766,47.8700,100
38235771394522,10:37:15.771,47.8700,100
38235771394522,10:37:15.771,47.8700,100
38235771394522,10:37:15.771,47.8700,100
38235781740885,10:37:15.781,47.8700,100
38237704946335,10:37:17.704,47.8600,100
38263482752659,10:37:43.482,47.8100,100
38287128070214,10:38:07.128,47.7900,18
38287129264434,10:38:07.129,47.8000,100
38310528441507,10:38:30.528,47.8300,100
38310528728566,10:38:30.528,47.8200,31
38310531022501,10:38:30.531,47.8300,100
38310531048402,10:38:30.531,47.8300,200
38314140425651,10:38:34.140,47.8300,33
38314140464443,10:38:34.140,47.8300,67
38314140493037,10:38:34.140,47.8300,100
38314259504753,10:38:34.259,47.8300,3
38314259510592,10:38:34.259,47.8300,66
38340439315735,10:39:00.439,47.8300,66
38345024046866,10:39:05.024,47.8500,73
38345024140353,10:39:05.024,47.8500,27
38366854151056,10:39:26.854,47.8600,100
38372758209086,10:39:32.758,47.8400,100
38412958177781,10:40:12.958,47.8400,100
38412958177781,10:40:12.958,47.8400,100
38412958177781,10:40:12.958,47.8400,17
38414862879482,10:40:14.862,47.8400,51
38414863523310,10:40:14.863,47.8400,14
38414863573923,10:40:14.863,47.8400,35
38436526357594,10:40:36.526,47.8300,10
38463817269070,10:41:03.817,47.8100,100
38463817269070,10:41:03.817,47.8100,100
38484541028087,10:41:24.541,47.8100,100
38484541028087,10:41:24.541,47.8100,100
38484541028087,10:41:24.541,47.8100,100
38484541028087,10:41:24.541,47.8100,100
38484541427049,10:41:24.541,47.8100,100
38484541499774,10:41:24.541,47.8100,100
38489003129560,10:41:29.003,47.7900,100
38496621143587,10:41:36.621,47.8000,100
38531882424253,10:42:11.882,47.8000,100
38531882449213,10:42:11.882,47.8000,76
38581488482039,10:43:01.488,47.7700,100
38581488482039,10:43:01.488,47.7700,100
38581488482039,10:43:01.488,47.7700,17
38586492665152,10:43:06.492,47.8100,200
38643817018847,10:44:03.817,47.7900,22
38643817023863,10:44:03.817,47.7900,78
38643817023863,10:44:03.817,47.7900,100
38643817023863,10:44:03.817,47.7900,22
38643817030443,10:44:03.817,47.7900,78
38643817030443,10:44:03.817,47.7900,103
38643817030443,10:44:03.817,47.7900,16
38758136140895,10:45:58.136,47.8500,100
38758136140895,10:45:58.136,47.8500,98
38758136141672,10:45:58.136,47.8500,2
38773607832788,10:46:13.607,47.8500,17
38773607858683,10:46:13.607,47.8600,100
38773607858683,10:46:13.607,47.8600,100
38773607858683,10:46:13.607,47.8600,13
38773607870185,10:46:13.607,47.8600,66
38773610165764,10:46:13.610,47.8500,21
38773616982219,10:46:13.616,47.8500,100
38773660735739,10:46:13.660,47.8500,100
38812385528810,10:46:52.385,47.8400,33
38812385528810,10:46:52.385,47.8400,100
38823737020617,10:47:03.737,47.8100,100
38828520909032,10:47:08.520,47.7900,100
38838980258701,10:47:18.980,47.8100,100
38860170042996,10:47:40.170,47.8100,100
38861969484122,10:47:41.969,47.8100,100
38878151522415,10:47:58.151,47.8000,48
38880943352996,10:48:00.943,47.8000,52
38902967325276,10:48:22.967,47.7800,8
38902967328521,10:48:22.967,47.7800,66
38913862101188,10:48:33.862,47.7800,26
38913862101188,10:48:33.862,47.7800,74
38924383110709,10:48:44.383,47.7700,100
38926640971876,10:48:46.640,47.7700,100
38926640971876,10:48:46.640,47.7700,100
38940467055541,10:49:00.467,47.7600,200
38941068931791,10:49:01.068,47.7600,55
38950363401040,10:49:10.363,47.7600,100
38960691621289,10:49:20.691,47.7600,100
38960848890997,10:49:20.848,47.7700,100
38960848953991,10:49:20.848,47.7800,38
38960849717929,10:49:20.849,47.7900,33
38960921495789,10:49:20.921,47.7900,10
38975317941290,10:49:35.317,47.8000,100
38982390929422,10:49:42.390,47.8000,100
38990995841791,10:49:50.995,47.8000,17
38990995841791,10:49:50.995,47.8000,100
39016242747949,10:50:16.242,47.8100,32
39041945043053,10:50:41.945,47.7900,100
39060930182807,10:51:00.930,47.7600,100
39068023444388,10:51:08.023,47.7600,53
39068023513275,10:51:08.023,47.7600,47
39073995458865,10:51:13.995,47.7600,47
39073995458865,10:51:13.995,47.7600,100
39073995458865,10:51:13.995,47.7600,53
39073995580393,10:51:13.995,47.7600,47
39074011292811,10:51:14.011,47.7600,100
39082342048738,10:51:22.342,47.7700,100
39082342048738,10:51:22.342,47.7700,118
39082342048738,10:51:22.342,47.7700,16
39180653346465,10:53:00.653,47.7900,100
39180653346465,10:53:00.653,47.7900,100
39180653346465,10:53:00.653,47.7900,100
39180653346465,10:53:00.653,47.7900,100
39181017969364,10:53:01.017,47.7900,100
39190936182667,10:53:10.936,47.7900,253
39190936208510,10:53:10.936,47.7900,34
39200357046941,10:53:20.357,47.7900,16
39202643285248,10:53:22.643,47.8000,90
39220242254935,10:53:40.242,47.8000,100
39220242254935,10:53:40.242,47.8000,100
39230780108935,10:53:50.780,47.7900,100
39249128187046,10:54:09.128,47.7900,16
39255510408989,10:54:15.510,47.8100,100
39283646924039,10:54:43.646,47.8100,100
39285020652791,10:54:45.020,47.8100,100
39295329792753,10:54:55.329,47.8100,100
39308627478505,10:55:08.627,47.8200,100
39310697483021,10:55:10.697,47.8300,2
39310697678232,10:55:10.697,47.8300,100
39310698370353,10:55:10.698,47.8200,100
39311261954503,10:55:11.261,47.8200,37
39311261957610,10:55:11.261,47.8200,63
39322708058269,10:55:22.708,47.8300,83
39322708084875,10:55:22.708,47.8300,17
39323176197279,10:55:23.176,47.8400,90
39323831111651,10:55:23.831,47.8400,100
39323831111651,10:55:23.831,47.8400,100
39333281284017,10:55:33.281,47.8300,100
39346448837315,10:55:46.448,47.8300,100
39346449167015,10:55:46.449,47.8400,100
39368088362845,10:56:08.088,47.8300,20
39368088362845,10:56:08.088,47.8300,100
39420469946228,10:57:00.469,47.8300,100
39420471927340,10:57:00.471,47.8300,100
39420474332951,10:57:00.474,47.8200,100
39420474332951,10:57:00.474,47.8200,100
39420474332951,10:57:00.474,47.8200,100
39420474361235,10:57:00.474,47.8100,26
39420761501997,10:57:00.761,47.8200,100
39421478343857,10:57:01.478,47.8200,32
39424792024024,10:57:04.792,47.8200,100
39424799113917,10:57:04.799,47.8200,100
39424799113917,10:57:04.799,47.8200,100
39444585723522,10:57:24.585,47.8000,16
39444585723522,10:57:24.585,47.8000,100
39444671720136,10:57:24.671,47.8100,49
39444671781209,10:57:24.671,47.8100,13
39444671804380,10:57:24.671,47.8100,29
39444720258550,10:57:24.720,47.8100,9
39449991342830,10:57:29.991,47.8200,100
39466046192294,10:57:46.046,47.8000,26
39467499963669,10:57:47.499,47.7800,100
39468734683926,10:57:48.734,47.7600,2
39471101524320,10:57:51.101,47.7600,98
39473472923060,10:57:53.472,47.7700,100
39487179455313,10:58:07.179,47.7900,15
39533991291830,10:58:53.991,47.7800,100
39533991291830,10:58:53.991,47.7800,100
39595810186457,10:59:55.810,47.8200,100
39601232931136,11:00:01.232,47.8500,100
39602111034748,11:00:02.111,47.8700,100
39602223798861,11:00:02.223,47.8800,1
39612699345007,11:00:12.699,47.8900,100
39612699345007,11:00:12.699,47.8900,17
39615123019791,11:00:15.123,47.9000,3
39617844356516,11:00:17.844,47.9100,1
39662825897283,11:01:02.825,47.9000,100
39662826879217,11:01:02.826,47.9000,272
39662905620364,11:01:02.905,47.9100,99
39662905620364,11:01:02.905,47.9100,100
39662905620364,11:01:02.905,47.9100,73
39662905673899,11:01:02.905,47.9200,100
39662906638177,11:01:02.906,47.9100,100
39662907216185,11:01:02.907,47.9000,100
39662989963904,11:01:02.989,47.9000,100
39662989963904,11:01:02.989,47.9000,100
39662990062241,11:01:02.990,47.9000,200
39663209798470,11:01:03.209,47.9100,100
39663462157195,11:01:03.462,47.9400,100
39663478129404,11:01:03.478,47.9500,100
39663494939990,11:01:03.494,47.9400,4
39675695061978,11:01:15.695,47.9400,100
39681830053545,11:01:21.830,47.9300,100
39681830053545,11:01:21.830,47.9300,200
39681830083649,11:01:21.830,47.9300,100
39681830430254,11:01:21.830,47.9300,136
39681830433858,11:01:21.830,47.9300,63
39681830439205,11:01:21.830,47.9300,1
39722187451422,11:02:02.187,47.9700,200
39722379833552,11:02:02.379,47.9800,100
39722508864647,11:02:02.508,47.9900,100
39722622865636,11:02:02.622,48.0000,100
39736069504339,11:02:16.069,47.9900,97
39736069584004,11:02:16.069,47.9900,3
39756146210402,11:02:36.146,47.9900,100
39756146210402,11:02:36.146,47.9900,200
39762467436877,11:02:42.467,48.0000,100
39762467436877,11:02:42.467,48.0000,100
39762467827973,11:02:42.467,48.0000,200
39762469384656,11:02:42.469,48.0000,100
39762469384656,11:02:42.469,48.0000,100
39762505552527,11:02:42.505,47.9900,200
39766223544255,11:02:46.223,47.9900,17
39791021804177,11:03:11.021,47.9900,100
39795340760526,11:03:15.340,47.9900,100
39857296428047,11:04:17.296,48.0100,100
39857296428047,11:04:17.296,48.0100,100
39857296428047,11:04:17.296,48.0100,17
39857296428047,11:04:17.296,48.0100,183
39857296461756,11:04:17.296,48.0100,17
39857296461756,11:04:17.296,48.0100,15
39869593493020,11:04:29.593,48.0100,100
39871703007928,11:04:31.703,48.0000,89
39871703085690,11:04:31.703,48.0000,11
39871703085690,11:04:31.703,48.0000,100
39871703085690,11:04:31.703,48.0000,100
39871703085690,11:04:31.703,48.0000,100
39871703189553,11:04:31.703,48.0000,100
39871705436048,11:04:31.705,47.9900,100
39871705468821,11:04:31.705,47.9900,100
39920696421871,11:05:20.696,47.9800,100
39949514847597,11:05:49.514,47.9600,26
39949514849488,11:05:49.514,47.9600,63
39949514866883,11:05:49.514,47.9600,11
39980188684594,11:06:20.188,47.9600,100
39980188684594,11:06:20.188,47.9600,17
39980188684594,11:06:20.188,47.9600,183
39980188714787,11:06:20.188,47.9600,10
39982581011821,11:06:22.581,47.9700,100
39982581313067,11:06:22.581,47.9800,100
39982581313067,11:06:22.581,47.9800,37
39982581316850,11:06:22.581,47.9800,63
39982665802236,11:06:22.665,47.9800,56
39982676235555,11:06:22.676,47.9800,44
40016479967212,11:06:56.479,48.0000,100
40036129208720,11:07:16.129,47.9900,100
40036216123292,11:07:16.216,47.9900,100
40050435497091,11:07:30.435,47.9800,5
40050436145587,11:07:30.436,47.9800,95
40050436145587,11:07:30.436,47.9800,100
40053497664400,11:07:33.497,47.9700,100
40059021375057,11:07:39.021,47.9800,100
40094774495896,11:08:14.774,47.9400,100
40094774503196,11:08:14.774,47.9400,100
40094774540711,11:08:14.774,47.9500,100
40123776097641,11:08:43.776,47.9600,100
40123776097641,11:08:43.776,47.9600,100
40135050854227,11:08:55.050,47.9900,8
40135051135394,11:08:55.051,47.9700,2
40135051139124,11:08:55.051,47.9700,62
40135052072626,11:08:55.052,47.9700,100
40157154975542,11:09:17.154,47.9700,100
40162570601718,11:09:22.570,48.0000,9
40183259503822,11:09:43.259,48.0000,100
40183259503822,11:09:43.259,48.0000,63
40183259531668,11:09:43.259,48.0000,7
40183259549501,11:09:43.259,48.0000,30
40225688783912,11:10:25.688,47.9800,7
40225688783912,11:10:25.688,47.9800,93
40225688830503,11:10:25.688,47.9800,7
40225688830503,11:10:25.688,47.9800,100
40225789528102,11:10:25.789,48.0000,18
40233880553397,11:10:33.880,48.0000,38
40233880592976,11:10:33.880,48.0000,62
40233880592976,11:10:33.880,48.0000,47
40233880616242,11:10:33.880,48.0000,53
40250272276801,11:10:50.272,47.9900,100
40253378466853,11:10:53.378,47.9700,100
40315528033791,11:11:55.528,47.9400,37
40315528154127,11:11:55.528,47.9400,63
40315528154127,11:11:55.528,47.9400,100
40317517791939,11:11:57.517,47.9400,100
40317518371741,11:11:57.518,47.9400,100
40317817957099,11:11:57.817,47.9500,100
40318263429559,11:11:58.263,47.9600,100
40408716590392,11:13:28.716,47.9800,100
40408718885207,11:13:28.718,47.9800,100
40408719053790,11:13:28.719,47.9800,100
40427190917366,11:13:47.190,47.9800,18
40427190917366,11:13:47.190,47.9800,82
40427190956049,11:13:47.190,47.9800,18
40443014868398,11:14:03.014,48.0000,100
40443775410077,11:14:03.775,48.0000,200
40443775410077,11:14:03.775,48.0000,100
40443775927551,11:14:03.775,48.0000,100
40449144623462,11:14:09.144,47.9900,100
40481460532064,11:14:41.460,47.9900,100
40481460532064,11:14:41.460,47.9900,100
40481460631591,11:14:41.460,47.9900,63
40481460662989,11:14:41.460,47.9900,37
40481460662989,11:14:41.460,47.9900,100
40508088369704,11:15:08.088,47.9900,85
40508088421614,11:15:08.088,47.9900,15
40508089854442,11:15:08.089,47.9800,100
40510654913419,11:15:10.654,47.9800,19
40510654971036,11:15:10.654,47.9800,81
40519786487187,11:15:19.786,47.9800,19
40519786487187,11:15:19.786,47.9800,81
40519786513650,11:15:19.786,47.9800,19
40529119443273,11:15:29.119,48.0100,100
40529119526390,11:15:29.119,48.0100,100
40531297466494,11:15:31.297,47.9900,87
40531297474080,11:15:31.297,47.9900,13
40535737135270,11:15:35.737,47.9700,100
40556211893893,11:15:56.211,47.9400,100
40556211895524,11:15:56.211,47.9400,100
40556211895524,11:15:56.211,47.9400,3
40556211907846,11:15:56.211,47.9400,24
40556211931307,11:15:56.211,47.9400,73
40565364337686,11:16:05.364,47.9500,100
40565364361610,11:16:05.364,47.9500,17
40611980792271,11:16:51.980,47.9800,100
40629864896766,11:17:09.864,47.9800,100
40676396785371,11:17:56.396,47.9900,100
40679067478816,11:17:59.067,47.9900,58
40688357550376,11:18:08.357,47.9900,100
40688359771011,11:18:08.359,47.9800,99
40688359794401,11:18:08.359,47.9800,1
40695130630151,11:18:15.130,47.9700,100
40695130630151,11:18:15.130,47.9700,100
40729298623825,11:18:49.298,47.9400,100
40756470061550,11:19:16.470,47.9300,15
40756470061550,11:19:16.470,47.9300,100
40765882672532,11:19:25.882,47.9200,100
40765882711518,11:19:25.882,47.9200,100
40765882719761,11:19:25.882,47.9200,46
40765883383683,11:19:25.883,47.9200,54
40765883422990,11:19:25.883,47.9200,46
40765883422990,11:19:25.883,47.9200,100
40765883422990,11:19:25.883,47.9200,100
40765883422990,11:19:25.883,47.9200,100
40766662384830,11:19:26.662,47.9200,100
40766662384830,11:19:26.662,47.9200,18
40766662384830,11:19:26.662,47.9200,100
40811282303312,11:20:11.282,47.9200,100
40811282335885,11:20:11.282,47.9200,100
40811282335885,11:20:11.282,47.9200,18
40811282377450,11:20:11.282,47.9300,25
40811282449281,11:20:11.282,47.9300,75
40828561720868,11:20:28.561,47.9400,100
40845403496527,11:20:45.403,47.9500,100
40848608499085,11:20:48.608,47.9500,100
40848608553500,11:20:48.608,47.9500,100
40859850889785,11:20:59.850,47.9400,100
40876582801149,11:21:16.582,47.9400,100
40896017785120,11:21:36.017,47.9300,100
40901590373587,11:21:41.590,47.9200,100
40901591281422,11:21:41.591,47.9100,5
40905430055759,11:21:45.430,47.9100,95
40905430055759,11:21:45.430,47.9100,5
40911867507511,11:21:51.867,47.9000,100
40930199214547,11:22:10.199,47.8800,95
40930199214547,11:22:10.199,47.8800,5
40930199262617,11:22:10.199,47.8800,62
40930199265695,11:22:10.199,47.8800,38
40930200785528,11:22:10.200,47.8700,100
40950251122091,11:22:30.251,47.8400,186
40950251126590,11:22:30.251,47.8400,14
40951591895222,11:22:31.591,47.8500,17
40982112060504,11:23:02.112,47.8500,100
41003553805864,11:23:23.553,47.8300,100
41003553805864,11:23:23.553,47.8300,100
41031512960495,11:23:51.512,47.8200,100
41031514509229,11:23:51.514,47.8300,100
41031514533336,11:23:51.514,47.8300,61
41031514533336,11:23:51.514,47.8300,40
41031514550027,11:23:51.514,47.8300,117
41080306905050,11:24:40.306,47.8400,100
41080351795312,11:24:40.351,47.8500,2
41084144180259,11:24:44.144,47.8500,16
41084144180259,11:24:44.144,47.8500,84
41084144216181,11:24:44.144,47.8500,16
41084144216181,11:24:44.144,47.8500,2
41084144223164,11:24:44.144,47.8500,16
41084144227253,11:24:44.144,47.8500,82
41126710879613,11:25:26.710,47.8700,100
41126710879613,11:25:26.710,47.8700,100
41130617664080,11:25:30.617,47.8700,100
41155178679421,11:25:55.178,47.8700,100
41155178679421,11:25:55.178,47.8700,100
41189814001160,11:26:29.814,47.8600,100
41189814001160,11:26:29.814,47.8600,100
41189814001160,11:26:29.814,47.8600,100
41189957118718,11:26:29.957,47.8700,16
41208363832389,11:26:48.363,47.8900,100
41276330300769,11:27:56.330,47.8900,30
41277020798910,11:27:57.020,47.8900,3
41282342551788,11:28:02.342,47.8900,100
41366323565291,11:29:26.323,47.9000,100
41366323565291,11:29:26.323,47.9000,59
41366323616126,11:29:26.323,47.9000,41
41366323616126,11:29:26.323,47.9000,17
41366323616126,11:29:26.323,47.9000,3
41366539229722,11:29:26.539,47.9000,97
41366539239887,11:29:26.539,47.9000,36
41366769407590,11:29:26.769,47.9000,100
41371773199200,11:29:31.773,47.9000,100
41371773199200,11:29:31.773,47.9000,100
41371773433701,11:29:31.773,47.9000,100
41372492100770,11:29:32.492,47.8900,100
41372492100770,11:29:32.492,47.8900,100
41372492100770,11:29:32.492,47.8900,100
41372492100770,11:29:32.492,47.8900,100
41374544085491,11:29:34.544,47.8800,100
41387874143342,11:29:47.874,47.8700,75
41420215622067,11:30:20.215,47.8700,25
41420215622067,11:30:20.215,47.8700,100
41460531758754,11:31:00.531,47.8700,100
41461540463959,11:31:01.540,47.8800,100
41461540463959,11:31:01.540,47.8800,100
41461540463959,11:31:01.540,47.8800,15
41490134845065,11:31:30.134,47.9000,100
41490136699040,11:31:30.136,47.9000,100
41505296319754,11:31:45.296,47.9000,100
41505296319754,11:31:45.296,47.9000,100
41505300129029,11:31:45.300,47.9000,100
41505300129029,11:31:45.300,47.9000,100
41505300155746,11:31:45.300,47.9000,100
41505300155746,11:31:45.300,47.9000,100
41505300203136,11:31:45.300,47.9000,100
41505300203136,11:31:45.300,47.9000,100
41505300242767,11:31:45.300,47.9000,100
41505300242767,11:31:45.300,47.9000,100
41505300246292,11:31:45.300,47.9000,15
41505300427847,11:31:45.300,47.9000,85
41508702655643,11:31:48.702,47.8900,100
41508702655643,11:31:48.702,47.8900,100
41508702655643,11:31:48.702,47.8900,100
41508702655643,11:31:48.702,47.8900,50
41508702683430,11:31:48.702,47.8900,50
41508702710172,11:31:48.702,47.8900,200
41554469475966,11:32:34.469,47.8900,100
41554469745381,11:32:34.469,47.8900,100
41561808806814,11:32:41.808,47.8800,100
41589981551336,11:33:09.981,47.8700,100
41589981551336,11:33:09.981,47.8700,100
41589981551336,11:33:09.981,47.8700,25
41589981588410,11:33:09.981,47.8700,75
41589981588410,11:33:09.981,47.8700,200
41589981588410,11:33:09.981,47.8700,100
41589982634256,11:33:09.982,47.8800,100
41589982634256,11:33:09.982,47.8800,100
41637032772548,11:33:57.032,47.9000,100
41637032848188,11:33:57.032,47.9000,100
41637316511695,11:33:57.316,47.9000,100
41638315352494,11:33:58.315,47.9000,100
41644722352570,11:34:04.722,47.9100,100
41644722352570,11:34:04.722,47.9100,100
41644722352570,11:34:04.722,47.9100,100
41700538688917,11:35:00.538,47.9100,15
41700538695394,11:35:00.538,47.9100,58
41700538702127,11:35:00.538,47.9100,27
41700538702127,11:35:00.538,47.9100,17
41700538702127,11:35:00.538,47.9100,100
41700538702127,11:35:00.538,47.9100,56
41700538707079,11:35:00.538,47.9100,9
41700538725363,11:35:00.538,47.9100,35
41716893744120,11:35:16.893,47.9100,100
41716893744120,11:35:16.893,47.9100,100
41716893744120,11:35:16.893,47.9100,100
41716893744120,11:35:16.893,47.9100,100
41749828754639,11:35:49.828,47.9000,76
41749828767567,11:35:49.828,47.9000,24
41749828767567,11:35:49.828,47.9000,100
41749828768374,11:35:49.828,47.9000,100
41749832876771,11:35:49.832,47.8900,100
41760760830227,11:36:00.760,47.8900,100
41760760830227,11:36:00.760,47.8900,110
41760760845015,11:36:00.760,47.8900,90
41762962096664,11:36:02.962,47.9000,34
41762962113648,11:36:02.962,47.9000,66
41762962113648,11:36:02.962,47.9000,86
41762962121333,11:36:02.962,47.9000,14
41775023047999,11:36:15.023,47.9100,13
41775023047999,11:36:15.023,47.9100,87
41787910483491,11:36:27.910,47.9000,100
41787910483491,11:36:27.910,47.9000,100
41787910483491,11:36:27.910,47.9000,100
41787910656078,11:36:27.910,47.9000,100
41794542951266,11:36:34.542,47.8900,100
41794680033384,11:36:34.680,47.8800,100
41794680037295,11:36:34.680,47.8800,100
41796141912964,11:36:36.141,47.8700,100
41833860441175,11:37:13.860,47.8700,100
41833860441175,11:37:13.860,47.8700,100
41833860441175,11:37:13.860,47.8700,100
41833860732496,11:37:13.860,47.8700,100
41833904515731,11:37:13.904,47.8600,200
41850666451155,11:37:30.666,47.8600,100
41850666451155,11:37:30.666,47.8600,100
41850666907085,11:37:30.666,47.8600,100
41886206785377,11:38:06.206,47.8500,100
41886206785377,11:38:06.206,47.8500,100
41890618273814,11:38:10.618,47.8500,100
41890618273814,11:38:10.618,47.8500,100
41890618492535,11:38:10.618,47.8500,100
41911470923636,11:38:31.470,47.8500,87
41911470974969,11:38:31.470,47.8500,13
41911470974969,11:38:31.470,47.8500,100
41936512172321,11:38:56.512,47.8400,100
41936512172321,11:38:56.512,47.8400,100
41948590959938,11:39:08.590,47.8300,100
41952532298835,11:39:12.532,47.8200,100
41952532298835,11:39:12.532,47.8200,100
41952592433156,11:39:12.592,47.8200,99
41959377258649,11:39:19.377,47.8100,100
41959378055905,11:39:19.378,47.8100,100
41959380770279,11:39:19.380,47.8200,100
41959380770279,11:39:19.380,47.8200,300
41959380770279,11:39:19.380,47.8200,13
41959382948782,11:39:19.382,47.8300,100
41959383935493,11:39:19.383,47.8300,100
41959383935493,11:39:19.383,47.8300,100
41959384096017,11:39:19.384,47.8300,100
41959386466253,11:39:19.386,47.8300,100
41965997171831,11:39:25.997,47.8400,100
41967859222601,11:39:27.859,47.8300,100
41967859222601,11:39:27.859,47.8300,100
41967859989155,11:39:27.859,47.8300,100
41970894799845,11:39:30.894,47.8400,100
41970894799845,11:39:30.894,47.8400,100
41970894799845,11:39:30.894,47.8400,100
41970894874868,11:39:30.894,47.8400,100
41989930331309,11:39:49.930,47.8300,100
41990343035001,11:39:50.343,47.8300,192
41998300516648,11:39:58.300,47.8400,100
42000307202694,11:40:00.307,47.8500,100
42000451026204,11:40:00.451,47.8600,200
42000455440878,11:40:00.455,47.8500,100
42000455440878,11:40:00.455,47.8500,100
42010831861099,11:40:10.831,47.8500,100
42010832150632,11:40:10.832,47.8400,100
42046640055151,11:40:46.640,47.8500,100
42118061292930,11:41:58.061,47.8500,100
42118840914447,11:41:58.840,47.8500,100
42118840953558,11:41:58.840,47.8500,100
42118840978737,11:41:58.840,47.8500,100
42118840978737,11:41:58.840,47.8500,13
42131840832956,11:42:11.840,47.8600,100
42131840832956,11:42:11.840,47.8600,13
42133817347918,11:42:13.817,47.8700,100
42133817347918,11:42:13.817,47.8700,100
42133817347918,11:42:13.817,47.8700,100
42176081508942,11:42:56.081,47.9000,100
42176190030404,11:42:56.190,47.9000,100
42192146709535,11:43:12.146,47.9200,100
42192146709535,11:43:12.146,47.9200,100
42192521995567,11:43:12.521,47.9250,100
42192521995567,11:43:12.521,47.9200,100
42196128990814,11:43:16.128,47.9300,100
42196665166159,11:43:16.665,47.9350,100
42196665430993,11:43:16.665,47.9300,100
42233714281188,11:43:53.714,47.9300,100
42233714281188,11:43:53.714,47.9300,100
42233714281188,11:43:53.714,47.9300,100
42237668188611,11:43:57.668,47.9300,100
42270225418565,11:44:30.225,47.9300,100
42270225418565,11:44:30.225,47.9300,100
42273101375229,11:44:33.101,47.9400,13
42273101375229,11:44:33.101,47.9400,87
42273102717116,11:44:33.102,47.9400,13
42278303717147,11:44:38.303,47.9400,100
42278303717147,11:44:38.303,47.9400,102
42278303717147,11:44:38.303,47.9400,100
42288578170173,11:44:48.578,47.9200,97
42288578195296,11:44:48.578,47.9200,3
42288578195296,11:44:48.578,47.9200,100
42288578195296,11:44:48.578,47.9200,100
42300056367839,11:45:00.056,47.9100,10
42304681014452,11:45:04.681,47.9100,100
42304681014452,11:45:04.681,47.9100,300
42305681965471,11:45:05.681,47.9100,100
42305681965471,11:45:05.681,47.9100,100
42305687281143,11:45:05.687,47.9100,40
42306316248766,11:45:06.316,47.9200,1
42316316612944,11:45:16.316,47.9200,4
42324900612490,11:45:24.900,47.9200,7
42336667575068,11:45:36.667,47.9100,16
42336667668451,11:45:36.667,47.9100,84
42336667668451,11:45:36.667,47.9100,100
42336667668451,11:45:36.667,47.9100,100
42350546724548,11:45:50.546,47.9000,100
42350546724548,11:45:50.546,47.9000,11
42350546724548,11:45:50.546,47.9000,100
42350546724548,11:45:50.546,47.9000,100
42419683777267,11:46:59.683,47.9300,100
42419683777267,11:46:59.683,47.9300,100
42419683777267,11:46:59.683,47.9300,100
42419684160610,11:46:59.684,47.9200,100
42429581750544,11:47:09.581,47.9300,5
42430532495653,11:47:10.532,47.9300,20
42430532520296,11:47:10.532,47.9300,75
42431325237482,11:47:11.325,47.9400,100
42431325237482,11:47:11.325,47.9400,100
42431325237482,11:47:11.325,47.9400,100
42433130529111,11:47:13.130,47.9400,12
42433130554382,11:47:13.130,47.9400,100
42433268080736,11:47:13.268,47.9400,100
42441749117574,11:47:21.749,47.9400,206
42443277511312,11:47:23.277,47.9400,19
42462226878257,11:47:42.226,47.9300,100
42462226878257,11:47:42.226,47.9300,100
42462227375450,11:47:42.227,47.9300,100
42462227375450,11:47:42.227,47.9300,100
42462227378218,11:47:42.227,47.9300,100
42465952076742,11:47:45.952,47.9300,100
42471817586982,11:47:51.817,47.9300,100
42478780674127,11:47:58.780,47.9300,2
42485181571060,11:48:05.181,47.9300,3
42485181596417,11:48:05.181,47.9300,97
42485181596417,11:48:05.181,47.9300,13
42499685806866,11:48:19.685,47.9300,100
42499685806866,11:48:19.685,47.9300,79
42565701459052,11:49:25.701,47.9200,100
42565701459052,11:49:25.701,47.9200,100
42565701459052,11:49:25.701,47.9200,100
42590267502270,11:49:50.267,47.9200,200
42590267502270,11:49:50.267,47.9200,100
42590275690254,11:49:50.275,47.9200,10
42612754126624,11:50:12.754,47.9100,100
42621220517178,11:50:21.220,47.8900,11
42621220543187,11:50:21.220,47.8900,89
42621220543187,11:50:21.220,47.8900,100
42626325547574,11:50:26.325,47.8900,1
42627249264926,11:50:27.249,47.8900,99
42627249264926,11:50:27.249,47.8900,100
42631464128560,11:50:31.464,47.8900,100
42631465075042,11:50:31.465,47.8900,2
42648127068641,11:50:48.127,47.8400,100
42648127068641,11:50:48.127,47.8400,100
42648127068641,11:50:48.127,47.8400,100
42648127663417,11:50:48.127,47.8400,100
42668178047709,11:51:08.178,47.8500,100
42668178151888,11:51:08.178,47.8500,200
42669118537598,11:51:09.118,47.8500,100
42671314364903,11:51:11.314,47.8500,6
42671320765882,11:51:11.320,47.8500,100
42671320813531,11:51:11.320,47.8500,94
42672321696082,11:51:12.321,47.8500,100
42672321696082,11:51:12.321,47.8500,100
42672322918795,11:51:12.322,47.8500,9
42680025389816,11:51:20.025,47.8500,12
42680025389816,11:51:20.025,47.8500,88
42680025443403,11:51:20.025,47.8500,12
42692626747654,11:51:32.626,47.8400,100
42693882880945,11:51:33.882,47.8200,100
42698307018637,11:51:38.307,47.8100,100
42698307018637,11:51:38.307,47.8100,100
42698307058474,11:51:38.307,47.8100,100
42698310173167,11:51:38.310,47.8200,100
42751738487615,11:52:31.738,47.8100,100
42754152731120,11:52:34.152,47.8100,100
42765349389491,11:52:45.349,47.8100,100
42791031124657,11:53:11.031,47.8200,100
42791031124657,11:53:11.031,47.8200,12
42791381785485,11:53:11.381,47.8300,100
42791982261285,11:53:11.982,47.8300,100
42791982289966,11:53:11.982,47.8300,100
42792983236879,11:53:12.983,47.8300,100
42792983236879,11:53:12.983,47.8300,99
42796235106258,11:53:16.235,47.8400,100
42796235106258,11:53:16.235,47.8400,100
42814704897524,11:53:34.704,47.8300,95
42814705176776,11:53:34.705,47.8300,5
42847401476045,11:54:07.401,47.8200,98
42847401517790,11:54:07.401,47.8200,2
42858985635021,11:54:18.985,47.8200,100
42858985635021,11:54:18.985,47.8200,100
42859064807192,11:54:19.064,47.8300,11
42882952740795,11:54:42.952,47.8200,100
42907388120426,11:55:07.388,47.8300,100
42910748031514,11:55:10.748,47.8500,200
42941722628776,11:55:41.722,47.8400,100
42941722628776,11:55:41.722,47.8400,100
42948684643196,11:55:48.684,47.8400,100
42948684643196,11:55:48.684,47.8400,100
42993865863957,11:56:33.865,47.8300,96
42993865900868,11:56:33.865,47.8300,4
43075462952385,11:57:55.462,47.8200,13
43080259275772,11:58:00.259,47.8100,100
43080259275772,11:58:00.259,47.8100,100
43085838830823,11:58:05.838,47.8100,200
43085838830823,11:58:05.838,47.8100,11
43085839179667,11:58:05.839,47.8100,87
43085839203882,11:58:05.839,47.8100,13
43088046596045,11:58:08.046,47.8100,100
43168978712297,11:59:28.978,47.8100,100
43168978712297,11:59:28.978,47.8100,100
43168978712297,11:59:28.978,47.8100,100
43168978712297,11:59:28.978,47.8100,200
43169005449965,11:59:29.005,47.8200,100
43197039087402,11:59:57.039,47.8300,100
43197039087402,11:59:57.039,47.8300,100
43201251181280,12:00:01.251,47.8600,100
43201258140854,12:00:01.258,47.8700,100
43202730100846,12:00:02.730,47.8700,100
43202730100846,12:00:02.730,47.8700,100
43202730100846,12:00:02.730,47.8700,100
43202731852015,12:00:02.731,47.8700,1
43224140851104,12:00:24.140,47.8600,2
43243518207985,12:00:43.518,47.8500,86
43243518233092,12:00:43.518,47.8500,14
43245017778633,12:00:45.017,47.8400,16
43261338123454,12:01:01.338,47.8400,100
43273734307067,12:01:13.734,47.8400,98
43283244254791,12:01:23.244,47.8400,2
43290318894277,12:01:30.318,47.8300,3
43292475751518,12:01:32.475,47.8300,11
43305053211305,12:01:45.053,47.8300,5
43305053236030,12:01:45.053,47.8300,95
43306328243864,12:01:46.328,47.8400,200
43309736602399,12:01:49.736,47.8500,100
43309736602399,12:01:49.736,47.8500,100
43309737944625,12:01:49.737,47.8500,3
43311331197235,12:01:51.331,47.8500,2
43311331221185,12:01:51.331,47.8500,98
43334738183125,12:02:14.738,47.8600,100
43339736496174,12:02:19.736,47.8600,3
43357017883373,12:02:37.017,47.8600,300
43357017908316,12:02:37.017,47.8600,97
43357017908316,12:02:37.017,47.8600,78
43357017912609,12:02:37.017,47.8600,22
43357017912609,12:02:37.017,47.8600,12
43358018604712,12:02:38.018,47.8600,98
43364901763845,12:02:44.901,47.8700,1
43364901788748,12:02:44.901,47.8700,35
43366328107545,12:02:46.328,47.8700,2
43366328142803,12:02:46.328,47.8700,62
43366328142803,12:02:46.328,47.8700,100
43372740548572,12:02:52.740,47.8800,100
43372740548572,12:02:52.740,47.8800,100
43372741667163,12:02:52.741,47.8800,2
43380575238170,12:03:00.575,47.8800,100
43388210886623,12:03:08.210,47.8900,12
43416742737487,12:03:36.742,47.8700,100
43448351660699,12:04:08.351,47.8600,100
43538532881428,12:05:38.532,47.8500,100
43538532906736,12:05:38.532,47.8500,100
43538532906736,12:05:38.532,47.8500,100
43547836670586,12:05:47.836,47.8300,100
43549918419558,12:05:49.918,47.8200,8
43549918443557,12:05:49.918,47.8200,182
43549919223460,12:05:49.919,47.8200,2
43550020266868,12:05:50.020,47.8200,100
43550020616332,12:05:50.020,47.8200,8
43550020616332,12:05:50.020,47.8200,3
43550592362480,12:05:50.592,47.8300,100
43550592362480,12:05:50.592,47.8300,10
43550592362480,12:05:50.592,47.8300,100
43626334698157,12:07:06.334,47.8400,100
43626334698157,12:07:06.334,47.8400,100
43627754466708,12:07:07.754,47.8400,100
43627754466708,12:07:07.754,47.8400,100
43627756407295,12:07:07.756,47.8400,100
43628866073089,12:07:08.866,47.8400,196
43628866073089,12:07:08.866,47.8400,4
43628866127029,12:07:08.866,47.8400,96
43630029784532,12:07:10.029,47.8500,5
43647755615752,12:07:27.755,47.8400,100
43647755615752,12:07:27.755,47.8400,100
43647755771527,12:07:27.755,47.8400,100
43647757010730,12:07:27.757,47.8400,7
43668137831323,12:07:48.137,47.8400,100
43668140296154,12:07:48.140,47.8400,100
43712897416194,12:08:32.897,47.8500,95
43712897416194,12:08:32.897,47.8500,5
43714989402990,12:08:34.989,47.8500,9
43714989402990,12:08:34.989,47.8500,91
43714989432984,12:08:34.989,47.8500,9
43716009752784,12:08:36.009,47.8500,4
43725072666211,12:08:45.072,47.8500,100
43725072666211,12:08:45.072,47.8500,100
43725072666211,12:08:45.072,47.8500,400
43725072878821,12:08:45.072,47.8500,100
43725273111759,12:08:45.273,47.8600,100
43726073593876,12:08:46.073,47.8500,100
43726073593876,12:08:46.073,47.8500,100
43726073593876,12:08:46.073,47.8500,100
43728968419244,12:08:48.968,47.8500,100
43728969568216,12:08:48.969,47.8500,4
43735019532995,12:08:55.019,47.8400,100
43745761082466,12:09:05.761,47.8600,100
43752966952463,12:09:12.966,47.8500,100
43752966981254,12:09:12.966,47.8500,100
43809891528212,12:10:09.891,47.8500,100
43809891528212,12:10:09.891,47.8500,193
43809891528212,12:10:09.891,47.8500,107
43809891629100,12:10:09.891,47.8500,193
43809891629100,12:10:09.891,47.8500,9
43810893248589,12:10:10.893,47.8500,200
43810893248589,12:10:10.893,47.8500,100
43822765566680,12:10:22.765,47.8500,100
43822765566680,12:10:22.765,47.8500,100
43822765566680,12:10:22.765,47.8500,100
43966356105642,12:12:46.356,47.8400,100
43966356273141,12:12:46.356,47.8400,100
43966356273141,12:12:46.356,47.8400,100
43992878923991,12:13:12.878,47.8400,100
43992879247105,12:13:12.879,47.8400,100
43992879247105,12:13:12.879,47.8400,8
43992879247105,12:13:12.879,47.8400,100
44058120117843,12:14:18.120,47.8300,100
44060785000998,12:14:20.785,47.8200,100
44060785000998,12:14:20.785,47.8200,100
44131990293342,12:15:31.990,47.8200,7
44131990293342,12:15:31.990,47.8200,100
44131990293342,12:15:31.990,47.8200,200
44131990293342,12:15:31.990,47.8200,200
44132990912944,12:15:32.990,47.8200,100
44143657686371,12:15:43.657,47.8200,100
44167005287039,12:16:07.005,47.8300,100
44167005287039,12:16:07.005,47.8300,100
44167005287039,12:16:07.005,47.8300,8
44172467931378,12:16:12.467,47.8400,5
44172468434562,12:16:12.468,47.8400,95
44189468414537,12:16:29.468,47.8500,100
44189468414537,12:16:29.468,47.8500,200
44209917447132,12:16:49.917,47.8600,100
44214789069659,12:16:54.789,47.8700,96
44214789263078,12:16:54.789,47.8700,4
44214869527934,12:16:54.869,47.8700,100
44237790634298,12:17:17.790,47.8700,100
44237790634298,12:17:17.790,47.8700,100
44237790634298,12:17:17.790,47.8700,100
44260792082704,12:17:40.792,47.8500,100
44260792082704,12:17:40.792,47.8500,100
44276747870924,12:17:56.747,47.8400,100
44277003886798,12:17:57.003,47.8300,100
44282350703511,12:18:02.350,47.8300,100
44292802130414,12:18:12.802,47.8300,200
44305400514661,12:18:25.400,47.8400,2
44318804267390,12:18:38.804,47.8300,100
44318804267390,12:18:38.804,47.8300,100
44323729795956,12:18:43.729,47.8100,1
44324065417946,12:18:44.065,47.8000,100
44335318923511,12:18:55.318,47.7700,100
44335350921460,12:18:55.350,47.7600,65
44335350932454,12:18:55.350,47.7600,35
44340797393233,12:19:00.797,47.7600,98
44340797418625,12:19:00.797,47.7600,2
44369041892740,12:19:29.041,47.7400,100
44378830320985,12:19:38.830,47.7500,200
44378830345826,12:19:38.830,47.7500,98
44378830345826,12:19:38.830,47.7500,6
44378831324781,12:19:38.831,47.7600,100
44378945346777,12:19:38.945,47.7600,100
44379830174222,12:19:39.830,47.7600,100
44379831379260,12:19:39.831,47.7500,100
44467983458134,12:21:07.983,47.7400,15
44472985025584,12:21:12.985,47.7300,100
44472986215357,12:21:12.986,47.7200,100
44472986215357,12:21:12.986,47.7200,36
44472986240510,12:21:12.986,47.7200,64
44472995353618,12:21:12.995,47.7100,200
44518093498555,12:21:58.093,47.6700,100
44540028072752,12:22:20.028,47.6500,100
44540036661382,12:22:20.036,47.6500,12
44541259694395,12:22:21.259,47.6500,188
44541259694395,12:22:21.259,47.6500,100
44541259694395,12:22:21.259,47.6500,100
44541259694395,12:22:21.259,47.6500,1
44541272635106,12:22:21.272,47.6500,100
44541272635106,12:22:21.272,47.6500,100
44551895529232,12:22:31.895,47.6600,100
44552811095065,12:22:32.811,47.6700,100
44552812296788,12:22:32.812,47.6700,5
44561896861789,12:22:41.896,47.6800,100
44636362104939,12:23:56.362,47.6800,100
44636362259662,12:23:56.362,47.6800,100
44680836950871,12:24:40.836,47.6800,1
44689173498033,12:24:49.173,47.6700,100
44721036959423,12:25:21.036,47.6600,97
44721036983428,12:25:21.036,47.6600,3
44735240345911,12:25:35.240,47.6500,200
44735240345911,12:25:35.240,47.6500,100
44735341929537,12:25:35.341,47.6600,3
44735341929537,12:25:35.341,47.6600,97
44735341962007,12:25:35.341,47.6600,3
44752705318511,12:25:52.705,47.6700,200
44752925423443,12:25:52.925,47.6800,14
44753706301495,12:25:53.706,47.6700,100
44766027882681,12:26:06.027,47.6800,7
44777832332713,12:26:17.832,47.6700,100
44777832332713,12:26:17.832,47.6700,100
44805830299479,12:26:45.830,47.6500,100
44805830299479,12:26:45.830,47.6500,100
44805830299479,12:26:45.830,47.6500,3
44808207752393,12:26:48.207,47.6500,100
44823208031943,12:27:03.208,47.6500,30
44866831068117,12:27:46.831,47.6500,100
44866831068117,12:27:46.831,47.6500,100
44876832844676,12:27:56.832,47.6600,100
44892186233985,12:28:12.186,47.7000,100
44892186233985,12:28:12.186,47.7000,3
44908399986980,12:28:28.399,47.7100,100
44940668276406,12:29:00.668,47.7200,100
44962886933874,12:29:22.886,47.7200,100
44962886933874,12:29:22.886,47.7200,100
44962886933874,12:29:22.886,47.7200,100
44962886974311,12:29:22.886,47.7200,44
44962887013390,12:29:22.887,47.7200,56
44983057871668,12:29:43.057,47.7100,100
44993062183107,12:29:53.062,47.7100,100
45046972765764,12:30:46.972,47.7000,100
45046972765764,12:30:46.972,47.7000,100
45046972765764,12:30:46.972,47.7000,100
45046975622744,12:30:46.975,47.6900,100
45094329950610,12:31:34.329,47.7000,38
45094330161569,12:31:34.330,47.7000,62
45142850943203,12:32:22.850,47.7000,100
45142850980973,12:32:22.850,47.7000,100
45142850980973,12:32:22.850,47.7000,100
45160577942644,12:32:40.577,47.7000,100
45203430126962,12:33:23.430,47.7100,100
45203430126962,12:33:23.430,47.7100,4
45209679674702,12:33:29.679,47.7200,100
45209679699461,12:33:29.679,47.7200,33
45209679746880,12:33:29.679,47.7200,67
45215745855922,12:33:35.745,47.7200,7
45215745855922,12:33:35.745,47.7200,100
45215746180651,12:33:35.746,47.7200,100
45318079413075,12:35:18.079,47.7100,7
45318079413075,12:35:18.079,47.7100,100
45318200509025,12:35:18.200,47.7300,100
45327046152057,12:35:27.046,47.7400,200
45353098172017,12:35:53.098,47.7400,100
45353098172017,12:35:53.098,47.7400,100
45353098172017,12:35:53.098,47.7400,100
45374906621761,12:36:14.906,47.7200,200
45374906621761,12:36:14.906,47.7200,100
45481629100999,12:38:01.629,47.7000,100
45481629100999,12:38:01.629,47.7000,100
45507859165748,12:38:27.859,47.6900,100
45507859373134,12:38:27.859,47.6900,1
45522881099062,12:38:42.881,47.6850,100
45574983974814,12:39:34.983,47.6900,100
45574984000357,12:39:34.984,47.6900,100
45574984000357,12:39:34.984,47.6900,100
45574984000357,12:39:34.984,47.6900,8
45574985316069,12:39:34.985,47.7000,100
45595874306629,12:39:55.874,47.7200,100
45595874306629,12:39:55.874,47.7200,100
45611961086111,12:40:11.961,47.7300,8
45633543335272,12:40:33.543,47.7400,100
45633543506419,12:40:33.543,47.7400,100
45682586317671,12:41:22.586,47.7300,100
45708545562698,12:41:48.545,47.7300,100
45708545884303,12:41:48.545,47.7300,100
45716990573059,12:41:56.990,47.7000,100
45716990573059,12:41:56.990,47.7000,6
45716990573059,12:41:56.990,47.7000,94
45716990599549,12:41:56.990,47.7000,6
45724198733238,12:42:04.198,47.7000,100
45724198762855,12:42:04.198,47.7000,8
45724207131582,12:42:04.207,47.7000,8
45769241342216,12:42:49.241,47.7000,100
45769241342216,12:42:49.241,47.7000,100
45778467028440,12:42:58.467,47.7200,8
45821864257281,12:43:41.864,47.7200,100
45821864257281,12:43:41.864,47.7200,100
45848243710014,12:44:08.243,47.6900,100
45880964362216,12:44:40.964,47.6800,77
45880964387090,12:44:40.964,47.6800,23
45880964387090,12:44:40.964,47.6800,42
45883008367537,12:44:43.008,47.6700,100
45906121759443,12:45:06.121,47.6500,200
45906122769656,12:45:06.122,47.6600,199
45906122769656,12:45:06.122,47.6600,8
45906566452402,12:45:06.566,47.6700,100
45916447395307,12:45:16.447,47.7100,100
45916447395307,12:45:16.447,47.7100,100
45946234323858,12:45:46.234,47.7100,100
45946234323858,12:45:46.234,47.7100,100
45946234406237,12:45:46.234,47.7100,100
45957594550531,12:45:57.594,47.7200,4
45981502393790,12:46:21.502,47.7000,36
45981502419595,12:46:21.502,47.7000,64
46007260913844,12:46:47.260,47.7000,2
46007260913844,12:46:47.260,47.7000,98
46007261150541,12:46:47.261,47.7000,2
46007261150541,12:46:47.261,47.7000,8
46055145213986,12:47:35.145,47.7300,100
46055257529698,12:47:35.257,47.7300,100
46055258128376,12:47:35.258,47.7300,100
46060477636159,12:47:40.477,47.7300,92
46060477660764,12:47:40.477,47.7300,8
46075230732635,12:47:55.230,47.7200,100
46075230757158,12:47:55.230,47.7200,100
46098013558762,12:48:18.013,47.7000,100
46132140953669,12:48:52.140,47.7100,100
46132140953669,12:48:52.140,47.7100,100
46132140953669,12:48:52.140,47.7100,7
46137015730906,12:48:57.015,47.7200,1
46137015730906,12:48:57.015,47.7200,18
46159434009007,12:49:19.434,47.7200,100
46167474844658,12:49:27.474,47.7200,16
46184731528310,12:49:44.731,47.7200,100
46249967094219,12:50:49.967,47.7200,100
46249967094219,12:50:49.967,47.7200,8
46249967094219,12:50:49.967,47.7200,100
46249967094219,12:50:49.967,47.7200,100
46254969603675,12:50:54.969,47.7300,100
46266847684774,12:51:06.847,47.7500,1
46272831063170,12:51:12.831,47.7500,95
46272831087499,12:51:12.831,47.7500,5
46272831087499,12:51:12.831,47.7500,100
46291937178508,12:51:31.937,47.7400,100
46319793007908,12:51:59.793,47.7300,6
46319793536903,12:51:59.793,47.7300,94
46377022157249,12:52:57.022,47.7300,2
46377022282664,12:52:57.022,47.7300,2
46408868493583,12:53:28.868,47.7200,13
46408868493583,12:53:28.868,47.7200,100
46408869760587,12:53:28.869,47.7100,84
46408869804795,12:53:28.869,47.7100,16
46408869804795,12:53:28.869,47.7100,100
46413614617285,12:53:33.614,47.7000,100
46429637812107,12:53:49.637,47.6700,200
46429639431269,12:53:49.639,47.6800,100
46429639431269,12:53:49.639,47.6800,100
46430066105623,12:53:50.066,47.6900,9
46454788132493,12:54:14.788,47.6900,96
46454788407841,12:54:14.788,47.6900,4
46506846199616,12:55:06.846,47.6900,100
46506846199616,12:55:06.846,47.6900,100
46506846226053,12:55:06.846,47.6900,7
46506923965574,12:55:06.923,47.7000,100
46523983965344,12:55:23.983,47.7000,100
46534366733519,12:55:34.366,47.7000,100
46547254584355,12:55:47.254,47.6800,100
46554903998775,12:55:54.903,47.6600,98
46560006704089,12:56:00.006,47.6600,10
46560006704089,12:56:00.006,47.6600,93
46560006718441,12:56:00.006,47.6600,7
46560830008952,12:56:00.830,47.6700,100
46569205105577,12:56:09.205,47.6900,8
46617017654822,12:56:57.017,47.7100,100
46617017654822,12:56:57.017,47.7100,100
46621404146607,12:57:01.404,47.7100,100
46621411910095,12:57:01.411,47.7100,100
46660204127084,12:57:40.204,47.6900,12
46702986323563,12:58:22.986,47.6900,100
46702986323563,12:58:22.986,47.6900,100
46705334397937,12:58:25.334,47.6700,100
46736821669363,12:58:56.821,47.6600,100
46738763362079,12:58:58.763,47.6600,2
46767581994912,12:59:27.581,47.6700,6
46767581994912,12:59:27.581,47.6700,100
46767623779220,12:59:27.623,47.6700,100
46767761102497,12:59:27.761,47.6800,100
46811594023070,13:00:11.594,47.6900,100
46812027917347,13:00:12.027,47.6800,100
46812027917347,13:00:12.027,47.6800,100
46812530020037,13:00:12.530,47.6600,100
46840302640930,13:00:40.302,47.6500,100
46840302640930,13:00:40.302,47.6500,100
46840302640930,13:00:40.302,47.6500,100
46849158197304,13:00:49.158,47.6100,30
46849158236326,13:00:49.158,47.6100,70
46859950735949,13:00:59.950,47.6200,100
46864119099134,13:01:04.119,47.6400,6
46904218279936,13:01:44.218,47.6500,1
46904218308857,13:01:44.218,47.6500,99
46989505942279,13:03:09.505,47.6600,5
46989505942279,13:03:09.505,47.6600,100
46989505942279,13:03:09.505,47.6600,100
47014672061259,13:03:34.672,47.6600,100
47037658509863,13:03:57.658,47.6500,100
47037658536431,13:03:57.658,47.6500,100
47038822967138,13:03:58.822,47.6400,100
47046218465704,13:04:06.218,47.6300,100
47051469792652,13:04:11.469,47.6000,200
47051481009711,13:04:11.481,47.6100,100
47051481009711,13:04:11.481,47.6100,4
47072824751665,13:04:32.824,47.6100,99
47072824781716,13:04:32.824,47.6100,1
47115625197162,13:05:15.625,47.6100,100
47116625059500,13:05:16.625,47.6100,100
47116626841703,13:05:16.626,47.6200,12
47116627405060,13:05:16.627,47.6200,88
47145596115891,13:05:45.596,47.6400,3
47170527801686,13:06:10.527,47.6200,100
47207625159441,13:06:47.625,47.6200,100
47221372089931,13:07:01.372,47.6300,3
47264052289047,13:07:44.052,47.6300,100
47264052289047,13:07:44.052,47.6300,100
47264052289047,13:07:44.052,47.6300,38
47264052289047,13:07:44.052,47.6300,100
47273721791769,13:07:53.721,47.6100,100
47293221376692,13:08:13.221,47.6100,100
47293221376692,13:08:13.221,47.6100,100
47293499615039,13:08:13.499,47.6100,100
47385842848040,13:09:45.842,47.6100,2
47385842848040,13:09:45.842,47.6100,100
47385842848040,13:09:45.842,47.6100,98
47385842879599,13:09:45.842,47.6100,2
47417103420609,13:10:17.103,47.6200,100
47417103420609,13:10:17.103,47.6200,100
47417103420609,13:10:17.103,47.6200,1
47417104125058,13:10:17.104,47.6300,2
47417203476182,13:10:17.203,47.6300,98
47417203476182,13:10:17.203,47.6300,100
47444778705633,13:10:44.778,47.6400,100
47445568448389,13:10:45.568,47.6300,100
47448096058966,13:10:48.096,47.6200,14
47450287207057,13:10:50.287,47.6200,86
47470440765881,13:11:10.440,47.6400,100
47470440765881,13:11:10.440,47.6400,100
47470960232065,13:11:10.960,47.6600,30
47470960255895,13:11:10.960,47.6600,70
47486687583971,13:11:26.687,47.6500,28
47486687608072,13:11:26.687,47.6500,72
47487374609192,13:11:27.374,47.6500,100
47549399061044,13:12:29.399,47.6600,100
47549399061044,13:12:29.399,47.6600,5
47599770441601,13:13:19.770,47.6900,100
47637028748301,13:13:57.028,47.6900,2
47637029895871,13:13:57.029,47.6900,2
47649990130898,13:14:09.990,47.6900,96
47649990130898,13:14:09.990,47.6900,4
47659595181836,13:14:19.595,47.6800,100
47659595181836,13:14:19.595,47.6800,100
47659595185173,13:14:19.595,47.6800,100
47659602377458,13:14:19.602,47.6700,100
47705684893603,13:15:05.684,47.6500,100
47705684893603,13:15:05.684,47.6500,100
47705691951920,13:15:05.691,47.6500,200
47705692103612,13:15:05.692,47.6500,44
47705692128495,13:15:05.692,47.6500,56
47705692776499,13:15:05.692,47.6500,100
47705815364980,13:15:05.815,47.6500,100
47706496361782,13:15:06.496,47.6600,100
47706496361782,13:15:06.496,47.6600,100
47706496361782,13:15:06.496,47.6600,7
47708347120424,13:15:08.347,47.6600,100
47712131091334,13:15:12.131,47.6700,100
47712144608971,13:15:12.144,47.6700,100
47749146882160,13:15:49.146,47.6800,100
47749146882160,13:15:49.146,47.6800,100
47768731346927,13:16:08.731,47.6900,100
47768731346927,13:16:08.731,47.6900,23
47768731377349,13:16:08.731,47.6900,77
47772132758014,13:16:12.132,47.7000,6
47794831557176,13:16:34.831,47.7200,100
47800816379999,13:16:40.816,47.7300,100
47800816379999,13:16:40.816,47.7300,85
47800816413639,13:16:40.816,47.7300,15
47804702564181,13:16:44.702,47.7400,100
47828339695048,13:17:08.339,47.7500,100
47828339733275,13:17:08.339,47.7500,94
47828339746762,13:17:08.339,47.7500,6
47847684093981,13:17:27.684,47.7400,100
47892355184254,13:18:12.355,47.7400,100
47892355209051,13:18:12.355,47.7400,100
47892355209051,13:18:12.355,47.7400,9
47895177268624,13:18:15.177,47.7500,50
47895177804946,13:18:15.177,47.7400,100
47895177818999,13:18:15.177,47.7400,100
47974120589539,13:19:34.120,47.7400,100
47974120589539,13:19:34.120,47.7400,100
47979644791300,13:19:39.644,47.7300,100
47979644791300,13:19:39.644,47.7300,100
47979644791300,13:19:39.644,47.7300,100
47979646339788,13:19:39.646,47.7100,84
47979646364292,13:19:39.646,47.7100,16
47979647868604,13:19:39.647,47.7100,16
47981536050351,13:19:41.536,47.7000,100
47981536050351,13:19:41.536,47.7000,100
47981538525872,13:19:41.538,47.7000,100
47981539132618,13:19:41.539,47.7000,3
47997286136271,13:19:57.286,47.7000,58
47997286145345,13:19:57.286,47.7000,42
48045749980675,13:20:45.749,47.6900,100
48047967439154,13:20:47.967,47.6700,20
48047967439154,13:20:47.967,47.6700,100
48047967966631,13:20:47.967,47.6800,2
48047967991809,13:20:47.967,47.6800,98
48048069287984,13:20:48.069,47.6800,7
48049328150554,13:20:49.328,47.6900,100
48059621780832,13:20:59.621,47.7000,200
48059621780832,13:20:59.621,47.7000,100
48070155620539,13:21:10.155,47.7200,2
48071010090544,13:21:11.010,47.7200,100
48095691257028,13:21:35.691,47.7300,10
48150005841891,13:22:30.005,47.7200,100
48150005841891,13:22:30.005,47.7200,100
48150005841891,13:22:30.005,47.7200,100
48150005869654,13:22:30.005,47.7200,100
48176875903821,13:22:56.875,47.7000,100
48176876214794,13:22:56.876,47.7000,100
48193161559808,13:23:13.161,47.6900,100
48201524928005,13:23:21.524,47.6900,100
48201524928005,13:23:21.524,47.6900,9
48201838905845,13:23:21.838,47.7000,100
48201838905845,13:23:21.838,47.7000,100
48201914096688,13:23:21.914,47.7100,100
48201914121488,13:23:21.914,47.7100,100
48284506238241,13:24:44.506,47.7200,100
48299378795483,13:24:59.378,47.7300,100
48306141803287,13:25:06.141,47.7200,100
48425516941416,13:27:05.516,47.7000,100
48439306939377,13:27:19.306,47.6900,100
48439306939377,13:27:19.306,47.6900,100
48439306939377,13:27:19.306,47.6900,100
48439306939377,13:27:19.306,47.6900,100
48488547567152,13:28:08.547,47.6700,200
48488547600606,13:28:08.547,47.6700,33
48501601106883,13:28:21.601,47.6700,100
48501601106883,13:28:21.601,47.6700,14
48501601106883,13:28:21.601,47.6700,8
48501601129446,13:28:21.601,47.6700,94
48501601129446,13:28:21.601,47.6700,100
48501603182983,13:28:21.603,47.6900,8
48502009614497,13:28:22.009,47.7000,700
48523871224322,13:28:43.871,47.7100,1
48547836585751,13:29:07.836,47.7050,100
48547836585751,13:29:07.836,47.7000,100
48547836899897,13:29:07.836,47.7000,42
48550692401746,13:29:10.692,47.6800,100
48555156780243,13:29:15.156,47.6700,100
48555156780243,13:29:15.156,47.6700,98
48555156798123,13:29:15.156,47.6700,2
48589136739123,13:29:49.136,47.6900,100
48666975266557,13:31:06.975,47.7000,100
48666975266557,13:31:06.975,47.7000,7
48667462655351,13:31:07.462,47.7200,6
48667462680360,13:31:07.462,47.7200,94
48675001958655,13:31:15.001,47.7400,90
48675001996512,13:31:15.001,47.7400,10
48697905626539,13:31:37.905,47.7000,11
48697905651653,13:31:37.905,47.7000,89
48776328584549,13:32:56.328,47.7300,100
48776328584549,13:32:56.328,47.7300,10
48776328584549,13:32:56.328,47.7300,90
48776328610988,13:32:56.328,47.7300,10
48821929610675,13:33:41.929,47.7300,100
48821929610675,13:33:41.929,47.7300,100
48821929610675,13:33:41.929,47.7300,100
48855302875716,13:34:15.302,47.7100,45
48855302891732,13:34:15.302,47.7100,55
48883047172564,13:34:43.047,47.7000,100
48925131607803,13:35:25.131,47.7000,100
48925131607803,13:35:25.131,47.7000,7
48925131607803,13:35:25.131,47.7000,100
48925132124807,13:35:25.132,47.7100,100
48928701723404,13:35:28.701,47.7100,100
48928701747241,13:35:28.701,47.7100,9
48941495774524,13:35:41.495,47.7100,100
48948100768340,13:35:48.100,47.7000,100
48953830605614,13:35:53.830,47.6900,100
48977965330626,13:36:17.965,47.7000,100
48982660576817,13:36:22.660,47.6900,100
48982660576817,13:36:22.660,47.6900,100
49078786117523,13:37:58.786,47.7000,100
49078786117523,13:37:58.786,47.7000,100
49078786117523,13:37:58.786,47.7000,100
49141056947784,13:39:01.056,47.7000,55
49141057716840,13:39:01.057,47.7000,45
49153195741516,13:39:13.195,47.7000,100
49153195741516,13:39:13.195,47.7000,100
49173912837467,13:39:33.912,47.6800,16
49193157880468,13:39:53.157,47.6700,100
49193157880468,13:39:53.157,47.6700,1
49213239783375,13:40:13.239,47.6500,100
49213239807523,13:40:13.239,47.6500,100
49222010665419,13:40:22.010,47.6600,190
49222010665419,13:40:22.010,47.6600,5
49229716453606,13:40:29.716,47.6700,100
49242972206139,13:40:42.972,47.6900,2
49377019293760,13:42:57.019,47.6900,100
49377019293760,13:42:57.019,47.6900,7
49377019293760,13:42:57.019,47.6900,100
49388526598207,13:43:08.526,47.7000,100
49388531571274,13:43:08.531,47.7050,100
49388531575903,13:43:08.531,47.7000,100
49388531575903,13:43:08.531,47.7000,100
49388531658185,13:43:08.531,47.7000,100
49428404115850,13:43:48.404,47.6700,100
49462608271552,13:44:22.608,47.6400,100
49462608271552,13:44:22.608,47.6400,100
49462612038155,13:44:22.612,47.6300,100
49483672854107,13:44:43.672,47.6100,200
49514052810908,13:45:14.052,47.6100,43
49514052810908,13:45:14.052,47.6100,4
49514052810908,13:45:14.052,47.6100,70
49514052918346,13:45:14.052,47.6100,30
49514054310141,13:45:14.054,47.6000,100
49584416065196,13:46:24.416,47.6000,200
49584416065196,13:46:24.416,47.6000,100
49584416065196,13:46:24.416,47.6000,100
49584416065196,13:46:24.416,47.6000,4
49584416156087,13:46:24.416,47.6100,100
49584416156087,13:46:24.416,47.6100,17
49584416172559,13:46:24.416,47.6100,14
49584416196906,13:46:24.416,47.6100,11
49584416200208,13:46:24.416,47.6100,55
49584416206549,13:46:24.416,47.6100,3
49612676965692,13:46:52.676,47.6200,100
49614016342638,13:46:54.016,47.6400,2
49614017214228,13:46:54.017,47.6400,4
49614018007244,13:46:54.018,47.6400,1
49614018832691,13:46:54.018,47.6400,1
49614019949239,13:46:54.019,47.6400,100
49655078983490,13:47:35.078,47.6200,52
49655079011227,13:47:35.079,47.6200,48
49655079011227,13:47:35.079,47.6200,100
49690797311153,13:48:10.797,47.6100,100
49705495032640,13:48:25.495,47.6100,100
49709892031609,13:48:29.892,47.6200,100
49709892056407,13:48:29.892,47.6200,6
49748397783861,13:49:08.397,47.6300,100
49748397783861,13:49:08.397,47.6300,100
49758403321736,13:49:18.403,47.6200,100
49758403321736,13:49:18.403,47.6200,37
49758403328547,13:49:18.403,47.6200,63
49761339053199,13:49:21.339,47.6300,100
49793765019881,13:49:53.765,47.6200,100
49803324607896,13:50:03.324,47.6300,6
49803324607896,13:50:03.324,47.6300,94
49855001520529,13:50:55.001,47.6400,10
49855001520529,13:50:55.001,47.6400,90
49855001568358,13:50:55.001,47.6400,10
49855001568358,13:50:55.001,47.6400,3
49857038033510,13:50:57.038,47.6500,2
49857038975796,13:50:57.038,47.6500,1
49857040289124,13:50:57.040,47.6500,97
49877188822229,13:51:17.188,47.6600,100
49877191016317,13:51:17.191,47.6600,100
49906328630618,13:51:46.328,47.6600,100
49907400063730,13:51:47.400,47.6600,100
49907400063730,13:51:47.400,47.6600,100
49943556323064,13:52:23.556,47.6500,37
49943556323064,13:52:23.556,47.6500,1
49965162644605,13:52:45.162,47.6500,100
49966322433526,13:52:46.322,47.6600,100
49966322433526,13:52:46.322,47.6600,100
49966322433526,13:52:46.322,47.6600,8
49971326717098,13:52:51.326,47.6700,200
49978016816267,13:52:58.016,47.6700,100
49978016942014,13:52:58.016,47.6700,100
49980088014233,13:53:00.088,47.6700,100
49980088054366,13:53:00.088,47.6700,100
50015024114640,13:53:35.024,47.6700,100
50015024136071,13:53:35.024,47.6700,100
50039213476096,13:53:59.213,47.6500,100
50043398331033,13:54:03.398,47.6550,100
50052447327346,13:54:12.447,47.6600,100
50052447327346,13:54:12.447,47.6600,100
50052447327346,13:54:12.447,47.6600,100
50052447355397,13:54:12.447,47.6600,9
50068663918578,13:54:28.663,47.6900,100
50068663918578,13:54:28.663,47.6900,100
50068663918578,13:54:28.663,47.6900,100
50068665599822,13:54:28.665,47.6900,100
50152196954113,13:55:52.196,47.7000,100
50154994358560,13:55:54.994,47.6900,13
50154996285439,13:55:54.996,47.6900,5
50156598399300,13:55:56.598,47.6900,82
50156598399300,13:55:56.598,47.6900,18
50156598429367,13:55:56.598,47.6900,82
50156598429367,13:55:56.598,47.6900,100
50156598429367,13:55:56.598,47.6900,100
50156600228133,13:55:56.600,47.6700,100
50163769901607,13:56:03.769,47.7000,100
50163769901607,13:56:03.769,47.7000,10
50163771367203,13:56:03.771,47.7100,194
50163788233509,13:56:03.788,47.7100,100
50163788751983,13:56:03.788,47.7100,100
50164131967655,13:56:04.131,47.7000,100
50220751269817,13:57:00.751,47.7100,100
50220751269817,13:57:00.751,47.7100,100
50220751269817,13:57:00.751,47.7100,100
50220751276685,13:57:00.751,47.7100,100
50220814121238,13:57:00.814,47.7100,100
50220814121238,13:57:00.814,47.7100,100
50220815074916,13:57:00.815,47.7000,100
50220815074916,13:57:00.815,47.7000,100
50229575673570,13:57:09.575,47.6950,100
50229576022439,13:57:09.576,47.6900,100
50231600787970,13:57:11.600,47.6800,100
50330798100386,13:58:50.798,47.6900,88
50330798112027,13:58:50.798,47.6900,12
50330798112027,13:58:50.798,47.6900,32
50330798112963,13:58:50.798,47.6900,44
50330798115492,13:58:50.798,47.6900,24
50332891393784,13:58:52.891,47.6800,100
50402688373679,14:00:02.688,47.6600,100
50402688373679,14:00:02.688,47.6600,100
50402694933245,14:00:02.694,47.6600,100
50402694933245,14:00:02.694,47.6600,100
50402694933245,14:00:02.694,47.6600,100
50402702819334,14:00:02.702,47.6600,100
50402711628865,14:00:02.711,47.6700,100
50402711628865,14:00:02.711,47.6700,100
50402711628865,14:00:02.711,47.6700,100
50405733217847,14:00:05.733,47.6900,100
50405733217847,14:00:05.733,47.6900,6
50408607662631,14:00:08.607,47.7100,100
50408607820601,14:00:08.607,47.7100,100
50408608093586,14:00:08.608,47.7200,100
50408608128939,14:00:08.608,47.7200,8
50410260492854,14:00:10.260,47.7100,200
50410260492854,14:00:10.260,47.7000,100
50423331117127,14:00:23.331,47.7300,100
50423858190303,14:00:23.858,47.7300,100
50425284619818,14:00:25.284,47.7100,40
50425284628171,14:00:25.284,47.7100,40
50425284631335,14:00:25.284,47.7100,5
50425284645628,14:00:25.284,47.7100,15
50426555703948,14:00:26.555,47.7100,72
50426555723025,14:00:26.555,47.7100,40
50427464383107,14:00:27.464,47.7100,88
50427464383107,14:00:27.464,47.7100,12
50427464537792,14:00:27.464,47.7100,88
50427464537792,14:00:27.464,47.7100,100
50451050695068,14:00:51.050,47.7300,100
50451066304534,14:00:51.066,47.7400,100
50453045790924,14:00:53.045,47.7700,100
50460571095002,14:01:00.571,47.7700,100
50460571095002,14:01:00.571,47.7700,100
50535849977543,14:02:15.849,47.7900,100
50535849977543,14:02:15.849,47.7900,45
50537828114712,14:02:17.828,47.7800,4
50547120063441,14:02:27.120,47.7700,100
50552231977789,14:02:32.231,47.7800,4
50552231977789,14:02:32.231,47.7800,100
50552234069079,14:02:32.234,47.7900,3
50559656782831,14:02:39.656,47.7800,100
50559656782831,14:02:39.656,47.7800,100
50568517630336,14:02:48.517,47.7800,100
50568518250971,14:02:48.518,47.7800,100
50568518250971,14:02:48.518,47.7800,2
50598757484561,14:03:18.757,47.7800,100
50598757484561,14:03:18.757,47.7800,100
50598757558295,14:03:18.757,47.7900,82
50598757564793,14:03:18.757,47.7900,18
50598757895142,14:03:18.757,47.7900,100
50598759640091,14:03:18.759,47.7800,100
50603341141404,14:03:23.341,47.7800,100
50603341141404,14:03:23.341,47.7800,100
50603341141404,14:03:23.341,47.7800,100
50619708258967,14:03:39.708,47.8000,105
50619708258967,14:03:39.708,47.8000,105
50619708912118,14:03:39.708,47.8100,100
50619709274875,14:03:39.709,47.8100,100
50620469021126,14:03:40.469,47.8000,100
50622916578009,14:03:42.916,47.7900,100
50622916578009,14:03:42.916,47.7900,100
50623921406059,14:03:43.921,47.7900,100
50623921406059,14:03:43.921,47.7900,100
50623921406059,14:03:43.921,47.7900,100
50623921406059,14:03:43.921,47.7900,100
50623921406059,14:03:43.921,47.7900,10
50623921406059,14:03:43.921,47.7900,100
50623921406059,14:03:43.921,47.7900,10
50623921406059,14:03:43.921,47.7900,15
50623921860413,14:03:43.921,47.8000,68
50633276746076,14:03:53.276,47.8100,100
50633277938323,14:03:53.277,47.8100,100
50633279612478,14:03:53.279,47.8100,100
50652621280914,14:04:12.621,47.8300,100
50652621280914,14:04:12.621,47.8300,61
50652621282028,14:04:12.621,47.8300,39
50652632471841,14:04:12.632,47.8300,159
50652632633267,14:04:12.632,47.8300,41
50652632633267,14:04:12.632,47.8300,59
50652633462852,14:04:12.633,47.8300,41
50652633462852,14:04:12.633,47.8300,100
50652633462852,14:04:12.633,47.8300,59
50652634472110,14:04:12.634,47.8300,243
50652642991494,14:04:12.642,47.8300,100
50652643371742,14:04:12.643,47.8300,100
50652643371742,14:04:12.643,47.8300,100
50652643371742,14:04:12.643,47.8300,100
50652643371742,14:04:12.643,47.8300,100
50652645652738,14:04:12.645,47.8300,100
50652723910938,14:04:12.723,47.8400,60
50655369916784,14:04:15.369,47.8400,40
50655369916784,14:04:15.369,47.8400,160
50655370022016,14:04:15.370,47.8400,40
50655370708443,14:04:15.370,47.8400,81
50657619625749,14:04:17.619,47.8550,19
50670382162532,14:04:30.382,47.8900,100
50670388527535,14:04:30.388,47.8800,25
50670388527535,14:04:30.388,47.8800,85
50670388540211,14:04:30.388,47.8800,15
50681838907218,14:04:41.838,47.8700,100
50681838907218,14:04:41.838,47.8700,100
50681841148069,14:04:41.841,47.8800,100
50690255841896,14:04:50.255,47.9100,100
50727839846459,14:05:27.839,48.0100,7
50727845452585,14:05:27.845,48.0100,100
50727845452585,14:05:27.845,48.0100,100
50727846427871,14:05:27.846,48.0200,100
50728348671810,14:05:28.348,48.0500,100
50732062641959,14:05:32.062,48.0400,100
50732062641959,14:05:32.062,48.0400,5
50746058421688,14:05:46.058,48.0300,100
50746058421688,14:05:46.058,48.0300,100
50746058421688,14:05:46.058,48.0300,100
50746058733687,14:05:46.058,48.0300,100
50781262830988,14:06:21.262,48.0200,100
50781263820759,14:06:21.263,48.0300,100
50781266253027,14:06:21.266,48.0300,100
50793145886414,14:06:33.145,48.0400,100
50840876537018,14:07:20.876,48.0600,100
50840876537018,14:07:20.876,48.0600,100
50840876619710,14:07:20.876,48.0500,100
50840876622867,14:07:20.876,48.0500,1
50853725137925,14:07:33.725,48.0100,100
50853726201662,14:07:33.726,48.0100,100
50853726201662,14:07:33.726,48.0100,100
50865019704117,14:07:45.019,47.9900,100
50879026089852,14:07:59.026,47.9800,5
50879060951398,14:07:59.060,47.9800,95
50880113871525,14:08:00.113,47.9700,100
50880113871525,14:08:00.113,47.9700,100
50880710326446,14:08:00.710,47.9700,100
50880710384737,14:08:00.710,47.9800,60
50880710391628,14:08:00.710,47.9800,40
50880710392944,14:08:00.710,47.9800,5
50880710392944,14:08:00.710,47.9800,78
50880710393678,14:08:00.710,47.9800,22
50880713131822,14:08:00.713,47.9700,10
50880713506116,14:08:00.713,47.9700,100
50880772174030,14:08:00.772,47.9600,100
50884934612549,14:08:04.934,47.9600,7
50884934612549,14:08:04.934,47.9600,1
50892679079442,14:08:12.679,47.9700,100
50892681890726,14:08:12.681,47.9700,192
50899434221238,14:08:19.434,47.9800,6
50918405548805,14:08:38.405,47.9800,94
50924411966633,14:08:44.411,48.0000,98
50924411973301,14:08:44.411,48.0000,2
50941046608121,14:09:01.046,48.0100,100
50941046688656,14:09:01.046,48.0200,100
50941046688656,14:09:01.046,48.0200,100
50941046688656,14:09:01.046,48.0200,100
50941046688656,14:09:01.046,48.0200,100
50941046764292,14:09:01.046,48.0200,50
50941046803952,14:09:01.046,48.0200,50
50943584891287,14:09:03.584,48.0300,100
50943948623626,14:09:03.948,48.0300,106
50943948638426,14:09:03.948,48.0300,4
50949789591242,14:09:09.789,48.0200,40
50949789591242,14:09:09.789,48.0200,60
50949789616791,14:09:09.789,48.0200,40
50961372643209,14:09:21.372,48.0200,100
50961372643209,14:09:21.372,48.0200,100
50961373194298,14:09:21.373,48.0200,100
50970714372888,14:09:30.714,48.0100,100
50970714635374,14:09:30.714,48.0000,35
50970714661591,14:09:30.714,48.0000,65
50970714661591,14:09:30.714,48.0000,100
50970771715947,14:09:30.771,48.0000,100
50995531055130,14:09:55.531,48.0100,100
50995531494260,14:09:55.531,48.0200,19
50995531498740,14:09:55.531,48.0200,4
50995531501220,14:09:55.531,48.0200,41
50995531502490,14:09:55.531,48.0200,36
50995531502490,14:09:55.531,48.0200,64
50995531508245,14:09:55.531,48.0200,36
50995532075390,14:09:55.532,48.0200,10
50995532075390,14:09:55.532,48.0200,100
50997691864559,14:09:57.691,48.0350,100
50999446934010,14:09:59.446,48.0350,100
50999446946542,14:09:59.446,48.0200,100
51041341574646,14:10:41.341,48.0400,100
51041341959024,14:10:41.341,48.0400,100
51041345828024,14:10:41.345,48.0400,100
51041348362393,14:10:41.348,48.0300,200
51041348362393,14:10:41.348,48.0300,100
51041349445684,14:10:41.349,48.0200,100
51042457760349,14:10:42.457,48.0150,100
51042457760349,14:10:42.457,48.0100,100
51042457787899,14:10:42.457,48.0100,100
51044548305683,14:10:44.548,48.0000,100
51044548305683,14:10:44.548,48.0000,8
51044549684885,14:10:44.549,48.0000,32
51059302315970,14:10:59.302,48.0000,100
51059302315970,14:10:59.302,48.0000,210
51059302649483,14:10:59.302,48.0000,100
51059302649483,14:10:59.302,48.0000,100
51059302649483,14:10:59.302,48.0000,532
51060964207834,14:11:00.964,48.0100,400
51061186647957,14:11:01.186,48.0200,100
51075919482055,14:11:15.919,48.0300,100
51075919482055,14:11:15.919,48.0300,100
51077986429770,14:11:17.986,48.0350,100
51077986865094,14:11:17.986,48.0300,100
51080712168996,14:11:20.712,48.0100,100
51080712521493,14:11:20.712,48.0100,41
51080712949973,14:11:20.712,48.0100,59
51080712949973,14:11:20.712,48.0100,10
51084551900176,14:11:24.551,48.0400,100
51084559533083,14:11:24.559,48.0600,100
51084562521829,14:11:24.562,48.0600,100
51100786686315,14:11:40.786,48.0900,100
51105603965783,14:11:45.603,48.1000,100
51105605082312,14:11:45.605,48.1100,100
51105673403185,14:11:45.673,48.1250,100
51120610492255,14:12:00.610,48.1200,100
51120610492255,14:12:00.610,48.1100,100
51120610528185,14:12:00.610,48.1100,100
51120610601525,14:12:00.610,48.1000,36
51123403373990,14:12:03.403,48.0800,100
51128102370366,14:12:08.102,48.0900,100
51144554700457,14:12:24.554,48.0900,200
51144555095976,14:12:24.555,48.0800,59
51144555120452,14:12:24.555,48.0800,41
51144556330986,14:12:24.556,48.0700,100
51144556867370,14:12:24.556,48.0500,100
51159544034738,14:12:39.544,48.0700,100
51176479303222,14:12:56.479,48.1000,8
51204292516385,14:13:24.292,48.1200,100
51206141931083,14:13:26.141,48.1100,40
51206141938294,14:13:26.141,48.1100,60
51206141938294,14:13:26.141,48.1100,25
51206141939223,14:13:26.141,48.1100,41
51206141963473,14:13:26.141,48.1100,34
51206687086811,14:13:26.687,48.1000,37
51221815405815,14:13:41.815,48.0900,100
51221815405815,14:13:41.815,48.0900,100
51221815405815,14:13:41.815,48.0900,100
51221815405815,14:13:41.815,48.0900,100
51241448428562,14:14:01.448,48.1100,2
51256390380902,14:14:16.390,48.1100,96
51256390775753,14:14:16.390,48.1100,2
51256390775753,14:14:16.390,48.1100,6
51256390818618,14:14:16.390,48.1100,94
51267726403982,14:14:27.726,48.1200,100
51278438236435,14:14:38.438,48.1200,100
51278438236435,14:14:38.438,48.1200,100
51279064277870,14:14:39.064,48.1300,100
51281723363334,14:14:41.723,48.1300,100
51300167233978,14:15:00.167,48.1250,63
51300167412232,14:15:00.167,48.1250,37
51300167412232,14:15:00.167,48.1200,53
51300168061066,14:15:00.168,48.1200,47
51300168061066,14:15:00.168,48.1200,12
51300168061066,14:15:00.168,48.1200,100
51300168061066,14:15:00.168,48.1200,100
51300172268752,14:15:00.172,48.1100,40
51300198185571,14:15:00.198,48.1100,60
51300198185571,14:15:00.198,48.1100,30
51300206546774,14:15:00.206,48.1000,100
51300223736568,14:15:00.223,48.1000,100
51300228389676,14:15:00.228,48.1000,100
51300228883830,14:15:00.228,48.1000,100
51300230079867,14:15:00.230,48.1000,100
51300230704222,14:15:00.230,48.1000,100
51300232665434,14:15:00.232,48.1000,100
51300255767511,14:15:00.255,48.1000,100
51300712987056,14:15:00.712,48.1000,40
51300712994749,14:15:00.712,48.1000,41
51300713012244,14:15:00.713,48.1000,19
51300713012244,14:15:00.713,48.1000,41
51300713223825,14:15:00.713,48.1000,60
51300713447437,14:15:00.713,48.1000,200
51300715163608,14:15:00.715,48.1000,100
51300715163608,14:15:00.715,48.1000,100
51300715163608,14:15:00.715,48.1000,100
51305715592422,14:15:05.715,48.1300,100
51305715629314,14:15:05.715,48.1300,8
51319957781673,14:15:19.957,48.1300,9
51331233340823,14:15:31.233,48.1000,100
51331233467618,14:15:31.233,48.1000,100
51331234735450,14:15:31.234,48.1000,100
51331257930963,14:15:31.257,48.1000,100
51331267393042,14:15:31.267,48.1000,86
51333671553196,14:15:33.671,48.1000,100
51346961108710,14:15:46.961,48.1100,100
51348006519370,14:15:48.006,48.1200,200
51348506589103,14:15:48.506,48.1400,100
51357338314500,14:15:57.338,48.1300,100
51357455150296,14:15:57.455,48.1100,100
51364050971578,14:16:04.050,48.1100,100
51367148527214,14:16:07.148,48.1300,100
51367148527214,14:16:07.148,48.1300,100
51373427029869,14:16:13.427,48.1300,100
51373427029869,14:16:13.427,48.1300,100
51373427904879,14:16:13.427,48.1200,12
51381787202530,14:16:21.787,48.1400,83
51381787211935,14:16:21.787,48.1400,17
51399225269148,14:16:39.225,48.1400,100
51418710764868,14:16:58.710,48.1500,100
51429649405281,14:17:09.649,48.1700,6
51429649946375,14:17:09.649,48.1700,94
51432562103092,14:17:12.562,48.1700,100
51432562103092,14:17:12.562,48.1700,19
51432562108964,14:17:12.562,48.1700,81
51445216275105,14:17:25.216,48.1500,100
51445216275105,14:17:25.216,48.1500,100
51445216403689,14:17:25.216,48.1500,100
51445216414900,14:17:25.216,48.1500,83
51445216680345,14:17:25.216,48.1500,100
51445218334825,14:17:25.218,48.1500,100
51465578650428,14:17:45.578,48.1600,100
51466501314635,14:17:46.501,48.1600,100
51466502636408,14:17:46.502,48.1500,100
51466503255989,14:17:46.503,48.1500,100
51466503451146,14:17:46.503,48.1500,100
51466503451146,14:17:46.503,48.1500,100
51466503451146,14:17:46.503,48.1500,100
51466503451146,14:17:46.503,48.1500,100
51466503451146,14:17:46.503,48.1500,200
51466503451146,14:17:46.503,48.1500,100
51473293045897,14:17:53.293,48.1500,100
51473293374734,14:17:53.293,48.1500,100
51473293745788,14:17:53.293,48.1500,100
51474360871584,14:17:54.360,48.1400,100
51474476172452,14:17:54.476,48.1400,100
51481646864468,14:18:01.646,48.1400,100
51481646904537,14:18:01.646,48.1400,49
51481646911430,14:18:01.646,48.1400,51
51494707908219,14:18:14.707,48.1700,100
51494707908219,14:18:14.707,48.1700,100
51494707995386,14:18:14.707,48.1600,11
51494707995386,14:18:14.707,48.1600,30
51531785480629,14:18:51.785,48.1200,100
51531785480629,14:18:51.785,48.1200,100
51540023520113,14:19:00.023,48.1400,100
51550881687907,14:19:10.881,48.1800,41
51574572327573,14:19:34.572,48.1700,100
51574572327573,14:19:34.572,48.1700,100
51574572374092,14:19:34.572,48.1700,100
51582267514509,14:19:42.267,48.1800,100
51582267544750,14:19:42.267,48.1800,100
51587465822026,14:19:47.465,48.2000,100
51587465847252,14:19:47.465,48.2000,100
51592302255091,14:19:52.302,48.1900,100
51593457012077,14:19:53.457,48.1900,100
51618337089267,14:20:18.337,48.1900,100
51618337089267,14:20:18.337,48.1900,3
51618337259746,14:20:18.337,48.1900,97
51618337259746,14:20:18.337,48.1900,25
51618337266102,14:20:18.337,48.1900,75
51624428344074,14:20:24.428,48.2100,11
51624428344074,14:20:24.428,48.2100,100
51624428344074,14:20:24.428,48.2100,89
51624428353800,14:20:24.428,48.2100,11
51633165703419,14:20:33.165,48.1900,16
51635661513254,14:20:35.661,48.1800,100
51653997526375,14:20:53.997,48.1800,100
51654689616093,14:20:54.689,48.2000,100
51660152795065,14:21:00.152,48.2200,8
51661244831383,14:21:01.244,48.2400,100
51661478057955,14:21:01.478,48.2400,100
51663058087254,14:21:03.058,48.2500,100
51663058087254,14:21:03.058,48.2500,100
51665647661237,14:21:05.647,48.2300,70
51670752373920,14:21:10.752,48.2200,100
51678253031571,14:21:18.253,48.2100,100
51678253715167,14:21:18.253,48.2200,100
51681620823331,14:21:21.620,48.2200,100
51688938816263,14:21:28.938,48.2300,100
51695128050199,14:21:35.128,48.2300,100
51695128050199,14:21:35.128,48.2300,100
51695128050199,14:21:35.128,48.2300,100
51704675472677,14:21:44.675,48.2200,49
51704675484918,14:21:44.675,48.2200,51
51727855690418,14:22:07.855,48.2400,100
51731737484619,14:22:11.737,48.2500,100
51731737484619,14:22:11.737,48.2500,100
51748472918121,14:22:28.472,48.2700,100
51748472918121,14:22:28.472,48.2700,100
51759079796157,14:22:39.079,48.2600,100
51759079796157,14:22:39.079,48.2600,75
51759079902878,14:22:39.079,48.2600,25
51759079902878,14:22:39.079,48.2600,100
51759116238724,14:22:39.116,48.2700,100
51789623893274,14:23:09.623,48.2600,100
51789623893274,14:23:09.623,48.2600,45
51789623893274,14:23:09.623,48.2600,100
51789623893274,14:23:09.623,48.2600,100
51789626201987,14:23:09.626,48.2500,100
51803800343973,14:23:23.800,48.2500,100
51803800343973,14:23:23.800,48.2500,100
51803825697499,14:23:23.825,48.2700,100
51803827730163,14:23:23.827,48.2700,86
51804044873027,14:23:24.044,48.2800,100
51806971379212,14:23:26.971,48.2700,44
51806971755714,14:23:26.971,48.2700,56
51806976974671,14:23:26.976,48.2600,82
51806977027775,14:23:26.977,48.2600,18
51823251915679,14:23:43.251,48.2600,19
51833253371630,14:23:53.253,48.2400,100
51866058537607,14:24:26.058,48.2400,100
51866058583485,14:24:26.058,48.2400,61
51866058590683,14:24:26.058,48.2400,39
51866058590683,14:24:26.058,48.2400,27
51866058590683,14:24:26.058,48.2400,68
51866058590683,14:24:26.058,48.2400,61
51866058595152,14:24:26.058,48.2400,39
51877029957695,14:24:37.029,48.2500,100
51877029957695,14:24:37.029,48.2500,100
51885069681709,14:24:45.069,48.2800,200
51885071495020,14:24:45.071,48.2800,100
51886871972012,14:24:46.871,48.2600,100
51911846473077,14:25:11.846,48.2500,100
51928015448519,14:25:28.015,48.2800,100
51931147156960,14:25:31.147,48.2900,100
51931596748099,14:25:31.596,48.2900,12
51931596748099,14:25:31.596,48.2900,100
51931596748099,14:25:31.596,48.2900,88
51931596791604,14:25:31.596,48.2900,12
51964542455895,14:26:04.542,48.2800,100
51964542455895,14:26:04.542,48.2800,100
51964542455895,14:26:04.542,48.2800,16
51965130101044,14:26:05.130,48.2600,100
51965130101044,14:26:05.130,48.2600,100
51965130126562,14:26:05.130,48.2600,100
51985216545784,14:26:25.216,48.2300,16
52013602981899,14:26:53.602,48.2050,33
52013603000071,14:26:53.603,48.2050,67
52013603000071,14:26:53.603,48.2000,27
52013603000819,14:26:53.603,48.2000,41
52013603001420,14:26:53.603,48.2000,16
52013603011609,14:26:53.603,48.2000,16
52020063264111,14:27:00.063,48.1800,100
52020063301793,14:27:00.063,48.1800,21
52020063325907,14:27:00.063,48.1800,79
52020063352999,14:27:00.063,48.1800,79
52020063369109,14:27:00.063,48.1800,79
52020063396408,14:27:00.063,48.1800,21
52020063804801,14:27:00.063,48.1800,21
52025792015059,14:27:05.792,48.1900,100
52040028266023,14:27:20.028,48.2000,100
52040028266023,14:27:20.028,48.2000,100
52040028266023,14:27:20.028,48.2000,200
52040028266023,14:27:20.028,48.2000,30
52040028374417,14:27:20.028,48.2000,15
52042791622877,14:27:22.791,48.2100,100
52042791676873,14:27:22.791,48.2100,100
52045581621169,14:27:25.581,48.2100,100
52053626142687,14:27:33.626,48.2000,19
52053626286588,14:27:33.626,48.2000,81
52089458881852,14:28:09.458,48.1800,85
52089458901621,14:28:09.458,48.1800,15
52089458901621,14:28:09.458,48.1800,100
52094488401869,14:28:14.488,48.2000,100
52094488401869,14:28:14.488,48.2000,100
52094496044900,14:28:14.496,48.2000,100
52094496093566,14:28:14.496,48.2000,100
52094496377572,14:28:14.496,48.2000,100
52095063246713,14:28:15.063,48.2200,200
52095074645229,14:28:15.074,48.2400,100
52119903708878,14:28:39.903,48.2000,100
52120105345029,14:28:40.105,48.2150,100
52120105345029,14:28:40.105,48.2150,100
52120105345029,14:28:40.105,48.2200,10
52120105649280,14:28:40.105,48.2200,100
52125608292045,14:28:45.608,48.2200,100
52130109105816,14:28:50.109,48.2100,19
52140908202416,14:29:00.908,48.2100,100
52141411966061,14:29:01.411,48.2300,200
52141411966061,14:29:01.411,48.2300,100
52164418493801,14:29:24.418,48.2050,91
52176780657822,14:29:36.780,48.2100,100
52205833409760,14:30:05.833,48.2100,13
52205833459805,14:30:05.833,48.2000,100
52205851199726,14:30:05.851,48.2000,2
52213885058166,14:30:13.885,48.1900,100
52213986122221,14:30:13.986,48.2000,100
52213986122221,14:30:13.986,48.2000,100
52263594314302,14:31:03.594,48.2100,9
52263594314302,14:31:03.594,48.2100,91
52263594505519,14:31:03.594,48.2100,9
52263594505519,14:31:03.594,48.2100,100
52263594505519,14:31:03.594,48.2100,2
52263594517285,14:31:03.594,48.2100,98
52271272704417,14:31:11.272,48.2200,100
52275191471337,14:31:15.191,48.2350,100
52309984280036,14:31:49.984,48.2300,100
52344259936185,14:32:24.259,48.2200,100
52347633039326,14:32:27.633,48.2400,100
52358261705812,14:32:38.261,48.2400,100
52358261705812,14:32:38.261,48.2400,13
52390795353027,14:33:10.795,48.2300,40
52400647319653,14:33:20.647,48.2300,100
52420331681763,14:33:40.331,48.2200,100
52420331681763,14:33:40.331,48.2200,100
52420331681763,14:33:40.331,48.2200,20
52433254567343,14:33:53.254,48.2100,100
52433255549260,14:33:53.255,48.2100,100
52433260198718,14:33:53.260,48.2200,100
52442568367938,14:34:02.568,48.2400,100
52442651966779,14:34:02.651,48.2500,100
52448433631848,14:34:08.433,48.2700,100
52490256799681,14:34:50.256,48.2600,100
52512954806680,14:35:12.954,48.3200,100
52513486694579,14:35:13.486,48.3100,6
52513486893211,14:35:13.486,48.3100,94
52513486893211,14:35:13.486,48.3100,6
52513489768986,14:35:13.489,48.3100,94
52513489768986,14:35:13.489,48.3100,9
52513657774821,14:35:13.657,48.3000,100
52534616963356,14:35:34.616,48.2900,100
52539880584159,14:35:39.880,48.2800,200
52539880626258,14:35:39.880,48.2800,100
52550930684727,14:35:50.930,48.2800,100
52564718826384,14:36:04.718,48.2600,100
52564718851458,14:36:04.718,48.2600,45
52564718851458,14:36:04.718,48.2600,11
52564722081224,14:36:04.722,48.2500,2
52566448465071,14:36:06.448,48.2400,100
52572318264677,14:36:12.318,48.2500,100
52573233320682,14:36:13.233,48.2500,100
52620983520587,14:37:00.983,48.2600,35
52621936941418,14:37:01.936,48.2750,100
52629385783953,14:37:09.385,48.2600,100
52629385783953,14:37:09.385,48.2600,100
52641882236834,14:37:21.882,48.2900,100
52642939046312,14:37:22.939,48.2900,100
52644095855820,14:37:24.095,48.2900,100
52644095863136,14:37:24.095,48.3000,100
52654034393514,14:37:34.034,48.3150,100
52654034393514,14:37:34.034,48.3300,100
52680138801297,14:38:00.138,48.3800,100
52694800631381,14:38:14.800,48.3700,100
52694800631381,14:38:14.800,48.3700,100
52694800631381,14:38:14.800,48.3700,100
52710599472487,14:38:30.599,48.3500,100
52720025274228,14:38:40.025,48.3600,100
52720363861735,14:38:40.363,48.3700,100
52728231086674,14:38:48.231,48.3800,6
52728231086674,14:38:48.231,48.3800,100
52732931606893,14:38:52.931,48.4000,100
52745997570380,14:39:05.997,48.4100,100
52745997588679,14:39:05.997,48.4100,100
52750749888153,14:39:10.749,48.4000,100
52750749888153,14:39:10.749,48.4000,100
52750963858097,14:39:10.963,48.3900,15
52807149738970,14:40:07.149,48.3700,100
52807149798275,14:40:07.149,48.3600,27
52807149840348,14:40:07.149,48.3600,73
52825025915832,14:40:25.025,48.3700,2
52825052468126,14:40:25.052,48.3800,100
52825054259533,14:40:25.054,48.3800,100
52825054259533,14:40:25.054,48.3800,86
52825054259533,14:40:25.054,48.3800,100
52825054259533,14:40:25.054,48.3800,100
52825054259533,14:40:25.054,48.3800,100
52825054578651,14:40:25.054,48.3800,100
52825128838609,14:40:25.128,48.3800,100
52831797773944,14:40:31.797,48.3600,100
52866045738555,14:41:06.045,48.3600,100
52866045738555,14:41:06.045,48.3600,100
52867366276973,14:41:07.366,48.3700,100
52892255980929,14:41:32.255,48.3600,100
52936903777530,14:42:16.903,48.3600,74
52936903783920,14:42:16.903,48.3600,26
52936903783920,14:42:16.903,48.3600,8
52962744532410,14:42:42.744,48.3700,100
52964120297084,14:42:44.120,48.3800,77
52965009750510,14:42:45.009,48.3800,23
52965009805628,14:42:45.009,48.3800,100
52975531602654,14:42:55.531,48.4000,100
52975531602654,14:42:55.531,48.4000,7
52975531628699,14:42:55.531,48.4000,93
52975531641661,14:42:55.531,48.4000,93
52975983183160,14:42:55.983,48.4000,107
52977182223284,14:42:57.182,48.3900,97
52977182302704,14:42:57.182,48.3900,3
52977182312950,14:42:57.182,48.3900,61
52977182447748,14:42:57.182,48.3900,39
52996040678762,14:43:16.040,48.3600,100
52996097880277,14:43:16.097,48.3500,100
52997736540766,14:43:17.736,48.3400,100
52997742007564,14:43:17.742,48.3400,100
53017430485290,14:43:37.430,48.3800,100
53032612251922,14:43:52.612,48.3900,100
53032612251922,14:43:52.612,48.3900,100
53032613753394,14:43:52.613,48.4000,100
53032614188057,14:43:52.614,48.4000,8
53040604641861,14:44:00.604,48.4200,100
53040654452757,14:44:00.654,48.4200,100
53041716207444,14:44:01.716,48.4200,100
53076652619799,14:44:36.652,48.4200,100
53076652619799,14:44:36.652,48.4200,100
53076652619799,14:44:36.652,48.4200,100
53076684182882,14:44:36.684,48.4200,100
53076686100555,14:44:36.686,48.4200,100
53076687620917,14:44:36.687,48.4200,100
53076687647859,14:44:36.687,48.4200,100
53076687647859,14:44:36.687,48.4200,100
53077274331046,14:44:37.274,48.4200,100
53077274331046,14:44:37.274,48.4200,100
53077700397590,14:44:37.700,48.4200,100
53079802203763,14:44:39.802,48.4100,100
53086524305846,14:44:46.524,48.4000,100
53086524305846,14:44:46.524,48.4000,100
53090253576614,14:44:50.253,48.4200,10
53091534635859,14:44:51.534,48.4100,100
53098776292067,14:44:58.776,48.4000,1
53105034663096,14:45:05.034,48.4000,100
53110159830338,14:45:10.159,48.3900,100
53129059251831,14:45:29.059,48.4000,100
53129060079487,14:45:29.060,48.4100,100
53129124936778,14:45:29.124,48.4000,200
53164587930067,14:46:04.587,48.4100,86
53164587954815,14:46:04.587,48.4100,114
53164587954815,14:46:04.587,48.4100,6
53189258245575,14:46:29.258,48.3900,100
53189258245575,14:46:29.258,48.3900,34
53189258937828,14:46:29.258,48.3900,66
53217097710604,14:46:57.097,48.4000,100
53227200786368,14:47:07.200,48.3800,100
53227202896958,14:47:07.202,48.3900,100
53292299255354,14:48:12.299,48.3800,74
53292299266564,14:48:12.299,48.3800,26
53292299266564,14:48:12.299,48.3800,1
53292299743570,14:48:12.299,48.3800,200
53292299743570,14:48:12.299,48.3800,74
53292299743570,14:48:12.299,48.3800,100
53292299743570,14:48:12.299,48.3800,100
53292299743570,14:48:12.299,48.3800,100
53292299743570,14:48:12.299,48.3800,100
53305647690946,14:48:25.647,48.3600,200
53309221011389,14:48:29.221,48.3700,100
53309221011389,14:48:29.221,48.3700,100
53309221011389,14:48:29.221,48.3700,100
53348256075212,14:49:08.256,48.3900,100
53348256075212,14:49:08.256,48.3900,100
53348289136332,14:49:08.289,48.4100,100
53358348880136,14:49:18.348,48.4000,100
53358349134059,14:49:18.349,48.4000,42
53365198469019,14:49:25.198,48.3900,100
53383600589500,14:49:43.600,48.3900,100
53383619273485,14:49:43.619,48.4100,100
53383636536177,14:49:43.636,48.4000,100
53383636536177,14:49:43.636,48.4100,100
53383649565853,14:49:43.649,48.4100,100
53383657319996,14:49:43.657,48.4100,100
53383657319996,14:49:43.657,48.4200,100
53383667281818,14:49:43.667,48.4300,100
53383669469157,14:49:43.669,48.4300,100
53383673563088,14:49:43.673,48.4300,100
53383673563088,14:49:43.673,48.4300,100
53383693902987,14:49:43.693,48.4500,100
53402215025645,14:50:02.215,48.4600,1
53414266312843,14:50:14.266,48.4500,92
53414266797148,14:50:14.266,48.4500,8
53414266797148,14:50:14.266,48.4500,100
53415315757278,14:50:15.315,48.4400,100
53415315801642,14:50:15.315,48.4300,6
53416834709578,14:50:16.834,48.4400,9
53418890090445,14:50:18.890,48.4400,100
53431057887200,14:50:31.057,48.4300,100
53431057887200,14:50:31.057,48.4300,100
53438646425093,14:50:38.646,48.4300,100
53451709287083,14:50:51.709,48.4200,4
53451709287083,14:50:51.709,48.4200,96
53451712260890,14:50:51.712,48.4200,4
53453938009170,14:50:53.938,48.4200,100
53453938009170,14:50:53.938,48.4200,100
53468519804387,14:51:08.519,48.4300,174
53511109549628,14:51:51.109,48.4700,100
53511869021104,14:51:51.869,48.4950,100
53511902012866,14:51:51.902,48.4900,100
53512849896266,14:51:52.849,48.4900,100
53522966685562,14:52:02.966,48.5000,200
53522966685562,14:52:02.966,48.5000,100
53522966711346,14:52:02.966,48.5000,100
53525200409847,14:52:05.200,48.4950,15
