timestamp,time,price,volume
34200372752816,09:30:00.372,1.5300,7107
34295823496750,09:31:35.823,1.5700,379
34583216444351,09:36:23.216,1.5500,100
34583297740159,09:36:23.297,1.5500,2857
34583297766041,09:36:23.297,1.5500,313
34583297766041,09:36:23.297,1.5500,100
34742874457666,09:39:02.874,1.5200,10
34743732246130,09:39:03.732,1.5100,200
34743732246130,09:39:03.732,1.5100,300
34743732349910,09:39:03.732,1.5100,200
34743732428699,09:39:03.732,1.5100,200
34743732533459,09:39:03.732,1.5100,61
34743732542223,09:39:03.732,1.5100,44
34743732558302,09:39:03.732,1.5100,95
34743732558302,09:39:03.732,1.5100,44
34743733885826,09:39:03.733,1.5100,200
34743734069873,09:39:03.734,1.5100,100
34746093839310,09:39:06.093,1.5000,200
34746093839310,09:39:06.093,1.5000,1300
34746093839310,09:39:06.093,1.5000,144
34746122221201,09:39:06.122,1.5000,269
34746127422862,09:39:06.127,1.4900,200
34856529248094,09:40:56.529,1.5000,300
34856529248094,09:40:56.529,1.5000,100
35200349278129,09:46:40.349,1.5000,50
35202275117637,09:46:42.275,1.5000,50
35202385675643,09:46:42.385,1.5100,100
35213769360509,09:46:53.769,1.5000,100
35213899841151,09:46:53.899,1.5000,400
35213899841151,09:46:53.899,1.5000,200
35312359483546,09:48:32.359,1.4900,5000
35312359483546,09:48:32.359,1.4900,306
35312359483546,09:48:32.359,1.4900,2500
35312359483546,09:48:32.359,1.4900,300
35312377577152,09:48:32.377,1.4900,274
35317262890900,09:48:37.262,1.4700,100
35317264629024,09:48:37.264,1.4700,900
35319948422103,09:48:39.948,1.4800,100
35320973381447,09:48:40.973,1.4800,3284
35335981538766,09:48:55.981,1.4800,1616
35335981538766,09:48:55.981,1.4800,184
35336864537041,09:48:56.864,1.4800,16
35434026725684,09:50:34.026,1.4900,100
35434026725684,09:50:34.026,1.4900,100
35704243137549,09:55:04.243,1.4800,100
35805467648597,09:56:45.467,1.4900,1000
35866933693764,09:57:46.933,1.4800,100
36066771523891,10:01:06.771,1.4900,600
36082194648147,10:01:22.194,1.4900,100
36082280118473,10:01:22.280,1.4900,100
36099279813376,10:01:39.279,1.4900,500
36114284678143,10:01:54.284,1.4900,1000
36434392118228,10:07:14.392,1.4800,100
36434392118228,10:07:14.392,1.4800,100
36594477665778,10:09:54.477,1.4900,100
36610404586680,10:10:10.404,1.4700,100
36610404586680,10:10:10.404,1.4700,300
36610404586680,10:10:10.404,1.4700,100
36614247931198,10:10:14.247,1.4600,5000
36614247931198,10:10:14.247,1.4600,100
36614248658827,10:10:14.248,1.4500,2500
36614248658827,10:10:14.248,1.4500,1000
36614248658827,10:10:14.248,1.4500,20
36614248658827,10:10:14.248,1.4500,424
36614248898947,10:10:14.248,1.4500,76
36621487692441,10:10:21.487,1.4500,500
36621487692441,10:10:21.487,1.4500,100
36621487692441,10:10:21.487,1.4500,100
36632246067194,10:10:32.246,1.4500,27
36675517972473,10:11:15.517,1.4600,100
36675518262366,10:11:15.518,1.4600,100
36678308172247,10:11:18.308,1.4600,100
36709173534328,10:11:49.173,1.4600,28
36709174533508,10:11:49.174,1.4600,100
36709176035004,10:11:49.176,1.4600,272
37157227004783,10:19:17.227,1.4500,100
37157227004783,10:19:17.227,1.4500,11
37157260191819,10:19:17.260,1.4500,400
37157261101225,10:19:17.261,1.4500,89
37157261101225,10:19:17.261,1.4500,100
37423982871356,10:23:43.982,1.4500,500
37861509028078,10:31:01.509,1.4600,100
37861509028078,10:31:01.509,1.4600,900
37861509054992,10:31:01.509,1.4600,700
37861509054992,10:31:01.509,1.4600,100
37861509054992,10:31:01.509,1.4600,100
37861509054992,10:31:01.509,1.4600,100
37861509959106,10:31:01.509,1.4600,100
37889319547122,10:31:29.319,1.4600,100
37924115105887,10:32:04.115,1.4500,200
38152512661603,10:35:52.512,1.4600,600
38152512661603,10:35:52.512,1.4600,200
38152512661603,10:35:52.512,1.4600,100
38152512661603,10:35:52.512,1.4600,1200
38152512661603,10:35:52.512,1.4600,100
38152512661603,10:35:52.512,1.4600,100
38401187819657,10:40:01.187,1.4800,100
38401187819657,10:40:01.187,1.4800,900
38401187819657,10:40:01.187,1.4800,100
38401187819657,10:40:01.187,1.4800,600
38401188031586,10:40:01.188,1.4800,100
38455792321209,10:40:55.792,1.4900,200
38455792516224,10:40:55.792,1.4900,300
38455793182147,10:40:55.793,1.4900,300
38489645448606,10:41:29.645,1.4800,3600
38489645448606,10:41:29.645,1.4800,100
38490762159582,10:41:30.762,1.4800,100
38662209240244,10:44:22.209,1.4800,20
38708685033996,10:45:08.685,1.4750,200
38807878807893,10:46:47.878,1.4750,100
38807879622713,10:46:47.879,1.4750,100
38921419290341,10:48:41.419,1.4700,100
39071502139018,10:51:11.502,1.4700,300
39071502139018,10:51:11.502,1.4700,400
39071502139018,10:51:11.502,1.4700,100
39071502139018,10:51:11.502,1.4700,100
39071503474654,10:51:11.503,1.4700,200
39071503474654,10:51:11.503,1.4700,100
39071518465076,10:51:11.518,1.4700,200
39071518465076,10:51:11.518,1.4700,200
39633242618181,11:00:33.242,1.4700,25
39633242618181,11:00:33.242,1.4700,75
39817339781374,11:03:37.339,1.4850,200
39817339781374,11:03:37.339,1.4800,1000
39817340132435,11:03:37.340,1.4800,6400
39817340253362,11:03:37.340,1.4800,100
39817340371222,11:03:37.340,1.4800,100
39880629813427,11:04:40.629,1.4800,100
39880629813427,11:04:40.629,1.4800,400
39880629813427,11:04:40.629,1.4800,500
39880631677228,11:04:40.631,1.4800,200
39880631677228,11:04:40.631,1.4800,200
39880654719878,11:04:40.654,1.4800,200
39880654719878,11:04:40.654,1.4800,200
39895617427700,11:04:55.617,1.4850,100
39895617427700,11:04:55.617,1.4850,200
39895617427700,11:04:55.617,1.4800,1510
39895617427700,11:04:55.617,1.4800,100
39895617427700,11:04:55.617,1.4800,90
39987248242807,11:06:27.248,1.4800,510
40091907632145,11:08:11.907,1.4850,200
40091907632145,11:08:11.907,1.4800,1700
40101909849219,11:08:21.909,1.4800,100
40101909849219,11:08:21.909,1.4800,100
40101909849219,11:08:21.909,1.4800,1100
40111910690988,11:08:31.910,1.4800,300
40131585171345,11:08:51.585,1.4800,300
40225596398338,11:10:25.596,1.4800,1000
40225597892421,11:10:25.597,1.4800,4700
40225597892421,11:10:25.597,1.4800,357
40225597931255,11:10:25.597,1.4800,43
40728616771761,11:18:48.616,1.4750,100
40728617367731,11:18:48.617,1.4750,100
40973363115272,11:22:53.363,1.4800,200
40973363115272,11:22:53.363,1.4800,400
40973363115272,11:22:53.363,1.4800,700
40973363115272,11:22:53.363,1.4800,100
41112078894517,11:25:12.078,1.4750,200
41155634130055,11:25:55.634,1.4700,100
41502509909476,11:31:42.509,1.4750,100
41647055159839,11:34:07.055,1.4800,200
41647055159839,11:34:07.055,1.4800,900
41647055159839,11:34:07.055,1.4800,100
41647055159839,11:34:07.055,1.4800,100
41647055159839,11:34:07.055,1.4800,100
41647055159839,11:34:07.055,1.4800,200
41647055159839,11:34:07.055,1.4800,100
41703320090556,11:35:03.320,1.4850,100
41961690506134,11:39:21.690,1.4900,2100
41987303377250,11:39:47.303,1.4900,400
41987303377250,11:39:47.303,1.4900,100
41987303377250,11:39:47.303,1.4900,400
41987303377250,11:39:47.303,1.4900,100
41998837477470,11:39:58.837,1.5100,800
42012800764611,11:40:12.800,1.5150,100
42012800764611,11:40:12.800,1.5200,100
42012800764611,11:40:12.800,1.5200,200
42012800764611,11:40:12.800,1.5200,100
42093659709265,11:41:33.659,1.5100,100
42093659709265,11:41:33.659,1.5100,100
42287937462032,11:44:47.937,1.5000,4
42305925301362,11:45:05.925,1.4800,100
42448669299337,11:47:28.669,1.4800,100
42497293396284,11:48:17.293,1.4800,500
42497293432844,11:48:17.293,1.4800,300
42497293432844,11:48:17.293,1.4800,100
43266809758439,12:01:06.809,1.5000,200
43266809758439,12:01:06.809,1.5000,100
43266809758439,12:01:06.809,1.5000,2300
43266809758439,12:01:06.809,1.5000,100
43266809758439,12:01:06.809,1.5000,100
43267017310282,12:01:07.017,1.5000,100
43268266373475,12:01:08.266,1.5000,100
43339400554807,12:02:19.400,1.5050,100
43339401148740,12:02:19.401,1.5050,100
43463292220905,12:04:23.292,1.5050,100
43463292736245,12:04:23.292,1.5050,100
43518151160395,12:05:18.151,1.5000,100
43518151160395,12:05:18.151,1.5000,84
43518151160395,12:05:18.151,1.5000,16
44094394138549,12:14:54.394,1.5000,100
44094394138549,12:14:54.394,1.5000,300
44094394183619,12:14:54.394,1.5000,100
44094394269529,12:14:54.394,1.5000,100
44232831974492,12:17:12.831,1.4950,100
44232832527273,12:17:12.832,1.4950,100
44234229671211,12:17:14.229,1.4900,100
44860843268438,12:27:40.843,1.4800,100
44860843268438,12:27:40.843,1.4800,100
44860843268438,12:27:40.843,1.4800,100
44860843268438,12:27:40.843,1.4800,95
44860843268438,12:27:40.843,1.4800,100
44860843268438,12:27:40.843,1.4800,12
44860843268438,12:27:40.843,1.4800,193
44861034794423,12:27:41.034,1.4800,100
45332729066505,12:35:32.729,1.5000,200
45332729066505,12:35:32.729,1.5000,100
45332729066505,12:35:32.729,1.5000,500
45383776894887,12:36:23.776,1.5000,100
45383776894887,12:36:23.776,1.5000,100
45383776894887,12:36:23.776,1.5000,3500
45388253189824,12:36:28.253,1.4900,100
45426674207965,12:37:06.674,1.5000,300
45426674207965,12:37:06.674,1.5000,200
45426685225731,12:37:06.685,1.5000,200
45673266988072,12:41:13.266,1.5000,200
45673266988072,12:41:13.266,1.5000,74
45738134636562,12:42:18.134,1.5050,100
45738135261356,12:42:18.135,1.5050,100
45740266441468,12:42:20.266,1.5100,500
45740270920778,12:42:20.270,1.5100,2400
45740270920778,12:42:20.270,1.5100,500
45740270920778,12:42:20.270,1.5100,100
45740270920778,12:42:20.270,1.5100,400
45740270963237,12:42:20.270,1.5100,790
45740270963237,12:42:20.270,1.5100,88
45740271153743,12:42:20.271,1.5100,12
45817423434541,12:43:37.423,1.5200,400
45817423856784,12:43:37.423,1.5200,600
45817423856784,12:43:37.423,1.5200,12
45817423948699,12:43:37.423,1.5200,7
45817423950001,12:43:37.423,1.5200,100
45818138702876,12:43:38.138,1.5200,1000
45819718593824,12:43:39.718,1.5200,500
45819719312233,12:43:39.719,1.5200,881
45819719312233,12:43:39.719,1.5200,100
45819719312233,12:43:39.719,1.5200,400
45860937530076,12:44:20.937,1.5200,100
45860937530076,12:44:20.937,1.5200,100
45861231499566,12:44:21.231,1.5200,100
45861231499566,12:44:21.231,1.5200,100
45861231499566,12:44:21.231,1.5200,100
45937062222782,12:45:37.062,1.5200,100
45937062222782,12:45:37.062,1.5200,65
45937062222782,12:45:37.062,1.5200,35
46048032344785,12:47:28.032,1.5000,100
46054245608623,12:47:34.245,1.5000,1000
46054245608623,12:47:34.245,1.5000,400
46054246275968,12:47:34.246,1.5000,100
46054249941688,12:47:34.249,1.5000,200
46054249941688,12:47:34.249,1.5000,300
46405309971115,12:53:25.309,1.5000,100
46405310072027,12:53:25.310,1.5000,100
46405310072027,12:53:25.310,1.5000,100
46405311477681,12:53:25.311,1.5000,900
46405311477681,12:53:25.311,1.5000,200
46405323088156,12:53:25.323,1.5000,100
46405323088156,12:53:25.323,1.5000,100
47095259744170,13:04:55.259,1.4950,100
47095260316744,13:04:55.260,1.4950,100
47312125787215,13:08:32.125,1.5000,100
47321733418047,13:08:41.733,1.5000,100
47321733418047,13:08:41.733,1.5000,500
47321733418047,13:08:41.733,1.5000,300
47321733418047,13:08:41.733,1.5000,100
47321733418047,13:08:41.733,1.5000,100
47321733418047,13:08:41.733,1.5000,300
47321735798284,13:08:41.735,1.5000,200
47321736702983,13:08:41.736,1.5000,100
47322421880376,13:08:42.421,1.5000,300
47322423561020,13:08:42.423,1.5000,300
47330589454307,13:08:50.589,1.5000,200
47330589454307,13:08:50.589,1.5000,200
47339921833740,13:08:59.921,1.5000,400
47351008782587,13:09:11.008,1.5000,100
47358276589013,13:09:18.276,1.5000,200
47370385515831,13:09:30.385,1.5000,100
47370484513580,13:09:30.484,1.5000,100
47377516575100,13:09:37.516,1.5000,200
47391870118352,13:09:51.870,1.5000,300
47398429087218,13:09:58.429,1.5000,100
47533347308182,13:12:13.347,1.5000,100
47533347308182,13:12:13.347,1.5000,100
47533347308182,13:12:13.347,1.5000,300
47777093946247,13:16:17.093,1.5000,200
47777093946247,13:16:17.093,1.5000,700
47777093946247,13:16:17.093,1.5000,200
47777093946247,13:16:17.093,1.5000,100
48021828275194,13:20:21.828,1.5100,100
48166313586005,13:22:46.313,1.5050,100
48166314263089,13:22:46.314,1.5050,100
48296331588096,13:24:56.331,1.5000,100
48296331588096,13:24:56.331,1.5000,200
48296331588096,13:24:56.331,1.5000,100
48296331691305,13:24:56.331,1.5000,25
48296331691305,13:24:56.331,1.5000,100
48355958555741,13:25:55.958,1.4950,100
48389670243352,13:26:29.670,1.4950,100
48539982907080,13:28:59.982,1.4950,200
48539982936950,13:28:59.982,1.4900,100
48539982936950,13:28:59.982,1.4900,100
48539982936950,13:28:59.982,1.4900,100
48539982936950,13:28:59.982,1.4900,100
48539982936950,13:28:59.982,1.4900,100
48539982936950,13:28:59.982,1.4900,200
48541317407414,13:29:01.317,1.4900,100
48565557232514,13:29:25.557,1.4900,100
48565571337216,13:29:25.571,1.4900,100
48565593561534,13:29:25.593,1.4900,100
48607753812871,13:30:07.753,1.4900,100
48607753812871,13:30:07.753,1.4900,53
48680719887714,13:31:20.719,1.5000,600
48680719887714,13:31:20.719,1.5000,100
48680719887714,13:31:20.719,1.5000,100
48937198680620,13:35:37.198,1.5000,100
48964240230554,13:36:04.240,1.4800,200
49580135524488,13:46:20.135,1.4800,100
50038345981557,13:53:58.345,1.4850,100
50100078799438,13:55:00.078,1.4850,100
50114684842701,13:55:14.684,1.4850,200
50114707053991,13:55:14.707,1.4800,700
50114707053991,13:55:14.707,1.4800,3300
50114707053991,13:55:14.707,1.4800,100
50114707053991,13:55:14.707,1.4800,168
50114707053991,13:55:14.707,1.4800,100
50114707198444,13:55:14.707,1.4800,100
50114707198444,13:55:14.707,1.4800,100
50114707440442,13:55:14.707,1.4800,100
50155073059195,13:55:55.073,1.4700,100
50155187654626,13:55:55.187,1.4700,200
50155256431890,13:55:55.256,1.4700,100
50155256431890,13:55:55.256,1.4700,1
50155256431890,13:55:55.256,1.4700,99
50160612531001,13:56:00.612,1.4700,100
50469063946381,14:01:09.063,1.4700,200
50569264117758,14:02:49.264,1.4700,100
50569264117758,14:02:49.264,1.4700,100
50657052731095,14:04:17.052,1.4800,100
50896413374489,14:08:16.413,1.4700,100
50896582824943,14:08:16.582,1.4650,100
50896682514978,14:08:16.682,1.4650,100
51245264596560,14:14:05.264,1.4600,1000
51245264596560,14:14:05.264,1.4600,200
51245264596560,14:14:05.264,1.4600,100
51245264596560,14:14:05.264,1.4600,42
51245264887761,14:14:05.264,1.4600,58
51354778768336,14:15:54.778,1.4600,30
51680075485201,14:21:20.075,1.4550,100
51703286124093,14:21:43.286,1.4600,300
51703286124093,14:21:43.286,1.4600,100
51703286124093,14:21:43.286,1.4600,21
51703286125146,14:21:43.286,1.4600,79
51828053287508,14:23:48.053,1.4700,100
51828053287508,14:23:48.053,1.4700,200
51828053287508,14:23:48.053,1.4700,100
51828053331145,14:23:48.053,1.4700,123
51828053528057,14:23:48.053,1.4700,124
51828053853977,14:23:48.053,1.4700,253
51828053853977,14:23:48.053,1.4700,100
51828053853977,14:23:48.053,1.4700,100
51828053870779,14:23:48.053,1.4700,500
51934479412412,14:25:34.479,1.4600,100
51934479412412,14:25:34.479,1.4600,100
51934479412412,14:25:34.479,1.4600,1
51934479412412,14:25:34.479,1.4600,199
52066296975403,14:27:46.296,1.4600,100
52080385121835,14:28:00.385,1.4600,100
52080385146840,14:28:00.385,1.4600,1
52356982635613,14:32:36.982,1.4600,100
52507894990087,14:35:07.894,1.4600,100
52507894990087,14:35:07.894,1.4600,100
52507894990087,14:35:07.894,1.4600,100
52507895726502,14:35:07.895,1.4600,100
52507895726502,14:35:07.895,1.4600,200
52539001136188,14:35:39.001,1.4600,86
52562414201922,14:36:02.414,1.4600,14
53184576674495,14:46:24.576,1.4600,100
53184576674495,14:46:24.576,1.4600,200
53724830526673,14:55:24.830,1.4650,100
53875119327369,14:57:55.119,1.4700,100
53875119327369,14:57:55.119,1.4700,100
53875119327369,14:57:55.119,1.4700,600
53875119327369,14:57:55.119,1.4700,100
53875119327369,14:57:55.119,1.4700,100
53878291655090,14:57:58.291,1.4650,100
53878292472131,14:57:58.292,1.4650,100
53895867860266,14:58:15.867,1.4700,200
53895867860266,14:58:15.867,1.4700,100
53895867860266,14:58:15.867,1.4700,100
53895867860266,14:58:15.867,1.4700,200
53895867860266,14:58:15.867,1.4700,300
53895867860266,14:58:15.867,1.4700,100
53895868404388,14:58:15.868,1.4700,100
54057554549301,15:00:57.554,1.4750,100
54057555297804,15:00:57.555,1.4750,100
54290607517312,15:04:50.607,1.4800,200
54290607517312,15:04:50.607,1.4800,600
54290607517312,15:04:50.607,1.4800,200
54290607517312,15:04:50.607,1.4800,100
54306387086333,15:05:06.387,1.4850,100
54306387688963,15:05:06.387,1.4850,100
54494924528209,15:08:14.924,1.4800,100
54494924528209,15:08:14.924,1.4800,100
54676479153300,15:11:16.479,1.4700,200
54915908629680,15:15:15.908,1.4700,800
54915908629680,15:15:15.908,1.4700,100
54999540230616,15:16:39.540,1.4700,100
55076301730324,15:17:56.301,1.4700,200
55088932011313,15:18:08.932,1.4700,200
55126055215465,15:18:46.055,1.4700,200
55138271681177,15:18:58.271,1.4700,200
55138271707820,15:18:58.271,1.4700,2000
55138271707820,15:18:58.271,1.4700,3000
55138271707820,15:18:58.271,1.4700,100
55165301144532,15:19:25.301,1.4600,2
55165301144532,15:19:25.301,1.4600,198
55243284107869,15:20:43.284,1.4650,100
55243284981980,15:20:43.284,1.4650,100
55302496309664,15:21:42.496,1.4600,200
55389424580700,15:23:09.424,1.4600,100
55521357395085,15:25:21.357,1.4600,400
55521367021737,15:25:21.367,1.4600,100
55522253986492,15:25:22.253,1.4600,100
55543253451617,15:25:43.253,1.4600,100
55599723309484,15:26:39.723,1.4600,100
55689838670979,15:28:09.838,1.4600,100
55781936498247,15:29:41.936,1.4700,100
55781936498247,15:29:41.936,1.4700,500
55781936498247,15:29:41.936,1.4700,100
55781936498247,15:29:41.936,1.4700,100
55840724516770,15:30:40.724,1.4700,100
55840724516770,15:30:40.724,1.4700,100
55840724516770,15:30:40.724,1.4700,100
55840724516770,15:30:40.724,1.4700,100
55840724516770,15:30:40.724,1.4600,656
55840724516770,15:30:40.724,1.4600,1000
55840724516770,15:30:40.724,1.4600,800
55840724516770,15:30:40.724,1.4600,100
55840724516770,15:30:40.724,1.4600,300
55856420093010,15:30:56.420,1.4600,400
55856420924966,15:30:56.420,1.4600,800
55856420924966,15:30:56.420,1.4600,100
55856421551548,15:30:56.421,1.4600,800
55856421551548,15:30:56.421,1.4600,600
55856424261474,15:30:56.424,1.4600,100
56269965443260,15:37:49.965,1.4550,200
56269965443260,15:37:49.965,1.4500,1000
56269965443260,15:37:49.965,1.4500,25
56269965443260,15:37:49.965,1.4500,1000
56269965443260,15:37:49.965,1.4500,75
56280509712329,15:38:00.509,1.4500,25
56280509712329,15:38:00.509,1.4500,2
56280509712329,15:38:00.509,1.4500,100
56280509712329,15:38:00.509,1.4500,2000
56280509712329,15:38:00.509,1.4500,50
56280509712329,15:38:00.509,1.4500,100
56280509712329,15:38:00.509,1.4500,100
56765744726181,15:46:05.744,1.4450,100
56831627040180,15:47:11.627,1.4450,200
56831627040180,15:47:11.627,1.4450,100
56831649468629,15:47:11.649,1.4400,600
56952911721614,15:49:12.911,1.4400,100
56952915821927,15:49:12.915,1.4400,82
56952915821927,15:49:12.915,1.4400,100
56952915821927,15:49:12.915,1.4400,300
56952915821927,15:49:12.915,1.4400,18
56954722251115,15:49:14.722,1.4400,82
56954722251115,15:49:14.722,1.4400,18
57068928077539,15:51:08.928,1.4400,82
57068928077539,15:51:08.928,1.4400,100
57068928077539,15:51:08.928,1.4400,2
57078236958692,15:51:18.236,1.4350,100
57078236958692,15:51:18.236,1.4350,100
57106416667394,15:51:46.416,1.4350,100
57106416667394,15:51:46.416,1.4400,200
57115197228933,15:51:55.197,1.4400,63
57115197228933,15:51:55.197,1.4400,37
57139495448616,15:52:19.495,1.4400,63
57139495448616,15:52:19.495,1.4400,100
57139495448616,15:52:19.495,1.4400,100
57139495552079,15:52:19.495,1.4400,100
57145458879669,15:52:25.458,1.4350,100
57145458879669,15:52:25.458,1.4350,200
57145463865553,15:52:25.463,1.4350,100
57145463865553,15:52:25.463,1.4300,5000
57145463865553,15:52:25.463,1.4300,10
57145463865553,15:52:25.463,1.4300,6634
57145464626074,15:52:25.464,1.4300,100
57150172712505,15:52:30.172,1.4300,300
57157245590113,15:52:37.245,1.4300,100
57202295051995,15:53:22.295,1.4350,200
57202295051995,15:53:22.295,1.4350,100
57202295051995,15:53:22.295,1.4300,400
57220071501140,15:53:40.071,1.4350,100
57224218172057,15:53:44.218,1.4300,600
57224219989928,15:53:44.219,1.4300,100
57256264399407,15:54:16.264,1.4300,900
57262265683746,15:54:22.265,1.4300,400
57267266072143,15:54:27.266,1.4300,200
57273899085493,15:54:33.899,1.4300,266
57273899085493,15:54:33.899,1.4300,534
57279308359301,15:54:39.308,1.4300,300
57287223311118,15:54:47.223,1.4300,800
57290769200504,15:54:50.769,1.4300,100
57290807998786,15:54:50.807,1.4300,100
57302119356468,15:55:02.119,1.4300,166
57302119356468,15:55:02.119,1.4300,34
57341325735947,15:55:41.325,1.4300,145
57341325735947,15:55:41.325,1.4300,55
57343151437612,15:55:43.151,1.4300,45
57343151437612,15:55:43.151,1.4300,2000
57343151437612,15:55:43.151,1.4300,100
57348954835626,15:55:48.954,1.4300,100
57348954835626,15:55:48.954,1.4300,100
57365228520359,15:56:05.228,1.4350,100
57365228520359,15:56:05.228,1.4350,200
57365228520359,15:56:05.228,1.4300,100
57366274338837,15:56:06.274,1.4300,700
57366274338837,15:56:06.274,1.4300,300
57366274338837,15:56:06.274,1.4300,100
57403233810237,15:56:43.233,1.4250,100
57403238358548,15:56:43.238,1.4300,50
57403239184207,15:56:43.239,1.4300,50
57403239184207,15:56:43.239,1.4300,550
57403240969236,15:56:43.240,1.4300,50
57423214245187,15:57:03.214,1.4300,100
57423214245187,15:57:03.214,1.4300,100
57423214245187,15:57:03.214,1.4300,1000
57423214245187,15:57:03.214,1.4200,2000
57423214245187,15:57:03.214,1.4200,1500
57423214245187,15:57:03.214,1.4200,100
57459599992952,15:57:39.599,1.4300,100
57459602102841,15:57:39.602,1.4400,2000
57459602102841,15:57:39.602,1.4400,300
57459602140517,15:57:39.602,1.4400,110
57459602153978,15:57:39.602,1.4400,62
57459602431646,15:57:39.602,1.4400,103
57459608759751,15:57:39.608,1.4450,200
57472271103543,15:57:52.271,1.4350,100
57472271811449,15:57:52.271,1.4350,100
57504635459489,15:58:24.635,1.4350,100
57508682264054,15:58:28.682,1.4350,100
57508682264054,15:58:28.682,1.4350,2
57531428428625,15:58:51.428,1.4350,77
57588001073539,15:59:48.001,1.4300,68
57588001681029,15:59:48.001,1.4300,6
57600335188615,16:00:00.335,1.4300,6128
