timestamp,time,price,volume
34200607551310,09:30:00.607,37.8600,882
34210495443332,09:30:10.495,37.8500,100
34600931997877,09:36:40.931,37.9900,1
34772271932536,09:39:32.271,37.8400,15
34833059582118,09:40:33.059,37.8000,100
34833059683676,09:40:33.059,37.7900,24
34833059683676,09:40:33.059,37.7900,50
34833060229945,09:40:33.060,37.8000,100
34833060486447,09:40:33.060,37.7100,5
34833530308294,09:40:33.530,37.8100,100
35119934207081,09:45:19.934,37.7100,1
35119934267982,09:45:19.934,37.5900,100
35193931687921,09:46:33.931,37.7000,1
35267933282323,09:47:47.933,37.7000,1
35325067645760,09:48:45.067,37.6400,100
35415948206223,09:50:15.948,37.6000,1
35415948584733,09:50:15.948,37.6200,30
35415948584733,09:50:15.948,37.6400,8
35417445426192,09:50:17.445,37.6700,62
35417445454479,09:50:17.445,37.6700,38
35417445454479,09:50:17.445,37.6700,5
35417445547241,09:50:17.445,37.6800,100
35516506624805,09:51:56.506,37.7700,5
35516506624805,09:51:56.506,37.7500,1
35516506624805,09:51:56.506,37.7500,8
35565753879054,09:52:45.753,37.7400,1
35673937258536,09:54:33.937,37.8000,1
35747935589573,09:55:47.935,37.8100,1
35785932691376,09:56:25.932,37.7600,1
35895936717503,09:58:15.936,37.8200,1
35933932919722,09:58:53.932,37.7700,1
36081939373347,10:01:21.939,37.7600,1
36166701265690,10:02:46.701,37.7600,1
36337369318064,10:05:37.369,37.7500,1
36377931793398,10:06:17.931,37.7500,1
36451932572728,10:07:31.932,37.7500,1
36496064198262,10:08:16.064,37.8000,81
36496064226235,10:08:16.064,37.8000,19
36540891776852,10:09:00.891,37.8300,100
36540891851490,10:09:00.891,37.8300,100
36540892329909,10:09:00.892,37.8200,1
36540892329909,10:09:00.892,37.8200,100
36542788158120,10:09:02.788,37.8200,100
37962828400292,10:32:42.828,37.8000,1
38074448314771,10:34:34.448,37.8100,99
38570317328964,10:42:50.317,37.7700,1
39170989026758,10:52:50.989,37.7800,100
39170989437246,10:52:50.989,37.8100,100
39173167518381,10:52:53.167,37.8200,100
39173167548347,10:52:53.167,37.8200,14
39173171720825,10:52:53.171,37.8200,86
39173171720825,10:52:53.171,37.8300,1
39173171720825,10:52:53.171,37.8300,14
39173171747994,10:52:53.171,37.8300,2
39173171767599,10:52:53.171,37.8300,84
39173171767599,10:52:53.171,37.8300,2
39173171794516,10:52:53.171,37.8300,84
39173171821833,10:52:53.171,37.8300,14
39176201194494,10:52:56.201,37.8200,1
39176201293382,10:52:56.201,37.8300,30
39176216785386,10:52:56.216,37.8300,2
39179206601242,10:52:59.206,37.8400,2
39179206601242,10:52:59.206,37.8400,100
39179207025863,10:52:59.207,37.8500,3
39236933159699,10:53:56.933,37.9100,1
39236937220616,10:53:56.937,37.9100,28
39317947231422,10:55:17.947,37.9800,1
39375967040499,10:56:15.967,38.0200,1
39386823052504,10:56:26.823,37.9500,99
39447330153863,10:57:27.330,37.9200,1
39515930375508,10:58:35.930,37.9200,1
39585930400822,10:59:45.930,37.9200,1
39655933589342,11:00:55.933,37.9200,1
39869957754365,11:04:29.957,37.9700,1
40005932112584,11:06:45.932,37.9800,1
40075932117931,11:07:55.932,37.9800,1
40145932791938,11:09:05.932,37.9800,1
40215933539353,11:10:15.933,37.9800,1
40285933177151,11:11:25.933,37.9900,1
40425932090970,11:13:45.932,38.0100,1
40478351087791,11:14:38.351,37.9800,100
40478351258082,11:14:38.351,37.9700,100
40478351258082,11:14:38.351,37.9700,100
40478351258082,11:14:38.351,37.9700,100
40478356449883,11:14:38.356,37.9500,100
40480662727508,11:14:40.662,37.9400,100
40480662937426,11:14:40.662,37.9300,40
40480662962002,11:14:40.662,37.9300,60
40742925381481,11:19:02.925,37.9500,3
40962783446422,11:22:42.783,37.9400,3
40962783482182,11:22:42.783,37.9400,97
40962784722882,11:22:42.784,37.9300,100
41009516587720,11:23:29.516,37.9800,1
41117210344334,11:25:17.210,37.9300,1
41191103255428,11:26:31.103,37.9200,100
41191103805485,11:26:31.103,37.9100,5
41224370292299,11:27:04.370,37.9400,2
41224370292299,11:27:04.370,37.9400,98
42034709672099,11:40:34.709,37.8900,35
42034709672099,11:40:34.709,37.8900,100
42034709672099,11:40:34.709,37.8900,100
42034709672099,11:40:34.709,37.8900,1
42034710034213,11:40:34.710,37.8800,100
42034710034213,11:40:34.710,37.8800,44
42034710097755,11:40:34.710,37.8700,37
42034819695100,11:40:34.819,37.8500,100
42074187520969,11:41:14.187,37.8500,5
42074187520969,11:41:14.187,37.8600,2
42074187647847,11:41:14.187,37.8600,5
42100964815319,11:41:40.964,37.8200,100
42310262590981,11:45:10.262,37.8700,1
42710585140821,11:51:50.585,37.9000,1
42735931543401,11:52:15.931,37.8900,1
42805931340256,11:53:25.931,37.8900,1
42875933036693,11:54:35.933,37.8900,1
42945931842414,11:55:45.931,37.8900,1
43015930717769,11:56:55.930,37.8900,1
43046675868771,11:57:26.675,37.8600,4
43085972565494,11:58:05.972,37.8900,1
43155933728342,11:59:15.933,37.8800,1
43195733088990,11:59:55.733,37.9000,67
43225932986187,12:00:25.932,37.8900,1
43329935524953,12:02:09.935,37.9000,1
43365929776568,12:02:45.929,37.9000,1
43435932449240,12:03:55.932,37.9000,1
43505931499964,12:05:05.931,37.9000,1
43575931087842,12:06:15.931,37.9000,1
43645932226241,12:07:25.932,37.9000,1
43658249588130,12:07:38.249,37.9000,1
43658249759725,12:07:38.249,37.9000,2
43658249999802,12:07:38.249,37.9000,100
43658250338740,12:07:38.250,37.9000,100
43658250517770,12:07:38.250,37.9000,23
43715932096559,12:08:35.932,37.9200,1
43745654927871,12:09:05.654,37.9400,69
43785930580581,12:09:45.930,37.9200,1
43855931987810,12:10:55.931,37.9200,1
43925932805493,12:12:05.932,37.9200,1
43993154004692,12:13:13.154,37.9500,900
43993154004692,12:13:13.154,37.9500,5
43993154004692,12:13:13.154,37.9500,100
43993154004692,12:13:13.154,37.9500,1
43993154004692,12:13:13.154,37.9500,100
43993154149109,12:13:13.154,37.9500,100
43993154174476,12:13:13.154,37.9500,500
43993154175037,12:13:13.154,37.9500,100
43993154868724,12:13:13.154,37.9600,1
43995930045629,12:13:15.930,37.9700,1
44056722755809,12:14:16.722,37.9800,5
44056730979285,12:14:16.730,38.0200,1
44058069327363,12:14:18.069,38.0600,1
44058069390773,12:14:18.069,38.0700,1
44065972269245,12:14:25.972,38.1000,1
44135931137484,12:15:35.931,38.1000,1
44205931942021,12:16:45.931,38.1400,1
44275932468900,12:17:55.932,38.1500,1
44345930537369,12:19:05.930,38.1500,1
44415950001472,12:20:15.950,38.1600,1
44722751082021,12:25:22.751,38.2000,60
44744426192613,12:25:44.426,38.1600,96
44828711818251,12:27:08.711,38.1800,2
45237774763044,12:33:57.774,38.1400,25
45237774763044,12:33:57.774,38.1500,35
45255930836513,12:34:15.930,38.1300,1
45255932212510,12:34:15.932,38.1300,1
45330117209731,12:35:30.117,38.1300,1
45360864437267,12:36:00.864,38.1100,78
45360864437267,12:36:00.864,38.1100,1
45360894811023,12:36:00.894,38.0900,9
45360894835379,12:36:00.894,38.0900,91
45361364880197,12:36:01.364,38.0800,63
45376224702793,12:36:16.224,38.0900,89
45376224894579,12:36:16.224,38.0900,11
45376224894579,12:36:16.224,38.0900,2
45815931779533,12:43:35.931,38.0800,1
45885931501885,12:44:45.931,38.0800,1
45905170205744,12:45:05.170,38.0600,3
45955930982877,12:45:55.930,38.0800,1
45979876987245,12:46:19.876,38.0600,35
46025945523226,12:47:05.945,38.0800,1
46095942543144,12:48:15.942,38.0800,1
46165931946859,12:49:25.931,38.0800,1
46235930191443,12:50:35.930,38.0800,1
46260007948650,12:51:00.007,38.1000,100
46260007948650,12:51:00.007,38.1000,2
46260007948650,12:51:00.007,38.1000,98
46260008024504,12:51:00.008,38.1000,2
46305932455237,12:51:45.932,38.1000,1
46375932231904,12:52:55.932,38.1100,1
46428499751900,12:53:48.499,38.0800,1
46428499751900,12:53:48.499,38.0800,7
46429111833949,12:53:49.111,38.0800,1
46515933675082,12:55:15.933,38.1000,1
46545357801866,12:55:45.357,38.0800,17
46585932574182,12:56:25.932,38.0900,1
46591405364813,12:56:31.405,38.0600,1
46591405364813,12:56:31.405,38.0600,1
46655931756801,12:57:35.931,38.0800,1
46725930530132,12:58:45.930,38.0800,1
46732305548127,12:58:52.305,38.0600,20
46795931619148,12:59:55.931,38.0800,1
46865931965015,13:01:05.931,38.0800,1
46926905510210,13:02:06.905,38.1000,100
46935932140006,13:02:15.932,38.0800,1
47005931255088,13:03:25.931,38.0800,1
47052809693703,13:04:12.809,38.0700,2
47075932911931,13:04:35.932,38.0800,1
47145931850887,13:05:45.931,38.0800,1
47145962940973,13:05:45.962,38.0700,16
47215934304007,13:06:55.934,38.0800,1
47285946828710,13:08:05.946,38.0800,1
47308031314009,13:08:28.031,38.0600,3
47355932673515,13:09:15.932,38.0800,1
47425932067403,13:10:25.932,38.0800,1
47495929664874,13:11:35.929,38.0800,1
47501258966577,13:11:41.258,38.0700,18
47501258966577,13:11:41.258,38.0600,38
47501258966577,13:11:41.258,38.0600,1
47501258966577,13:11:41.258,38.0600,43
47501259368073,13:11:41.259,38.0600,38
47501259392190,13:11:41.259,38.0600,19
47565950716022,13:12:45.950,38.0500,1
47640951080260,13:14:00.951,38.0500,1
47715452708120,13:15:15.452,38.0300,6
47715452811333,13:15:15.452,38.0300,41
47715452811333,13:15:15.452,38.0300,45
47775991583885,13:16:15.991,38.0200,1
47845933882037,13:17:25.933,38.0200,1
47845989985146,13:17:25.989,38.0000,18
47846143324241,13:17:26.143,37.9800,1
47915932729221,13:18:35.932,38.0100,1
47939357310247,13:18:59.357,37.9800,60
47939361377460,13:18:59.361,37.9800,39
47995955288378,13:19:55.955,37.9300,1
47995955349168,13:19:55.955,37.8900,100
48055955774371,13:20:55.955,37.9300,1
48135507268143,13:22:15.507,37.9300,1
48197879261453,13:23:17.879,37.9200,1
48199204657469,13:23:19.204,37.9400,100
48206308742143,13:23:26.308,37.9300,100
48206308742143,13:23:26.308,37.9400,7
48206308742143,13:23:26.308,37.9400,2
48206308742143,13:23:26.308,37.9400,91
48206308772302,13:23:26.308,37.9400,109
48206308772302,13:23:26.308,37.9400,3
48206383899952,13:23:26.383,37.9400,2
48369935867003,13:26:09.935,38.0000,100
48369935867003,13:26:09.935,38.0000,100
48369935867003,13:26:09.935,38.0000,1
48408505103988,13:26:48.505,38.0200,1
48475932732271,13:27:55.932,38.0300,1
48488192446851,13:28:08.192,38.0100,18
48545931714418,13:29:05.931,38.0200,1
48719940288778,13:31:59.940,38.0500,1
48895931860462,13:34:55.931,38.0300,1
48965933503539,13:36:05.933,38.0200,1
48965976088176,13:36:05.976,38.0100,18
49035931755285,13:37:15.931,38.0200,1
49085127455059,13:38:05.127,38.0000,1
49085130788409,13:38:05.130,37.9900,42
49100873754836,13:38:20.873,38.0100,100
49115912555895,13:38:35.912,38.0100,2
49115912555895,13:38:35.912,38.0100,98
49209975682093,13:40:09.975,38.0100,1
49211183681628,13:40:11.183,38.0100,1
49211183681628,13:40:11.183,38.0100,5
49211183681628,13:40:11.183,38.0100,94
49211184128810,13:40:11.184,38.0100,6
49222003642487,13:40:22.003,37.9900,25
49222003642487,13:40:22.003,37.9900,1
49315994782771,13:41:55.994,38.0100,1
49315994782771,13:41:55.994,38.0000,2
49386070611851,13:43:06.070,38.0100,1
49455931952795,13:44:15.931,38.0100,1
49525934533068,13:45:25.934,38.0100,1
49567305055777,13:46:07.305,37.9900,77
49567305060916,13:46:07.305,37.9900,23
49567305060916,13:46:07.305,37.9800,42
49567305060916,13:46:07.305,37.9800,6
49567305060916,13:46:07.305,37.9800,6
49567305474606,13:46:07.305,37.9800,22
49567305474606,13:46:07.305,37.9800,1
49567305626600,13:46:07.305,37.9700,75
49567307772461,13:46:07.307,37.9700,25
49675965763496,13:47:55.965,37.9700,1
49769936727392,13:49:29.936,37.9900,1
49839970515526,13:50:39.970,37.9900,1
49840247389074,13:50:40.247,37.9700,100
49909934865038,13:51:49.934,37.9900,1
49935254314104,13:52:15.254,37.9900,100
49965965932648,13:52:45.965,37.9800,1
50103323092705,13:55:03.323,37.9800,1
50133129972047,13:55:33.129,37.9600,2
50135966178457,13:55:35.966,37.9600,98
50260119218318,13:57:40.119,37.9400,2
50380889265820,13:59:40.889,37.9600,1
50410581038564,14:00:10.581,37.9800,4
50410581086693,14:00:10.581,37.9800,5
50410581327243,14:00:10.581,37.9800,79
50410879452089,14:00:10.879,37.9900,1
50410879452089,14:00:10.879,37.9900,2
50410879452089,14:00:10.879,37.9900,1
50410879452089,14:00:10.879,37.9900,62
50410929475253,14:00:10.929,37.9900,1
50413011637848,14:00:13.011,37.9900,100
50413032753856,14:00:13.032,37.9900,37
50413032753856,14:00:13.032,38.0000,64
50413053806101,14:00:13.053,38.0000,36
50413053806101,14:00:13.053,38.0000,1
50413053806101,14:00:13.053,38.0100,63
50466738403252,14:01:06.738,38.0200,100
50505930341211,14:01:45.930,38.0500,1
50537848180128,14:02:17.848,38.0000,100
50537849775982,14:02:17.849,37.9900,100
50575925384237,14:02:55.925,38.0000,1
50645937050535,14:04:05.937,38.0000,1
50685298659083,14:04:45.298,38.0400,45
50685298659083,14:04:45.298,38.0400,30
50685298659083,14:04:45.298,38.0500,25
50715931992626,14:05:15.931,38.0100,1
50722697002999,14:05:22.697,38.0400,10
50722697002999,14:05:22.697,38.0400,10
50722697002999,14:05:22.697,38.0500,75
50722697002999,14:05:22.697,38.0500,5
50731802068437,14:05:31.802,38.0500,54
50731802068437,14:05:31.802,38.0500,46
50747373524459,14:05:47.373,38.0500,54
50747373524459,14:05:47.373,38.0500,1
50747373524459,14:05:47.373,38.0500,45
50765283717211,14:06:05.283,38.0600,1
50765289033707,14:06:05.289,38.0700,1
50772734264317,14:06:12.734,38.0700,100
50772734339571,14:06:12.734,38.0700,100
50855931596059,14:07:35.931,38.0700,1
50896168085315,14:08:16.168,38.0500,1
50925932100199,14:08:45.932,38.0800,1
50981456560550,14:09:41.456,38.0700,1
50981486668992,14:09:41.486,38.0500,36
50988273716150,14:09:48.273,38.0500,64
51065927259636,14:11:05.927,38.0600,1
51074885547563,14:11:14.885,38.0700,100
51074885547563,14:11:14.885,38.0800,1
51074886534429,14:11:14.886,38.0800,99
51089127495517,14:11:29.127,38.0800,1
51135965519687,14:12:15.965,38.0900,1
51161315532325,14:12:41.315,38.0900,1
51205931481416,14:13:25.931,38.1100,1
51275932056202,14:14:35.932,38.1000,1
51346940546305,14:15:46.940,38.1100,1
51367355870911,14:16:07.355,38.1300,35
51416018466428,14:16:56.018,38.1200,1
51416018466428,14:16:56.018,38.1100,1
51510129874020,14:18:30.129,38.1200,1
51517163406116,14:18:37.163,38.1100,99
51567066088007,14:19:27.066,38.1000,1
51635682860504,14:20:35.682,38.0900,1
51676844479318,14:21:16.844,38.1200,100
51676844668769,14:21:16.844,38.1200,2
51678919639454,14:21:18.919,38.1200,2
51693022004845,14:21:33.022,38.1400,100
51693022004845,14:21:33.022,38.1400,100
51693022004845,14:21:33.022,38.1400,1
51693027631311,14:21:33.027,38.1500,200
51693027657470,14:21:33.027,38.1500,165
51693027696771,14:21:33.027,38.1500,100
51693031845179,14:21:33.031,38.1500,100
51693536566990,14:21:33.536,38.1500,100
51693557048012,14:21:33.557,38.1500,73
51726051063959,14:22:06.051,38.1000,30
51726051063959,14:22:06.051,38.1000,3
51778281960518,14:22:58.281,38.1100,10
51969029428760,14:26:09.029,38.1100,1
52042629140064,14:27:22.629,38.1000,1
52053356137994,14:27:33.356,38.0500,100
52107028118964,14:28:27.028,38.0500,1
52116535144855,14:28:36.535,38.0500,28
52136707704890,14:28:56.707,38.0400,32
52136707731310,14:28:56.707,38.0400,68
52209044513366,14:30:09.044,38.0500,1
52275197123920,14:31:15.197,38.0500,99
52275197123920,14:31:15.197,38.0500,1
52275197322954,14:31:15.197,38.0500,1
52275197322954,14:31:15.197,38.0500,99
52277024375236,14:31:17.024,38.0500,1
52286331045711,14:31:26.331,38.0100,31
52291291938083,14:31:31.291,38.0400,100
52383016725986,14:33:03.016,38.0100,1
52452061090320,14:34:12.061,38.0100,1
52521023237306,14:35:21.023,38.0200,1
52590019604957,14:36:30.019,38.0000,1
52659413328596,14:37:39.413,38.0200,1
52689278970813,14:38:09.278,38.0300,5
52689278970813,14:38:09.278,38.0300,95
52689279047913,14:38:09.279,38.0300,8
52690040843763,14:38:10.040,38.0400,1
52806017434396,14:40:06.017,38.0400,1
52826073001614,14:40:26.073,38.0600,38
52868159066485,14:41:08.159,38.0500,1
52875997446672,14:41:15.997,38.0400,100
52875997446672,14:41:15.997,38.0400,100
52937254736196,14:42:17.254,38.0200,1
52937350004382,14:42:17.350,37.9800,1
53037045680288,14:43:57.045,38.0400,1
53067523384128,14:44:27.523,38.0400,1
53074947425472,14:44:34.947,38.0300,1
53086907872112,14:44:46.907,38.0400,100
53086908031577,14:44:46.908,38.0400,1
53153947091363,14:45:53.947,38.0500,1
53153947091363,14:45:53.947,38.0500,99
53154040470237,14:45:54.040,38.0500,1
53181077606816,14:46:21.077,38.0700,1
53212277733246,14:46:52.277,38.1000,1
53213015478929,14:46:53.015,38.1000,1
53239303402838,14:47:19.303,38.1200,1
53239303402838,14:47:19.303,38.1200,99
53240086852805,14:47:20.086,38.1200,1
53280039999862,14:48:00.039,38.1100,1
53294956709934,14:48:14.956,38.0900,78
53294956736190,14:48:14.956,38.0900,22
53350133665561,14:49:10.133,38.1000,1
53476185162376,14:51:16.185,38.0700,37
53526678003380,14:52:06.678,38.0900,1
53526678003380,14:52:06.678,38.0900,1
53555488358871,14:52:35.488,38.1100,100
53555488408146,14:52:35.488,38.1100,100
53555488835364,14:52:35.488,38.1300,69
53555488860699,14:52:35.488,38.1300,31
53555488860699,14:52:35.488,38.1300,1
53555488860699,14:52:35.488,38.1300,1
53555488860699,14:52:35.488,38.1300,1
53555488879671,14:52:35.488,38.1300,34
53555499531295,14:52:35.499,38.1300,100
53555968796092,14:52:35.968,38.1300,1
53556008094662,14:52:36.008,38.1300,1
53557968002272,14:52:37.968,38.1300,65
53561816548535,14:52:41.816,38.1300,100
53561816548535,14:52:41.816,38.1300,6
53561816575629,14:52:41.816,38.1300,29
53562634744455,14:52:42.634,38.1200,100
53694012960823,14:54:54.012,38.1200,1
53770383855606,14:56:10.383,38.1300,1
53789414680058,14:56:29.414,38.1300,1
53832020985118,14:57:12.020,38.1200,1
53860287089175,14:57:40.287,38.1400,1
53860287248321,14:57:40.287,38.1500,2
53860287879585,14:57:40.287,38.1600,2
53901047410722,14:58:21.047,38.1600,1
53982534199169,14:59:42.534,38.2100,1
54108008843717,15:01:48.008,38.1500,1
54121029433200,15:02:01.029,38.1100,1
54254660603807,15:04:14.660,38.1400,1
54329590856346,15:05:29.590,38.1400,1
54383873266475,15:06:23.873,38.1100,99
54383873266475,15:06:23.873,38.1100,5
54483840455475,15:08:03.840,38.1100,75
54483840562710,15:08:03.840,38.1100,25
54483840832719,15:08:03.840,38.1300,1
54483840985568,15:08:03.840,38.1400,1
54598527841387,15:09:58.527,38.1100,1
54867033485312,15:14:27.033,38.1000,1
54899990296329,15:14:59.990,38.0900,2
54926888116172,15:15:26.888,38.1200,100
54926888165933,15:15:26.888,38.1200,2
54926888165933,15:15:26.888,38.1200,98
54926888227294,15:15:26.888,38.1200,2
54926888574169,15:15:26.888,38.1300,89
54926889007494,15:15:26.889,38.1300,11
54955042882741,15:15:55.042,38.1400,1
54955043033229,15:15:55.043,38.1400,1
54955043075785,15:15:55.043,38.1400,98
54955043197323,15:15:55.043,38.1500,1
54971579966460,15:16:11.579,38.1300,10
55171093778092,15:19:31.093,38.1100,100
55171094506837,15:19:31.094,38.1000,48
55171094533581,15:19:31.094,38.1000,52
55171094533581,15:19:31.094,38.1000,100
55310549293490,15:21:50.549,38.1200,4
55350023322273,15:22:30.023,38.0700,1
55350023679592,15:22:30.023,38.0800,4
55350024894679,15:22:30.024,38.0700,4
55411088409546,15:23:31.088,38.0600,14
55411150961707,15:23:31.150,38.0300,1
55411150985188,15:23:31.150,38.0300,99
55543246633635,15:25:43.246,38.0600,100
55554469872098,15:25:54.469,38.0200,1
55626026117205,15:27:06.026,38.0400,1
55626055137595,15:27:06.055,38.0200,1
55626055173402,15:27:06.055,38.0200,14
55673116828678,15:27:53.116,38.0400,62
55673116829129,15:27:53.116,38.0400,34
55673119355288,15:27:53.119,38.0400,1
55728056255547,15:28:48.056,38.0700,1
55764025427969,15:29:24.025,38.0400,1
55992894183196,15:33:12.894,38.0000,100
55992894183196,15:33:12.894,38.0000,96
55992894209081,15:33:12.894,38.0000,4
55993013557320,15:33:13.013,37.9800,56
55993013583421,15:33:13.013,37.9800,44
56507797029470,15:41:47.797,37.9000,4
56586456451969,15:43:06.456,37.9400,5
56586456451969,15:43:06.456,37.9400,1
56586457078245,15:43:06.457,37.9400,1
56622318463158,15:43:42.318,37.9300,100
56625347738471,15:43:45.347,37.9200,1
56696712937610,15:44:56.712,37.9300,10
56696712963100,15:44:56.712,37.9300,90
56696715187893,15:44:56.715,37.9300,11
56696784725199,15:44:56.784,37.9300,100
56736062951708,15:45:36.062,37.9400,97
56755929490535,15:45:55.929,37.9500,1
56755929490535,15:45:55.929,37.9500,5
56802447502947,15:46:42.447,37.9200,22
56869883915711,15:47:49.883,37.9200,3
56869884017977,15:47:49.884,37.9200,97
56920821659189,15:48:40.821,37.9000,13
56920821954939,15:48:40.821,37.9000,51
56920821954939,15:48:40.821,37.9000,49
57068180160592,15:51:08.180,37.9000,100
57068180160592,15:51:08.180,37.9000,34
57068180162072,15:51:08.180,37.9000,66
57068180162072,15:51:08.180,37.9000,1
57068180162072,15:51:08.180,37.9000,33
57068531174771,15:51:08.531,37.9000,67
57068531174771,15:51:08.531,37.9000,100
57068531174771,15:51:08.531,37.9000,100
57160721044376,15:52:40.721,37.8700,151
57160721044376,15:52:40.721,37.8700,49
57160739870725,15:52:40.739,37.8600,200
57300088842169,15:55:00.088,37.8400,151
57300088842169,15:55:00.088,37.8400,49
57300088843463,15:55:00.088,37.8400,100
57300088846101,15:55:00.088,37.8300,100
57300088846101,15:55:00.088,37.8200,100
57300145467881,15:55:00.145,37.8400,51
57301209185506,15:55:01.209,37.7800,200
57301209185506,15:55:01.209,37.7800,100
57301209185506,15:55:01.209,37.7800,100
57301209185506,15:55:01.209,37.7800,100
57303607482667,15:55:03.607,37.7500,100
57303607482667,15:55:03.607,37.7400,100
57316856999375,15:55:16.856,37.7800,147
57316856999375,15:55:16.856,37.7900,5
57316856999375,15:55:16.856,37.7900,148
57335692999181,15:55:35.692,37.7900,52
57335692999181,15:55:35.692,37.7900,334
57335692999181,15:55:35.692,37.7900,1
57335692999181,15:55:35.692,37.7900,180
57335692999181,15:55:35.692,37.7900,5
57335692999181,15:55:35.692,37.7900,28
57335693029829,15:55:35.693,37.7900,5
57335693029829,15:55:35.693,37.7900,68
57335694386022,15:55:35.694,37.8000,1
57335694386022,15:55:35.694,37.8000,5
57359994393804,15:55:59.994,37.7900,71
57367557587113,15:56:07.557,37.7900,3
57385002225717,15:56:25.002,37.7900,26
57385002225717,15:56:25.002,37.7900,74
57413771395411,15:56:53.771,37.7900,3
57413822230991,15:56:53.822,37.8200,500
57479257766619,15:57:59.257,37.7900,7
57487343645980,15:58:07.343,37.8000,1
57494684420322,15:58:14.684,37.8200,40
57507472171226,15:58:27.472,37.8000,1
57509464877381,15:58:29.464,37.8000,1
57520340020967,15:58:40.340,37.8200,60
57529694465169,15:58:49.694,37.8300,95
57529694491712,15:58:49.694,37.8300,5
57529694491712,15:58:49.694,37.8300,100
57529694491712,15:58:49.694,37.8300,100
57529694491712,15:58:49.694,37.8300,132
57529694491712,15:58:49.694,37.8300,139
57529694491712,15:58:49.694,37.8300,74
57529694491712,15:58:49.694,37.8300,5
57529729795784,15:58:49.729,37.8300,100
57529729795784,15:58:49.729,37.8400,37
57531966957849,15:58:51.966,37.8200,1
57538265982003,15:58:58.265,37.8200,1
57550070172404,15:59:10.070,37.8300,100
57550070172404,15:59:10.070,37.8300,88
57550070172404,15:59:10.070,37.8300,68
57550074682193,15:59:10.074,37.8300,32
57550074682193,15:59:10.074,37.8300,68
57551021483731,15:59:11.021,37.8300,232
57551021483731,15:59:11.021,37.8300,146
57551021483731,15:59:11.021,37.8300,121
57551021542655,15:59:11.021,37.8300,35
57551021542655,15:59:11.021,37.8300,64
57551027110063,15:59:11.027,37.8300,42
57551446596699,15:59:11.446,37.8400,77
57551453184044,15:59:11.453,37.8400,23
57551453184044,15:59:11.453,37.8400,54
57551453209997,15:59:11.453,37.8400,71
57551903361936,15:59:11.903,37.8400,265
57551903361936,15:59:11.903,37.8400,100
57551903361936,15:59:11.903,37.8400,50
57551903361936,15:59:11.903,37.8400,54
57551904386857,15:59:11.904,37.8400,100
57551904662612,15:59:11.904,37.8400,100
57553662523239,15:59:13.662,37.8500,1
57554297034197,15:59:14.297,37.8500,1
57554408932551,15:59:14.408,37.8600,100
57554408932551,15:59:14.408,37.8600,11
57562444458849,15:59:22.444,37.8500,1
57565280091690,15:59:25.280,37.8600,59
57566193275992,15:59:26.193,37.8600,68
57568129646268,15:59:28.129,37.8600,900
57569163725687,15:59:29.163,37.8500,2
57575639727894,15:59:35.639,37.8500,1
57576150948671,15:59:36.150,37.8500,91
57578471579831,15:59:38.471,37.8600,100
57584451233928,15:59:44.451,37.8500,1
57585807754480,15:59:45.807,37.8500,7
57586216824221,15:59:46.216,37.8500,1
57586216824221,15:59:46.216,37.8500,57
57600401907088,16:00:00.401,37.8500,1200
57600401907088,16:00:00.401,37.8500,400
57600401907088,16:00:00.401,37.8500,156
57600401907088,16:00:00.401,37.8500,100
57600401907088,16:00:00.401,37.8500,300
57600401907088,16:00:00.401,37.8500,401
57600401907088,16:00:00.401,37.8500,22964
