timestamp,time,price,volume
32403588086083,09:00:03.588,46.9400,3
34200112144698,09:30:00.112,46.7500,1566
34521319018612,09:35:21.319,46.7700,2
34522701230113,09:35:22.701,46.9400,17
34539396584631,09:35:39.396,46.8900,1
34539396584631,09:35:39.396,46.8900,7
34539396683621,09:35:39.396,46.8900,139
34560565192157,09:36:00.565,46.8000,35
34586292247205,09:36:26.292,46.8300,1
34586292264232,09:36:26.292,46.8000,110
34586292264232,09:36:26.292,46.8000,100
34605873457696,09:36:45.873,46.7900,12
34666292621289,09:37:46.292,46.7400,1
34666292621289,09:37:46.292,46.7400,40
34756293711297,09:39:16.293,46.8300,1
34899253746515,09:41:39.253,46.7400,100
35344512324632,09:49:04.512,46.5800,100
35344512416553,09:49:04.512,46.5500,5
35344512432701,09:49:04.512,46.5500,95
35344512442239,09:49:04.512,46.5600,50
35757818704743,09:55:57.818,46.5900,15
35757818704743,09:55:57.818,46.5900,85
35757818745965,09:55:57.818,46.5900,15
36019183095256,10:00:19.183,46.5400,3
36019183095256,10:00:19.183,46.5400,3
36019183851026,10:00:19.183,46.4600,100
36059158655352,10:00:59.158,46.5200,2
36059158923597,10:00:59.158,46.5300,10
36059158950873,10:00:59.158,46.5600,50
36203825289111,10:03:23.825,46.5000,100
36284028748810,10:04:44.028,46.4800,5
36285354884694,10:04:45.354,46.4500,100
36918943628933,10:15:18.943,46.4700,10
36925169071123,10:15:25.169,46.4900,100
36925169109909,10:15:25.169,46.4900,17
36925169114502,10:15:25.169,46.4900,17
36925169158204,10:15:25.169,46.4900,17
36974817133225,10:16:14.817,46.6000,100
37268746201324,10:21:08.746,46.6700,68
37385790155573,10:23:05.790,46.6800,12
37401792437003,10:23:21.792,46.6800,14
37595354098398,10:26:35.354,46.7700,100
37595354163044,10:26:35.354,46.7800,100
37595354178244,10:26:35.354,46.7900,100
37595354195498,10:26:35.354,46.8000,4
37595354627466,10:26:35.354,46.8000,50
37595354627466,10:26:35.354,46.8000,45
37727123940999,10:28:47.123,46.8300,12
38155652572602,10:35:55.652,46.8400,5
38156058460035,10:35:56.058,46.8400,10
38157564900818,10:35:57.564,46.8100,100
38157565465682,10:35:57.565,46.8000,7
38157570520941,10:35:57.570,46.8000,93
38157570520941,10:35:57.570,46.8000,100
38200500574866,10:36:40.500,46.7900,100
38200500574866,10:36:40.500,46.7800,100
38200500574866,10:36:40.500,46.7700,100
38200500574866,10:36:40.500,46.7700,86
38200500606573,10:36:40.500,46.7700,100
38200500606573,10:36:40.500,46.7700,100
38200500932345,10:36:40.500,46.7700,100
38200501130219,10:36:40.501,46.7700,100
38271850135169,10:37:51.850,46.7600,100
38271850172917,10:37:51.850,46.7600,100
38271850172917,10:37:51.850,46.7600,60
38271850177692,10:37:51.850,46.7600,40
38271850177692,10:37:51.850,46.7600,25
38271850183352,10:37:51.850,46.7600,45
38271850184670,10:37:51.850,46.7600,30
38335865678022,10:38:55.865,46.7300,100
39000209641602,10:50:00.209,46.7400,30
39000211443945,10:50:00.211,46.7200,100
39478247092261,10:57:58.247,46.6500,12
39478247092261,10:57:58.247,46.6500,88
39478791530422,10:57:58.791,46.6700,100
39485905329699,10:58:05.905,46.7300,100
39485905329699,10:58:05.905,46.7300,1
39485905329699,10:58:05.905,46.7300,100
39485905670547,10:58:05.905,46.7500,5
39485905670547,10:58:05.905,46.7500,3
39489906175875,10:58:09.906,46.7000,100
39662830638402,11:01:02.830,46.7000,97
39665378290064,11:01:05.378,46.7600,100
39823793648907,11:03:43.793,46.7700,2
39823793648907,11:03:43.793,46.7600,100
39823793648907,11:03:43.793,46.7600,97
39823794012398,11:03:43.794,46.7600,3
39824082773833,11:03:44.082,46.7400,100
39825077484740,11:03:45.077,46.6900,40
40469481160523,11:14:29.481,46.7400,1
40469481160523,11:14:29.481,46.7300,1
40469481160523,11:14:29.481,46.7100,98
40990766619983,11:23:10.766,46.7300,20
40990766619983,11:23:10.766,46.7300,20
40990766619983,11:23:10.766,46.7200,1
40990766619983,11:23:10.766,46.7200,2
40990766619983,11:23:10.766,46.7200,57
40990766727877,11:23:10.766,46.7200,43
41485749145809,11:31:25.749,46.7700,4
41562697236946,11:32:42.697,46.7400,100
41562697328409,11:32:42.697,46.7400,38
41562697328409,11:32:42.697,46.7400,88
41562697400182,11:32:42.697,46.7400,12
41562697400182,11:32:42.697,46.7400,6
41635421288539,11:33:55.421,46.7600,100
41635421352248,11:33:55.421,46.7700,96
41635623843601,11:33:55.623,46.7900,100
41751089001441,11:35:51.089,46.7800,3
41751089001441,11:35:51.089,46.7700,2
41751089001441,11:35:51.089,46.7700,1
41854226411830,11:37:34.226,46.7600,1
42003401774886,11:40:03.401,46.8400,1
42022624141999,11:40:22.624,46.8500,1
42022624152873,11:40:22.624,46.8500,1
42032738899299,11:40:32.738,46.8500,98
42032742353099,11:40:32.742,46.8400,1
42032742353099,11:40:32.742,46.8400,3
42032742353099,11:40:32.742,46.8400,96
42032742366354,11:40:32.742,46.8400,4
42117567403521,11:41:57.567,46.8300,20
42691013179118,11:51:31.013,46.8200,2
42719196726132,11:51:59.196,46.8100,1
43008845498133,11:56:48.845,46.8500,2
43286293225257,12:01:26.293,46.8500,4
43289016084668,12:01:29.016,46.8500,96
43289016119477,12:01:29.016,46.8600,100
43289016119477,12:01:29.016,46.8600,48
43289123585162,12:01:29.123,46.8900,100
43347018432933,12:02:27.018,46.9100,32
43347018547907,12:02:27.018,46.9100,68
43359789093987,12:02:39.789,46.9500,5
43359926291015,12:02:39.926,46.9500,95
43359926291015,12:02:39.926,46.9500,5
43444759887674,12:04:04.759,46.9100,100
43444762189029,12:04:04.762,46.9000,62
43444762189029,12:04:04.762,46.9000,38
43444930138786,12:04:04.930,46.9500,100
43445639614633,12:04:05.639,46.9600,100
43445639614633,12:04:05.639,46.9600,5
43517823164593,12:05:17.823,46.9800,100
43517823164593,12:05:17.823,46.9800,100
43517932989399,12:05:17.932,47.0000,100
43517932998946,12:05:17.932,46.9800,34
43517933085765,12:05:17.933,46.9900,22
43517933378927,12:05:17.933,47.0000,22
43517936936494,12:05:17.936,47.0100,100
43517936936494,12:05:17.936,47.0200,100
43518007981091,12:05:18.007,46.9900,11
43518134891948,12:05:18.134,47.0200,100
43522512052119,12:05:22.512,47.0100,1
43522512052119,12:05:22.512,47.0100,99
43522512090677,12:05:22.512,47.0100,1
43522512090677,12:05:22.512,47.0100,100
43522535298546,12:05:22.535,47.0300,100
43625803219769,12:07:05.803,47.0500,100
43625803303452,12:07:05.803,47.0600,52
43625803303452,12:07:05.803,47.0600,39
43625803312597,12:07:05.803,47.0600,54
43625803315114,12:07:05.803,47.0600,7
43625803315114,12:07:05.803,47.0600,52
43625807167361,12:07:05.807,47.0900,16
43640025391590,12:07:20.025,47.0800,100
43641529764734,12:07:21.529,47.0700,98
43641529803513,12:07:21.529,47.0700,2
43641529803513,12:07:21.529,47.0700,62
43641529841366,12:07:21.529,47.0700,38
43641740113922,12:07:21.740,47.0900,14
43641740174240,12:07:21.740,47.0900,10
43641740228281,12:07:21.740,47.0900,6
43641740281846,12:07:21.740,47.0900,4
43641740333618,12:07:21.740,47.0900,3
43641740383553,12:07:21.740,47.0900,2
43641740434330,12:07:21.740,47.0900,1
43641740487942,12:07:21.740,47.0900,1
43641740540756,12:07:21.740,47.0900,1
43643578822066,12:07:23.578,47.0800,100
43702285839800,12:08:22.285,47.1200,250
43702285839800,12:08:22.285,47.1200,100
43702288050188,12:08:22.288,47.1500,100
43702409149004,12:08:22.409,47.1700,100
43702409182933,12:08:22.409,47.1700,50
43702409182933,12:08:22.409,47.1700,100
43702411852673,12:08:22.411,47.1600,100
43702411927594,12:08:22.411,47.1500,51
43702544122277,12:08:22.544,47.1800,25
43721525301871,12:08:41.525,47.1800,75
43751247959311,12:09:11.247,47.2300,100
43751247959311,12:09:11.247,47.2300,12
43751247997925,12:09:11.247,47.2300,88
43753533291215,12:09:13.533,47.2100,100
43753533291215,12:09:13.533,47.2100,3
43790473180069,12:09:50.473,47.2000,200
43817419044539,12:10:17.419,47.1900,83
43838072648544,12:10:38.072,47.2000,100
43838087934976,12:10:38.087,47.1900,100
43838087934976,12:10:38.087,47.1900,100
43838089232178,12:10:38.089,47.1900,6
43838089232178,12:10:38.089,47.1800,94
43838105467311,12:10:38.105,47.1800,6
43838105467311,12:10:38.105,47.1700,94
43849540827156,12:10:49.540,47.1700,6
44171731139211,12:16:11.731,47.1900,10
44171731217120,12:16:11.731,47.2000,48
44171731226731,12:16:11.731,47.2000,164
44171731226731,12:16:11.731,47.2000,1
44498022325601,12:21:38.022,47.2300,100
44502217549795,12:21:42.217,47.2200,70
44551196666711,12:22:31.196,47.2900,100
44565062700292,12:22:45.062,47.2600,90
44569260306730,12:22:49.260,47.2600,10
44569260306730,12:22:49.260,47.2600,1
44569260306730,12:22:49.260,47.2600,85
44569286752400,12:22:49.286,47.2600,30
44638790162928,12:23:58.790,47.2500,33
44812235261962,12:26:52.235,47.2500,67
44812235261962,12:26:52.235,47.2500,1
44812235261962,12:26:52.235,47.2500,32
44812235293924,12:26:52.235,47.2500,68
44868015544685,12:27:48.015,47.2100,6
45000170662573,12:30:00.170,47.2400,100
45000171415717,12:30:00.171,47.2400,92
45000171418277,12:30:00.171,47.2400,8
45000179393069,12:30:00.179,47.2500,100
45014737621423,12:30:14.737,47.2100,2
45089300225119,12:31:29.300,47.2100,100
45089308143903,12:31:29.308,47.2000,3
45089308143903,12:31:29.308,47.2000,1
45143560614961,12:32:23.560,47.2000,1
45143561966505,12:32:23.561,47.1900,100
45143561992284,12:32:23.561,47.1900,100
45143562033172,12:32:23.562,47.1800,1
45143568310807,12:32:23.568,47.1700,100
45143568345813,12:32:23.568,47.1700,100
45278029917621,12:34:38.029,47.1500,1
45388420696844,12:36:28.420,47.1200,1
45389332014970,12:36:29.332,47.1100,9
45389332014970,12:36:29.332,47.1100,1
45389332014970,12:36:29.332,47.1000,1
45389334209955,12:36:29.334,47.0800,4
45420896020696,12:37:00.896,47.1000,100
45420896020696,12:37:00.896,47.0900,100
45420896020696,12:37:00.896,47.0900,2
45420896049641,12:37:00.896,47.0900,98
45420896049641,12:37:00.896,47.0900,2
45420896374593,12:37:00.896,47.0900,100
45420896407722,12:37:00.896,47.0900,99
45420896413272,12:37:00.896,47.0900,1
45420896413272,12:37:00.896,47.0900,30
45420896463846,12:37:00.896,47.0900,70
45531848301479,12:38:51.848,47.1000,6
45531848329978,12:38:51.848,47.1000,94
45531848329978,12:38:51.848,47.1000,6
45531858485912,12:38:51.858,47.1100,100
45710918230512,12:41:50.918,47.0800,1
45710918230512,12:41:50.918,47.0800,1
45710918230512,12:41:50.918,47.0800,98
45710918270415,12:41:50.918,47.0800,2
45710918270415,12:41:50.918,47.0800,57
45710918271261,12:41:50.918,47.0800,43
45710918345837,12:41:50.918,47.0700,1
45716668110651,12:41:56.668,47.0800,16
45754198197228,12:42:34.198,47.0700,1
45771811680891,12:42:51.811,47.0700,100
46271511460593,12:51:11.511,47.0600,1
46493251539100,12:54:53.251,47.0500,1
46526500856005,12:55:26.500,47.0400,100
46535035763345,12:55:35.035,47.0400,1
46577399787629,12:56:17.399,47.0300,100
46577400520030,12:56:17.400,47.0300,100
46683057093532,12:58:03.057,47.0400,20
46966147102354,13:02:46.147,47.1200,3
47099419857022,13:04:59.419,47.0800,80
47099419857022,13:04:59.419,47.0700,100
47099419857022,13:04:59.419,47.0700,3
47099419857022,13:04:59.419,47.0700,100
47099419857022,13:04:59.419,47.0700,20
47099419897894,13:04:59.419,47.0700,80
47099419897894,13:04:59.419,47.0700,100
47689402181582,13:14:49.402,47.0400,1
48040117053002,13:20:40.117,47.0000,1
48080292781638,13:21:20.292,46.9700,100
48080294812600,13:21:20.294,46.9600,93
48295698154041,13:24:55.698,46.9500,100
48295698449478,13:24:55.698,46.9500,100
48295698529086,13:24:55.698,46.9600,40
48296382999258,13:24:56.382,46.9400,200
48296383035384,13:24:56.383,46.9400,2
48296383371822,13:24:56.383,46.9200,1
48296383371822,13:24:56.383,46.9200,100
48302246241516,13:25:02.246,46.9500,28
48331698006179,13:25:31.698,46.9600,60
48331698873941,13:25:31.698,46.9800,100
48332700612874,13:25:32.700,46.9700,4
48711408616146,13:31:51.408,46.9800,2
48889263877622,13:34:49.263,46.9900,3
49013650224105,13:36:53.650,47.0000,3
49099159789635,13:38:19.159,47.0000,3
49232432595138,13:40:32.432,47.0000,92
49232432616862,13:40:32.432,47.0000,8
49352628005270,13:42:32.628,46.9900,4
49508863326314,13:45:08.863,46.9700,100
49508863361044,13:45:08.863,46.9700,100
49508863361044,13:45:08.863,46.9700,100
49508864490346,13:45:08.864,46.9600,1
49508864941350,13:45:08.864,46.9500,1
49582831616882,13:46:22.831,46.9400,100
49616184559048,13:46:56.184,46.9700,30
49724589567933,13:48:44.589,46.9600,20
49760841378216,13:49:20.841,46.9400,100
49966935414238,13:52:46.935,46.9700,2
49992752791131,13:53:12.752,46.9700,68
49992752791131,13:53:12.752,46.9700,5
50403060010978,14:00:03.060,46.9900,2
50407342069125,14:00:07.342,47.0400,1
50407342069125,14:00:07.342,47.0500,100
50407342069125,14:00:07.342,47.0500,100
50413034214030,14:00:13.034,47.1400,46
50415131189885,14:00:15.131,47.1500,2
50417605704259,14:00:17.605,47.0600,1
50447185190419,14:00:47.185,47.0900,4
50447185190419,14:00:47.185,47.0900,100
50447185190419,14:00:47.185,47.0900,96
50447185233043,14:00:47.185,47.0900,4
50447189160784,14:00:47.189,47.0800,4
50447189316803,14:00:47.189,47.0800,1
50447190888043,14:00:47.190,47.0800,1
50465144853426,14:01:05.144,47.1300,100
50465144893418,14:01:05.144,47.1400,2
50465144896016,14:01:05.144,47.1400,14
50465144900116,14:01:05.144,47.1400,84
50485114757203,14:01:25.114,47.1200,100
50494590805321,14:01:34.590,47.1200,1
50494590805321,14:01:34.590,47.1100,99
50537071753033,14:02:17.071,47.0600,9
50537071753033,14:02:17.071,47.0600,1
50538219556617,14:02:18.219,47.0100,2
50538268694997,14:02:18.268,47.0100,2
50538377217393,14:02:18.377,47.0100,1
50615249612832,14:03:35.249,47.1000,1
50615249658540,14:03:35.249,47.1000,99
50615249658540,14:03:35.249,47.1000,2
50652628423054,14:04:12.628,47.1500,100
50699296350255,14:04:59.296,47.1500,30
50713266808105,14:05:13.266,47.2300,100
50878894614671,14:07:58.894,47.1800,13
50878894614671,14:07:58.894,47.1800,87
50973837514241,14:09:33.837,47.1700,30
50998006317921,14:09:58.006,47.1600,1
50998063054727,14:09:58.063,47.1500,1
51089121532048,14:11:29.121,47.2200,100
51089573542134,14:11:29.573,47.2500,3
51275810341982,14:14:35.810,47.3500,100
51281413013210,14:14:41.413,47.3600,100
51290882006753,14:14:50.882,47.3600,100
51303296565091,14:15:03.296,47.3600,5
51303296565091,14:15:03.296,47.3500,5
51303296565091,14:15:03.296,47.3500,4
51303296565091,14:15:03.296,47.3500,86
51354059310416,14:15:54.059,47.3200,1
51354059310416,14:15:54.059,47.3100,1
51354059310416,14:15:54.059,47.3100,100
51354059331349,14:15:54.059,47.3100,98
51503046625112,14:18:23.046,47.3000,7
51503490393205,14:18:23.490,47.2800,100
51847646220246,14:24:07.646,47.3400,1
51847646276146,14:24:07.646,47.3500,3
51847646276146,14:24:07.646,47.3500,100
51864217886663,14:24:24.217,47.3800,100
52042796950092,14:27:22.796,47.3700,16
52043965321119,14:27:23.965,47.3400,100
52070446651626,14:27:50.446,47.3300,100
52070446690753,14:27:50.446,47.3300,4
52070446741966,14:27:50.446,47.3300,2
52070446741966,14:27:50.446,47.3300,100
52315323815814,14:31:55.323,47.3000,100
52316089481845,14:31:56.089,47.2900,2
52316089481845,14:31:56.089,47.2900,1
52359384241881,14:32:39.384,47.2900,100
52359384241881,14:32:39.384,47.2900,6
52359384267610,14:32:39.384,47.2900,94
52359384267610,14:32:39.384,47.2900,3
52359384267610,14:32:39.384,47.2900,73
52452283352162,14:34:12.283,47.3200,100
52452283352162,14:34:12.283,47.3200,100
52452283352162,14:34:12.283,47.3200,100
52452283352162,14:34:12.283,47.3200,1
52452283352162,14:34:12.283,47.3200,6
52452283452236,14:34:12.283,47.3300,29
52452283658273,14:34:12.283,47.3300,71
52562549893750,14:36:02.549,47.3400,7
52564388163352,14:36:04.388,47.3300,1
52564388247773,14:36:04.388,47.3200,3
52564388247773,14:36:04.388,47.3200,1
52564390991415,14:36:04.390,47.3100,3
52564390991415,14:36:04.390,47.3100,43
52564391018926,14:36:04.391,47.3100,57
52564412135443,14:36:04.412,47.3200,2
52567670061921,14:36:07.670,47.2900,100
52579244199172,14:36:19.244,47.2900,100
52655073780554,14:37:35.073,47.3200,100
52655073858001,14:37:35.073,47.3300,100
52655073863814,14:37:35.073,47.3400,92
52655073875497,14:37:35.073,47.3400,8
52731391563545,14:38:51.391,47.3600,5
52731392011179,14:38:51.392,47.3700,1
52731392011179,14:38:51.392,47.3700,99
52731392047110,14:38:51.392,47.3700,1
52731392840805,14:38:51.392,47.4000,1
52731392840805,14:38:51.392,47.4000,1
52733484187618,14:38:53.484,47.3600,1
52762915081267,14:39:22.915,47.3500,1
52775230781045,14:39:35.230,47.3400,11
52775250294859,14:39:35.250,47.3200,30
52775250294859,14:39:35.250,47.3200,100
52905728905301,14:41:45.728,47.3500,100
52905728905301,14:41:45.728,47.3500,100
52997438262816,14:43:17.438,47.3500,1
53025059597247,14:43:45.059,47.3250,100
53028297158237,14:43:48.297,47.3250,100
53028316011279,14:43:48.316,47.3500,100
53028322234169,14:43:48.322,47.3600,100
53028322234169,14:43:48.322,47.3600,100
53096967733714,14:44:56.967,47.3600,100
53096967733714,14:44:56.967,47.3600,100
53097003124271,14:44:57.003,47.3600,91
53128375998537,14:45:28.375,47.3500,100
53188335292624,14:46:28.335,47.3550,100
53188338046909,14:46:28.338,47.3900,100
53216219371601,14:46:56.219,47.3950,100
53216219371601,14:46:56.219,47.4100,100
53216219371601,14:46:56.219,47.4200,1
53216219371601,14:46:56.219,47.4200,100
53216220290279,14:46:56.220,47.4200,100
53216220290279,14:46:56.220,47.4200,100
53216224675992,14:46:56.224,47.4200,5
53216761817012,14:46:56.761,47.4200,11
53217104661119,14:46:57.104,47.4200,100
53217104661119,14:46:57.104,47.4400,5
53217104689139,14:46:57.104,47.4400,100
53218273835104,14:46:58.273,47.4500,5
53218273835104,14:46:58.273,47.4500,100
53218273835104,14:46:58.273,47.4500,76
53252541587446,14:47:32.541,47.4300,40
53252541587446,14:47:32.541,47.4200,1
53252541587446,14:47:32.541,47.4200,60
53252541601923,14:47:32.541,47.4200,40
53252545656378,14:47:32.545,47.4200,1
53400320814914,14:50:00.320,47.4200,13
53446775791821,14:50:46.775,47.4200,1
53465212765878,14:51:05.212,47.4000,1
53465212765878,14:51:05.212,47.4000,100
53465212829063,14:51:05.212,47.3900,1
53465216907045,14:51:05.216,47.4000,1
53465216907045,14:51:05.216,47.4000,28
53465218181644,14:51:05.218,47.4000,72
53526674142245,14:52:06.674,47.4200,24
53526674142245,14:52:06.674,47.4200,76
53526674563266,14:52:06.674,47.4200,24
53581764752598,14:53:01.764,47.4700,1
53583178759975,14:53:03.178,47.4800,1
53583179492196,14:53:03.179,47.4900,5
53594481111982,14:53:14.481,47.4900,100
53594481111982,14:53:14.481,47.4900,25
53594481615138,14:53:14.481,47.4900,75
53594481615138,14:53:14.481,47.4900,25
53594481772769,14:53:14.481,47.5000,2
53594481772769,14:53:14.481,47.5000,3
53594481772769,14:53:14.481,47.5000,100
53594481772769,14:53:14.481,47.5000,20
53594481772769,14:53:14.481,47.5000,100
53594481957176,14:53:14.481,47.5000,100
53594482084867,14:53:14.482,47.5000,100
53594735586775,14:53:14.735,47.5100,5
53594736196398,14:53:14.736,47.5200,2
53594736196398,14:53:14.736,47.5200,3
53594736302190,14:53:14.736,47.5300,5
53595190113643,14:53:15.190,47.5500,5
53600478307295,14:53:20.478,47.5600,100
53610160016627,14:53:30.160,47.5500,100
53610160016627,14:53:30.160,47.5500,8
53610286262996,14:53:30.286,47.5600,100
53737526417599,14:55:37.526,47.5200,1
53737526428713,14:55:37.526,47.5100,46
53737526438750,14:55:37.526,47.5100,54
53737526438750,14:55:37.526,47.5100,1
53737526440379,14:55:37.526,47.5100,55
53737676957663,14:55:37.676,47.5000,100
53737677580428,14:55:37.677,47.5000,27
53737677580428,14:55:37.677,47.5000,27
53737677853961,14:55:37.677,47.5000,100
53755580015649,14:55:55.580,47.5300,3
53755580091021,14:55:55.580,47.5300,97
53755580091021,14:55:55.580,47.5300,3
53755580097044,14:55:55.580,47.5300,2
53755580098777,14:55:55.580,47.5300,95
53755580098777,14:55:55.580,47.5300,100
53755999894161,14:55:55.999,47.5700,1
53755999918169,14:55:55.999,47.5700,9
53800935829195,14:56:40.935,47.5800,2
53800935829195,14:56:40.935,47.5800,8
53800935829195,14:56:40.935,47.5800,92
53800937335309,14:56:40.937,47.5900,5
53800943914403,14:56:40.943,47.6000,5
53805743758380,14:56:45.743,47.6100,10
53805743758380,14:56:45.743,47.6100,90
53819619083037,14:56:59.619,47.5700,100
53834012614905,14:57:14.012,47.5500,100
53834013279962,14:57:14.013,47.5500,1
53834015803295,14:57:14.015,47.5500,23
53834069768755,14:57:14.069,47.5600,10
53869931365825,14:57:49.931,47.6100,10
53869931373417,14:57:49.931,47.6200,5
53869931402771,14:57:49.931,47.6300,5
54002003076330,15:00:02.003,47.6600,10
54011154904017,15:00:11.154,47.6200,77
54011154904017,15:00:11.154,47.6200,1
54129521693389,15:02:09.521,47.6100,7
54129522341120,15:02:09.522,47.6100,100
54129522614799,15:02:09.522,47.6100,100
54129523068787,15:02:09.523,47.6000,1
54130586127578,15:02:10.586,47.5900,100
54193450799555,15:03:13.450,47.5400,100
54270930026880,15:04:30.930,47.5300,100
54270930026880,15:04:30.930,47.5300,200
54270930483499,15:04:30.930,47.5300,100
54288079336816,15:04:48.079,47.5400,100
54302372554377,15:05:02.372,47.5400,100
54302372554377,15:05:02.372,47.5400,100
54302372600924,15:05:02.372,47.5400,3
54302372689547,15:05:02.372,47.5500,10
54302372689547,15:05:02.372,47.5500,1
54302372748784,15:05:02.372,47.5500,100
54317980589996,15:05:17.980,47.5300,2
54317980589996,15:05:17.980,47.5300,98
54317980618672,15:05:17.980,47.5300,2
54317980618672,15:05:17.980,47.5300,3
54317980618672,15:05:17.980,47.5300,1
54317980920170,15:05:17.980,47.5200,1
54410229856787,15:06:50.229,47.5300,28
54450520360269,15:07:30.520,47.5400,100
54450520896352,15:07:30.520,47.5400,90
54450521719801,15:07:30.521,47.5400,10
54450521719801,15:07:30.521,47.5300,10
54477748619042,15:07:57.748,47.5400,2
54477748619042,15:07:57.748,47.5400,100
54477748619042,15:07:57.748,47.5400,3
54477748619042,15:07:57.748,47.5400,5
54477748619042,15:07:57.748,47.5400,1
54477748733844,15:07:57.748,47.5300,1
54477748733844,15:07:57.748,47.5300,100
54477751016349,15:07:57.751,47.5300,1
54526265720260,15:08:46.265,47.5800,13
54592197023771,15:09:52.197,47.5300,2
54592197114958,15:09:52.197,47.5200,1
54605582967018,15:10:05.582,47.5100,1
54605583039873,15:10:05.583,47.5000,8
54605583068351,15:10:05.583,47.5000,22
54657465102836,15:10:57.465,47.5200,11
54811562464695,15:13:31.562,47.5300,100
54811562508570,15:13:31.562,47.5300,200
54811562508570,15:13:31.562,47.5300,73
54811562509323,15:13:31.562,47.5300,27
54811562840522,15:13:31.562,47.5500,100
54811587084050,15:13:31.587,47.5400,100
54811587084050,15:13:31.587,47.5300,10
54811587127230,15:13:31.587,47.5300,90
54812948448363,15:13:32.948,47.5300,1
54812948448363,15:13:32.948,47.5300,3
54812948484346,15:13:32.948,47.5300,5
54812948569487,15:13:32.948,47.5200,11
54831539253456,15:13:51.539,47.5400,11
54923476209905,15:15:23.476,47.5200,12
54923476578972,15:15:23.476,47.5300,5
54923476655525,15:15:23.476,47.5200,5
54923476655525,15:15:23.476,47.5100,1
54923476658217,15:15:23.476,47.5100,4
54923476658217,15:15:23.476,47.5100,1
54923478174870,15:15:23.478,47.5100,6
54927948319295,15:15:27.948,47.5100,64
54927948394434,15:15:27.948,47.5100,36
54931851748201,15:15:31.851,47.5100,5
54931851748201,15:15:31.851,47.5100,100
54931851748201,15:15:31.851,47.5100,97
54934883948320,15:15:34.883,47.5300,100
54948001358574,15:15:48.001,47.5500,74
54948001358574,15:15:48.001,47.5500,3
54948001358574,15:15:48.001,47.5500,8
54948001358574,15:15:48.001,47.5500,100
55051797639822,15:17:31.797,47.5300,100
55051797665874,15:17:31.797,47.5300,1
55126192606133,15:18:46.192,47.5200,100
55185083337743,15:19:45.083,47.5400,100
55185083391129,15:19:45.083,47.5400,100
55185084256762,15:19:45.084,47.5500,10
55200071696132,15:20:00.071,47.5600,100
55200073195799,15:20:00.073,47.5600,100
55200073934742,15:20:00.073,47.5700,100
55200073934742,15:20:00.073,47.5700,100
55206780697236,15:20:06.780,47.6000,2
55206780697236,15:20:06.780,47.6000,98
55211781081562,15:20:11.781,47.5900,100
55211781108333,15:20:11.781,47.5900,1
55211800806375,15:20:11.800,47.5900,1
55221683670393,15:20:21.683,47.5800,8
55221683698773,15:20:21.683,47.5800,92
55221683698773,15:20:21.683,47.5800,4
55221683698773,15:20:21.683,47.5800,1
55221683698773,15:20:21.683,47.5800,5
55308923454493,15:21:48.923,47.6000,13
55330428790620,15:22:10.428,47.5600,3
55330429319213,15:22:10.429,47.5500,100
55330429319213,15:22:10.429,47.5500,2
55330429319213,15:22:10.429,47.5500,100
55330431632235,15:22:10.431,47.5500,2
55392883409532,15:23:12.883,47.5100,1
55392883409532,15:23:12.883,47.5100,99
55392883437721,15:23:12.883,47.5100,1
55398363321754,15:23:18.363,47.5000,100
55398363350893,15:23:18.363,47.5000,1
55398363350893,15:23:18.363,47.5000,1
55459958719547,15:24:19.958,47.5200,82
55459958725577,15:24:19.958,47.5200,73
55459958793432,15:24:19.958,47.5200,45
55582988050531,15:26:22.988,47.5300,97
55582990835495,15:26:22.990,47.5300,3
55582990835495,15:26:22.990,47.5300,5
55582990835495,15:26:22.990,47.5300,73
55592226314201,15:26:32.226,47.5300,1
55592226314201,15:26:32.226,47.5300,1
55592226314201,15:26:32.226,47.5300,1
55592226314201,15:26:32.226,47.5200,97
55670238092054,15:27:50.238,47.5500,11
55710768185106,15:28:30.768,47.5400,3
55710768185106,15:28:30.768,47.5400,2
55710768185106,15:28:30.768,47.5400,1
55710918571000,15:28:30.918,47.5300,1
55710918571000,15:28:30.918,47.5300,3
55710918571000,15:28:30.918,47.5300,10
55752984285292,15:29:12.984,47.5200,2
55752984285292,15:29:12.984,47.5200,1
55752984285292,15:29:12.984,47.5200,97
55752984314814,15:29:12.984,47.5200,3
55752984314814,15:29:12.984,47.5200,1
55752984314814,15:29:12.984,47.5200,1
55752984354274,15:29:12.984,47.5100,9
55752984369609,15:29:12.984,47.5100,100
55752984373326,15:29:12.984,47.5100,1
55762002342703,15:29:22.002,47.5100,8
55804487954720,15:30:04.487,47.4900,200
55810319171230,15:30:10.319,47.4900,100
55818147103394,15:30:18.147,47.4600,1
55818147103394,15:30:18.147,47.4600,1
55832512271002,15:30:32.512,47.4800,100
55832512306860,15:30:32.512,47.4800,63
55832512310423,15:30:32.512,47.4800,37
55832512310423,15:30:32.512,47.4800,15
55842125681996,15:30:42.125,47.5300,1
55842125681996,15:30:42.125,47.5300,99
55859329484789,15:30:59.329,47.5100,1
55859329484789,15:30:59.329,47.5100,2
55872471430236,15:31:12.471,47.5300,5
55874917064289,15:31:14.917,47.5400,20
55878766883165,15:31:18.766,47.5400,100
55878766921955,15:31:18.766,47.5400,100
55911593607211,15:31:51.593,47.5600,100
55912108093922,15:31:52.108,47.5700,8
55912108093922,15:31:52.108,47.5700,12
55912108093922,15:31:52.108,47.5700,100
55912108093922,15:31:52.108,47.5700,1
55912139056180,15:31:52.139,47.6000,100
55912200946755,15:31:52.200,47.5800,100
55912201110323,15:31:52.201,47.6000,10
55912201110323,15:31:52.201,47.6000,100
55912205728215,15:31:52.205,47.6000,19
55913303898986,15:31:53.303,47.6000,100
55915092598200,15:31:55.092,47.5700,100
55915092634169,15:31:55.092,47.5700,1
55915092634169,15:31:55.092,47.5700,1
55915092634169,15:31:55.092,47.5700,1
55915092634169,15:31:55.092,47.5700,100
55915092634169,15:31:55.092,47.5700,1
55915092795538,15:31:55.092,47.5900,30
55915092795538,15:31:55.092,47.6000,100
55915092795538,15:31:55.092,47.6000,200
55915093060351,15:31:55.093,47.5700,30
55915093060351,15:31:55.093,47.5700,74
55915093870741,15:31:55.093,47.5700,26
55915093870741,15:31:55.093,47.5700,74
55915094552535,15:31:55.094,47.5900,19
55915094552535,15:31:55.094,47.5900,100
55915094552535,15:31:55.094,47.5900,100
55915094552535,15:31:55.094,47.6000,200
55915094552535,15:31:55.094,47.6000,100
55915560063315,15:31:55.560,47.6000,2
55915560171379,15:31:55.560,47.6000,100
55915560505756,15:31:55.560,47.6000,100
55916671947875,15:31:56.671,47.6100,10
55916671947875,15:31:56.671,47.6100,10
55916683106727,15:31:56.683,47.6200,20
55916683106727,15:31:56.683,47.6300,10
55930586282949,15:32:10.586,47.6300,100
55934905208172,15:32:14.905,47.6600,10
55934905209998,15:32:14.905,47.6700,3
55935057541592,15:32:15.057,47.6700,1
55945350554877,15:32:25.350,47.6100,5
55945350554877,15:32:25.350,47.6100,95
55947878271681,15:32:27.878,47.6200,7
55954669639267,15:32:34.669,47.6100,5
55954669639267,15:32:34.669,47.6100,95
55954669682600,15:32:34.669,47.6100,5
55955939392698,15:32:35.939,47.6200,100
55974989752520,15:32:54.989,47.6100,1
55974989752520,15:32:54.989,47.6100,1
55974989752520,15:32:54.989,47.6100,98
55983033536796,15:33:03.033,47.6000,100
56043286555836,15:34:03.286,47.6000,1
56043286555836,15:34:03.286,47.6000,1
56043286555836,15:34:03.286,47.6000,100
56043286807664,15:34:03.286,47.6000,100
56043290298262,15:34:03.290,47.6000,1
56044331821803,15:34:04.331,47.6000,100
56045021460312,15:34:05.021,47.6000,100
56054308976307,15:34:14.308,47.5800,1
56054308976307,15:34:14.308,47.5800,51
56054309020255,15:34:14.309,47.5800,49
56054316536812,15:34:14.316,47.6000,100
56071789863202,15:34:31.789,47.6100,7
56071789863202,15:34:31.789,47.6100,100
56072240512640,15:34:32.240,47.6200,100
56072243168061,15:34:32.243,47.6200,100
56072243176211,15:34:32.243,47.6300,81
56072243724661,15:34:32.243,47.6300,19
56072243724661,15:34:32.243,47.6300,81
56072243755902,15:34:32.243,47.6300,19
56073640158329,15:34:33.640,47.6300,1
56073643100328,15:34:33.643,47.6300,100
56074251655273,15:34:34.251,47.6200,100
56074251690255,15:34:34.251,47.6200,100
56096325009252,15:34:56.325,47.6100,100
56114036937111,15:35:14.036,47.6000,100
56135007400139,15:35:35.007,47.6300,100
56168149977979,15:36:08.149,47.6300,2
56178177019652,15:36:18.177,47.6100,5
56178177019652,15:36:18.177,47.6000,95
56178550893282,15:36:18.550,47.6000,30
56178550893282,15:36:18.550,47.6000,1
56178551539709,15:36:18.551,47.5900,100
56178552633151,15:36:18.552,47.5800,100
56178554389603,15:36:18.554,47.5600,100
56178555998234,15:36:18.555,47.5700,100
56178555998234,15:36:18.555,47.5700,100
56178555998234,15:36:18.555,47.5800,100
56178555998234,15:36:18.555,47.6000,100
56178555998234,15:36:18.555,47.6000,100
56178555998234,15:36:18.555,47.6000,100
56178557698268,15:36:18.557,47.6000,100
56178557752604,15:36:18.557,47.5700,11
56212710705095,15:36:52.710,47.6300,100
56212710705095,15:36:52.710,47.6300,20
56212710705095,15:36:52.710,47.6300,100
56212710705095,15:36:52.710,47.6300,79
56212710790666,15:36:52.710,47.6400,2
56212761142629,15:36:52.761,47.6400,8
56212838820208,15:36:52.838,47.6500,5
56212838820208,15:36:52.838,47.6600,95
56212838885853,15:36:52.838,47.6600,5
56212838885853,15:36:52.838,47.6600,190
56256793791215,15:37:36.793,47.6800,10
56260452482118,15:37:40.452,47.6600,3
56260452482118,15:37:40.452,47.6600,10
56260452482118,15:37:40.452,47.6600,1
56260452482118,15:37:40.452,47.6600,7
56260453895263,15:37:40.453,47.6800,100
56275786282090,15:37:55.786,47.6600,1
56279411800111,15:37:59.411,47.6300,100
56365025562363,15:39:25.025,47.6500,4
56365025562363,15:39:25.025,47.6500,100
56365025562363,15:39:25.025,47.6500,1
56365026140156,15:39:25.026,47.6500,100
56365026140156,15:39:25.026,47.6500,100
56368223974630,15:39:28.223,47.6500,2
56368224041817,15:39:28.224,47.6500,91
56400015199552,15:40:00.015,47.6400,5
56400015199552,15:40:00.015,47.6400,5
56400015199552,15:40:00.015,47.6400,6
56430200000425,15:40:30.200,47.6300,100
56430294045947,15:40:30.294,47.6200,100
56560218677576,15:42:40.218,47.6200,24
56560345374136,15:42:40.345,47.6300,100
56596713858794,15:43:16.713,47.6300,5
56596713858794,15:43:16.713,47.6300,95
56629200965738,15:43:49.200,47.6600,2
56630278317530,15:43:50.278,47.6600,6
56685174419122,15:44:45.174,47.6400,200
56685175420362,15:44:45.175,47.6400,100
56689787954889,15:44:49.787,47.6400,12
56689787954889,15:44:49.787,47.6400,88
56698040506035,15:44:58.040,47.6500,8
56698433459182,15:44:58.433,47.6500,6
56705757952797,15:45:05.757,47.6400,100
56710070062846,15:45:10.070,47.6400,1
56710070062846,15:45:10.070,47.6400,4
56710070062846,15:45:10.070,47.6400,95
56710070160930,15:45:10.070,47.6400,3
56710114871552,15:45:10.114,47.6400,2
56720092458548,15:45:20.092,47.6500,100
56720092493189,15:45:20.092,47.6500,20
56736158668309,15:45:36.158,47.6600,92
56736158668309,15:45:36.158,47.6600,86
56736158669620,15:45:36.158,47.6600,14
56736158669620,15:45:36.158,47.6600,66
56736158671220,15:45:36.158,47.6600,34
56736158671220,15:45:36.158,47.6600,100
56736158671220,15:45:36.158,47.6600,100
56736158776570,15:45:36.158,47.6700,35
56736158780278,15:45:36.158,47.6700,65
56737235046887,15:45:37.235,47.6800,20
56737271548383,15:45:37.271,47.6800,100
56737973702901,15:45:37.973,47.6900,1
56793970508684,15:46:33.970,47.7000,20
56793970508684,15:46:33.970,47.7000,73
56793970508684,15:46:33.970,47.7100,7
56794786306602,15:46:34.786,47.7100,93
56794786306602,15:46:34.786,47.7100,107
56798271182346,15:46:38.271,47.6900,1
56798271182346,15:46:38.271,47.6900,6
56798273351934,15:46:38.273,47.6900,94
56798273351934,15:46:38.273,47.6900,2
56798273705870,15:46:38.273,47.6900,25
56827085411115,15:47:07.085,47.6800,1
56827085411115,15:47:07.085,47.6800,1
56827085411115,15:47:07.085,47.6800,200
56827085411115,15:47:07.085,47.6800,1
56827115742248,15:47:07.115,47.6700,1
56827115742248,15:47:07.115,47.6700,8
56827169772221,15:47:07.169,47.6700,27
56837600448774,15:47:17.600,47.6700,65
56837601311803,15:47:17.601,47.6600,11
56861743184660,15:47:41.743,47.6800,17
56861867820033,15:47:41.867,47.6800,83
56861867820033,15:47:41.867,47.6800,1
56979016247345,15:49:39.016,47.6900,1
56979016247345,15:49:39.016,47.6900,100
56979016247345,15:49:39.016,47.6900,99
56979016304494,15:49:39.016,47.6900,1
56979016304494,15:49:39.016,47.6900,49
56999893896165,15:49:59.893,47.7000,100
57005057330411,15:50:05.057,47.6900,10
57006200325972,15:50:06.200,47.6800,1
57006200325972,15:50:06.200,47.6800,99
57006613501508,15:50:06.613,47.6800,1
57006613501508,15:50:06.613,47.6800,2
57006613501508,15:50:06.613,47.6800,1
57006613542399,15:50:06.613,47.6800,100
57006614305681,15:50:06.614,47.6800,100
57053451760053,15:50:53.451,47.6700,77
57053451866099,15:50:53.451,47.6700,23
57053451866099,15:50:53.451,47.6700,1
57053451866099,15:50:53.451,47.6700,1
57053451866099,15:50:53.451,47.6700,2
57053451866099,15:50:53.451,47.6700,8
57053483287798,15:50:53.483,47.6600,100
57053483357979,15:50:53.483,47.6600,2
57068326404541,15:51:08.326,47.6500,100
57084782328502,15:51:24.782,47.6500,1
57084782328502,15:51:24.782,47.6500,1
57084782328502,15:51:24.782,47.6500,98
57084782416190,15:51:24.782,47.6500,2
57084782416190,15:51:24.782,47.6500,100
57084782416190,15:51:24.782,47.6500,1
57084782416190,15:51:24.782,47.6500,100
57094916700791,15:51:34.916,47.6400,94
57095026062264,15:51:35.026,47.6400,1
57095026062264,15:51:35.026,47.6400,2
57101550048585,15:51:41.550,47.6400,50
57101550457176,15:51:41.550,47.6400,50
57101550457176,15:51:41.550,47.6400,50
57101550493614,15:51:41.550,47.6400,50
57146040237180,15:52:26.040,47.6400,47
57146056827904,15:52:26.056,47.6400,100
57146057259648,15:52:26.057,47.6400,3
57146057259648,15:52:26.057,47.6400,100
57146057259648,15:52:26.057,47.6400,100
57146057259648,15:52:26.057,47.6400,1
57146057259648,15:52:26.057,47.6400,1
57146057259648,15:52:26.057,47.6400,100
57146057259648,15:52:26.057,47.6400,95
57146057306137,15:52:26.057,47.6400,5
57146057306137,15:52:26.057,47.6400,1
57146096870452,15:52:26.096,47.6300,61
57150102517089,15:52:30.102,47.6400,1
57152061623373,15:52:32.061,47.6300,100
57173892907274,15:52:53.892,47.6400,38
57175787993012,15:52:55.787,47.6400,4
57205915134394,15:53:25.915,47.6300,100
57205915134394,15:53:25.915,47.6300,100
57215917785320,15:53:35.917,47.6400,5
57217436582180,15:53:37.436,47.6400,10
57270719289272,15:54:30.719,47.6500,100
57270719289272,15:54:30.719,47.6500,100
57270719289272,15:54:30.719,47.6500,24
57270719443930,15:54:30.719,47.6600,56
57285517454707,15:54:45.517,47.6400,100
57285517454707,15:54:45.517,47.6400,1
57285517454707,15:54:45.517,47.6400,99
57285517496208,15:54:45.517,47.6400,100
57285517501732,15:54:45.517,47.6400,1
57285517501732,15:54:45.517,47.6400,1
57300027623193,15:55:00.027,47.6500,44
57300194613743,15:55:00.194,47.6600,100
57314617171613,15:55:14.617,47.6800,1
57314617171613,15:55:14.617,47.6800,100
57314617171613,15:55:14.617,47.6800,99
57314617232023,15:55:14.617,47.6800,1
57318913302310,15:55:18.913,47.6800,91
57318913340714,15:55:18.913,47.6800,9
57318913340714,15:55:18.913,47.6800,50
57318913340714,15:55:18.913,47.6800,42
57318913346580,15:55:18.913,47.6800,49
57318913386617,15:55:18.913,47.6800,2
57320027211530,15:55:20.027,47.6800,100
57344008894412,15:55:44.008,47.6900,100
57344756728497,15:55:44.756,47.7000,100
57344756765306,15:55:44.756,47.7000,86
57344756803368,15:55:44.756,47.7000,9
57344756803368,15:55:44.756,47.7000,100
57344756803368,15:55:44.756,47.7000,5
57353746492031,15:55:53.746,47.7100,100
57353746573876,15:55:53.746,47.7100,1
57355766680162,15:55:55.766,47.7300,100
57355766680162,15:55:55.766,47.7300,3
57356525476081,15:55:56.525,47.7300,100
57356747139493,15:55:56.747,47.7400,100
57356747139493,15:55:56.747,47.7400,400
57356747139493,15:55:56.747,47.7400,20
57358170904100,15:55:58.170,47.7500,16
57358170904100,15:55:58.170,47.7500,4
57358170904100,15:55:58.170,47.7500,16
57358170904100,15:55:58.170,47.7500,9
57358170904100,15:55:58.170,47.7500,55
57369028772769,15:56:09.028,47.7500,11
57369031964297,15:56:09.031,47.7500,34
57372853414204,15:56:12.853,47.7400,27
57385912078924,15:56:25.912,47.7600,100
57391670370609,15:56:31.670,47.7500,2
57391670370609,15:56:31.670,47.7500,49
57391670422854,15:56:31.670,47.7500,51
57391670422854,15:56:31.670,47.7500,118
57396770527970,15:56:36.770,47.7600,100
57416202734389,15:56:56.202,47.7500,100
57416202734389,15:56:56.202,47.7400,9
57416202734389,15:56:56.202,47.7400,34
57416202734389,15:56:56.202,47.7400,1
57416202734389,15:56:56.202,47.7400,3
57416202734389,15:56:56.202,47.7400,24
57416206710063,15:56:56.206,47.7400,49
57417247217266,15:56:57.247,47.7500,3
57426042936444,15:57:06.042,47.7700,100
57430020379373,15:57:10.020,47.7600,100
57430020831163,15:57:10.020,47.7600,118
57430020831163,15:57:10.020,47.7600,364
57430020831163,15:57:10.020,47.7600,100
57430020831163,15:57:10.020,47.7600,1
57438512166374,15:57:18.512,47.7700,84
57438512166374,15:57:18.512,47.7700,16
57442191626247,15:57:22.191,47.7600,118
57442191626247,15:57:22.191,47.7600,2
57442191626247,15:57:22.191,47.7600,1
57442191626247,15:57:22.191,47.7600,78
57442191673943,15:57:22.191,47.7600,22
57442744463257,15:57:22.744,47.7600,100
57442744463257,15:57:22.744,47.7650,100
57453743533016,15:57:33.743,47.7500,44
57453743533016,15:57:33.743,47.7500,1
57453743533016,15:57:33.743,47.7500,2
57453743533016,15:57:33.743,47.7500,7
57453743533016,15:57:33.743,47.7500,118
57456903333736,15:57:36.903,47.7600,1
57467857628255,15:57:47.857,47.7600,100
57469735152129,15:57:49.735,47.7500,1
57469735152129,15:57:49.735,47.7500,1
57470025976904,15:57:50.025,47.7400,100
57489768075031,15:58:09.768,47.7500,3
57489856406452,15:58:09.856,47.7500,48
57507901483529,15:58:27.901,47.7700,3
57513035256447,15:58:33.035,47.7700,1
57527746431954,15:58:47.746,47.7700,20
57527746431954,15:58:47.746,47.7700,30
57527746431954,15:58:47.746,47.7700,37
57527746431954,15:58:47.746,47.7700,1
57527746431954,15:58:47.746,47.7700,12
57527746474459,15:58:47.746,47.7700,19
57527746502587,15:58:47.746,47.7700,15
57527746502587,15:58:47.746,47.7700,10
57528794346864,15:58:48.794,47.7700,100
57528862310093,15:58:48.862,47.7700,18
57528862310093,15:58:48.862,47.7700,82
57530046307889,15:58:50.046,47.7700,100
57530046307889,15:58:50.046,47.7700,10
57530046307889,15:58:50.046,47.7700,1
57530139078148,15:58:50.139,47.7800,100
57530139078148,15:58:50.139,47.7800,37
57531682794884,15:58:51.682,47.7800,1
57536957603381,15:58:56.957,47.7800,1
57543112075270,15:59:03.112,47.7750,100
57543112075270,15:59:03.112,47.7700,307
57543112075270,15:59:03.112,47.7700,51
57543112075270,15:59:03.112,47.7700,118
57543112075270,15:59:03.112,47.7700,100
57543112075270,15:59:03.112,47.7700,24
57546116241881,15:59:06.116,47.7800,1
57547129252891,15:59:07.129,47.7800,3
57548319094419,15:59:08.319,47.7800,3
57550746278778,15:59:10.746,47.7800,54
57550746278778,15:59:10.746,47.7800,39
57550746278778,15:59:10.746,47.7800,100
57550746278778,15:59:10.746,47.7800,2
57550746278778,15:59:10.746,47.7800,5
57550746322677,15:59:10.746,47.7800,81
57550746348085,15:59:10.746,47.7800,14
57554747423518,15:59:14.747,47.7900,100
57554747491856,15:59:14.747,47.7900,100
57554747491856,15:59:14.747,47.7900,16
57554747491856,15:59:14.747,47.7900,40
57557116151211,15:59:17.116,47.8000,3
57569518351931,15:59:29.518,47.7900,100
57569568444865,15:59:29.568,47.7950,1
57569684904420,15:59:29.684,47.7950,24
57570314969497,15:59:30.314,47.7950,3
57570414492781,15:59:30.414,47.7950,97
57570414492781,15:59:30.414,47.8000,3
57570424998423,15:59:30.424,47.8000,92
57572076035109,15:59:32.076,47.7900,100
57573069647492,15:59:33.069,47.7900,240
57573069647492,15:59:33.069,47.7900,116
57573069781726,15:59:33.069,47.7900,2
57573069781726,15:59:33.069,47.7900,389
57573069781726,15:59:33.069,47.7900,99
57573070074088,15:59:33.070,47.7900,1
57573070074088,15:59:33.070,47.7900,2
57575267614384,15:59:35.267,47.7900,92
57576915278060,15:59:36.915,47.7900,3
57576997327916,15:59:36.997,47.7900,42
57577033716256,15:59:37.033,47.7900,55
57577033716256,15:59:37.033,47.8000,20
57577489002221,15:59:37.489,47.7900,100
57577494577097,15:59:37.494,47.8000,56
57578757618267,15:59:38.757,47.7900,1
57580350019400,15:59:40.350,47.7900,52
57582429699869,15:59:42.429,47.7900,4
57583515017629,15:59:43.515,47.7900,3
57585685330206,15:59:45.685,47.7900,40
57588746652682,15:59:48.746,47.7900,100
57589073574140,15:59:49.073,47.7900,71
57589619913832,15:59:49.619,47.8000,100
57589758022209,15:59:49.758,47.8000,2
57590071739892,15:59:50.071,47.8000,227
57590071739892,15:59:50.071,47.8000,173
57590114779409,15:59:50.114,47.8000,2
57590198558048,15:59:50.198,47.7900,3
57590198688126,15:59:50.198,47.7900,64
57590745580606,15:59:50.745,47.8000,100
57591512679445,15:59:51.512,47.8000,100
57595745059734,15:59:55.745,47.8000,25
57595745059734,15:59:55.745,47.8000,75
57597724564518,15:59:57.724,47.8000,7
57597750717427,15:59:57.750,47.7900,39
57598449505493,15:59:58.449,47.8000,18
57600511781383,16:00:00.511,47.7800,79
57600511781383,16:00:00.511,47.7800,39752
