timestamp,time,price,volume
34200814513683,09:30:00.814,0.0000,0
34375455559586,09:32:55.455,148.5100,100
34375455559586,09:32:55.455,148.5100,15
34375455559586,09:32:55.455,148.5100,100
34375455623282,09:32:55.455,148.5200,100
34375456290693,09:32:55.456,148.5100,100
34430193630773,09:33:50.193,149.0400,96
34430194016360,09:33:50.194,149.0400,4
34430194016360,09:33:50.194,149.0400,6
34521378628977,09:35:21.378,149.4600,2
34732879721190,09:38:52.879,149.4600,1
34804440669314,09:40:04.440,150.1000,200
34804440669314,09:40:04.440,150.1000,60
34804441017210,09:40:04.441,150.1000,31
34858741232726,09:40:58.741,149.7300,100
35287006786512,09:48:07.006,148.5100,100
35287008803478,09:48:07.008,148.5100,100
35287009212971,09:48:07.009,148.5100,100
36050464025314,10:00:50.464,148.5800,35
36050464025314,10:00:50.464,148.6900,65
36127161644183,10:02:07.161,148.6700,100
36127161644183,10:02:07.161,148.6700,2
36127161708076,10:02:07.161,148.6700,300
36127162252392,10:02:07.162,148.6800,100
36127162252392,10:02:07.162,148.6900,2
36166723593265,10:02:46.723,148.5600,44
36166726381413,10:02:46.726,148.5500,100
36166726381413,10:02:46.726,148.5500,100
36166726381413,10:02:46.726,148.5500,100
36166730339745,10:02:46.730,148.5700,100
36166738231032,10:02:46.738,148.5500,100
36166738622988,10:02:46.738,148.5500,100
36166812904239,10:02:46.812,148.5500,100
36196359317069,10:03:16.359,148.4900,100
36196359317069,10:03:16.359,148.4200,6
36239908885963,10:03:59.908,148.7000,14
36239908885963,10:03:59.908,148.7000,20
36239909248758,10:03:59.909,148.8300,100
36239909277713,10:03:59.909,148.8300,100
36244290969763,10:04:04.290,149.0000,4
36327441589663,10:05:27.441,148.6400,7
36327441589663,10:05:27.441,148.6200,93
36327441787114,10:05:27.441,148.5800,100
36327442176498,10:05:27.442,148.5800,100
36327442307176,10:05:27.442,148.5600,100
36327442506161,10:05:27.442,148.5700,8
36327442999147,10:05:27.442,148.5400,5
36327444012127,10:05:27.444,148.5200,5
36331860948276,10:05:31.860,148.5400,200
36699079637761,10:11:39.079,148.9300,21
36699079637761,10:11:39.079,148.9600,4
36699079637761,10:11:39.079,148.9600,2
36699079670007,10:11:39.079,148.9600,21
36699079950035,10:11:39.079,148.9300,10
36699079950035,10:11:39.079,148.9100,1
36699079950035,10:11:39.079,148.7700,7
36699079950035,10:11:39.079,148.7300,7
36699080145108,10:11:39.080,148.9600,10
36806653024206,10:13:26.653,148.9900,28
36812808476279,10:13:32.808,149.1900,100
36814111876273,10:13:34.111,149.2100,5
36814111876273,10:13:34.111,149.2100,62
36814111902290,10:13:34.111,149.2100,38
36814111902290,10:13:34.111,149.2100,13
37066178798562,10:17:46.178,149.0900,100
37091829582705,10:18:11.829,149.0000,52
37091829582705,10:18:11.829,149.0000,28
37091829582705,10:18:11.829,148.9800,20
37091829899092,10:18:11.829,148.9800,43
37091829903278,10:18:11.829,148.9800,37
37092025136267,10:18:12.025,149.1100,100
37092025136267,10:18:12.025,149.1500,69
37094845714529,10:18:14.845,149.1700,100
37094845714529,10:18:14.845,149.1700,100
37094845714529,10:18:14.845,149.1700,6
37105561742669,10:18:25.561,149.1000,1
37105618062668,10:18:25.618,149.1000,1
37105663671615,10:18:25.663,149.1000,1
37105766603667,10:18:25.766,149.1000,1
37105842627059,10:18:25.842,149.1000,1
37105891416607,10:18:25.891,149.1000,1
37105942450061,10:18:25.942,149.1000,1
37106071471008,10:18:26.071,149.1000,1
37106106135187,10:18:26.106,149.1000,1
37110470023993,10:18:30.470,149.0900,8
37110470023993,10:18:30.470,149.0800,92
37110470095092,10:18:30.470,149.0800,8
37140975549019,10:19:00.975,149.1700,10
37148381434836,10:19:08.381,149.3800,4
37223648675987,10:20:23.648,149.3700,5
37223650663628,10:20:23.650,149.4900,100
37387151405774,10:23:07.151,149.7700,100
37387151430876,10:23:07.151,149.7700,12
37554237778272,10:25:54.237,149.7500,10
37554238225073,10:25:54.238,149.7800,7
37625733841660,10:27:05.733,149.7500,80
37625733841660,10:27:05.733,149.7400,20
37625733867473,10:27:05.733,149.7400,80
37772410583496,10:29:32.410,149.5100,1
37772512531595,10:29:32.512,149.5100,1
37772557705816,10:29:32.557,149.5100,1
37772644312751,10:29:32.644,149.5100,1
37772798539392,10:29:32.798,149.5100,1
37772845569943,10:29:32.845,149.5100,1
37772884829749,10:29:32.884,149.5100,1
37772922211616,10:29:32.922,149.5100,1
37772924167257,10:29:32.924,149.5100,1
37782419394417,10:29:42.419,149.5100,1
37782474029541,10:29:42.474,149.5100,1
37782531976687,10:29:42.531,149.5100,1
37782563486771,10:29:42.563,149.5100,1
37831883152186,10:30:31.883,149.5100,1
37831893351453,10:30:31.893,149.5100,1
37831944019643,10:30:31.944,149.5100,1
37841706384488,10:30:41.706,149.5100,1
37841754333862,10:30:41.754,149.5100,1
37841804592323,10:30:41.804,149.5100,1
37841952336078,10:30:41.952,149.5100,1
37842000114117,10:30:42.000,149.5100,1
37842048153672,10:30:42.048,149.5100,1
37842155775827,10:30:42.155,149.5100,1
37842201179475,10:30:42.201,149.5100,1
37842252510838,10:30:42.252,149.5100,1
37842390127435,10:30:42.390,149.5100,1
37842444923225,10:30:42.444,149.5100,1
37842478547479,10:30:42.478,149.5100,1
37842529261493,10:30:42.529,149.5100,1
37842566410766,10:30:42.566,149.5100,1
37842614952529,10:30:42.614,149.5100,1
37842650484532,10:30:42.650,149.5100,1
37842660283409,10:30:42.660,149.5100,1
37842696017234,10:30:42.696,149.5100,1
37842726988818,10:30:42.726,149.5100,1
37847528754768,10:30:47.528,149.5100,1
37947363791503,10:32:27.363,149.8000,3
37947363819112,10:32:27.363,149.8000,2
37947363819112,10:32:27.363,149.8000,84
37947363844619,10:32:27.363,149.8000,16
37947363844619,10:32:27.363,149.8000,100
37955900821036,10:32:35.900,149.9000,4
37955900821036,10:32:35.900,149.9000,96
37955900850141,10:32:35.900,149.9000,4
37956285777913,10:32:36.285,149.8000,1
38079185209491,10:34:39.185,149.9500,5
38089385620758,10:34:49.385,149.9500,5
38155272149351,10:35:55.272,150.0000,70
38155273577504,10:35:55.273,150.0600,20
38155881173537,10:35:55.881,149.9000,50
38197389922066,10:36:37.389,149.8300,5
38233083167125,10:37:13.083,149.5200,100
38233083167125,10:37:13.083,149.5100,100
38233083194268,10:37:13.083,149.5100,100
38233083197495,10:37:13.083,149.5100,100
38233083265361,10:37:13.083,149.5600,10
38250798687737,10:37:30.798,149.3300,5
38319323756120,10:38:39.323,149.1300,100
38323162360195,10:38:43.162,149.1300,100
38323162396158,10:38:43.162,149.1200,100
38329335592070,10:38:49.335,149.3000,3
38329893020760,10:38:49.893,149.4100,100
38330508072954,10:38:50.508,149.4400,10
38346163076685,10:39:06.163,149.4000,100
38359022615533,10:39:19.022,149.4800,100
38419398888320,10:40:19.398,149.5300,4
38419398888320,10:40:19.398,149.5500,1
38474292113639,10:41:14.292,149.5700,7
38551960753537,10:42:31.960,149.5100,100
38654034021965,10:44:14.034,149.5300,100
38654034021965,10:44:14.034,149.5300,3
38654038758328,10:44:14.038,149.6800,100
38654038758328,10:44:14.038,149.6800,100
38654038758328,10:44:14.038,149.6800,100
38654038868991,10:44:14.038,149.6800,100
38747555666436,10:45:47.555,150.1200,24
38786793022128,10:46:26.793,150.1800,6
38786793022128,10:46:26.793,150.1800,22
38806042545678,10:46:46.042,150.1900,100
38823072468148,10:47:03.072,149.9600,5
38876017699028,10:47:56.017,150.1500,5
39001422530918,10:50:01.422,150.1000,5
39057461737483,10:50:57.461,149.8500,100
39060626196234,10:51:00.626,149.7100,1
39060669008647,10:51:00.669,149.7000,1
39060865597876,10:51:00.865,149.7000,1
39201238937684,10:53:21.238,149.5300,97
39201239038474,10:53:21.239,149.5300,3
39201239547292,10:53:21.239,149.4600,3
39201239571349,10:53:21.239,149.4600,97
39239639883709,10:53:59.639,149.5250,96
39239643989154,10:53:59.643,149.5250,91
39239643989154,10:53:59.643,149.6200,19
39239647870917,10:53:59.647,149.6000,56
39318854932368,10:55:18.854,149.5500,44
39318854936337,10:55:18.854,149.5500,50
39318854937613,10:55:18.854,149.5500,7
39323135198448,10:55:23.135,149.5600,44
39323136990301,10:55:23.136,149.5600,56
39323136990301,10:55:23.136,149.5900,100
39323136990301,10:55:23.136,149.6000,11
39323137016447,10:55:23.137,149.6000,33
39323137926753,10:55:23.137,149.6200,100
39323137926753,10:55:23.137,149.6200,10
39323137926753,10:55:23.137,149.6200,13
39323138335686,10:55:23.138,149.6300,4
39323139670087,10:55:23.139,149.6000,91
39323139949148,10:55:23.139,149.6400,100
39344545972640,10:55:44.545,149.5800,100
39344546683085,10:55:44.546,149.5000,5
39344546683085,10:55:44.546,149.4800,79
39344546687603,10:55:44.546,149.4800,21
39344546687603,10:55:44.546,149.4800,16
39463035628585,10:57:43.035,149.3000,100
39463044175886,10:57:43.044,149.2100,50
39463044183159,10:57:43.044,149.2100,12
39463044200596,10:57:43.044,149.2100,38
39486009744216,10:58:06.009,149.2400,100
39486009917677,10:58:06.009,149.2400,7
39486010435721,10:58:06.010,149.2500,100
39486010435721,10:58:06.010,149.2500,100
39486010440130,10:58:06.010,149.2500,2
39663459239014,11:01:03.459,149.3900,2
39663492376646,11:01:03.492,149.5300,100
39664698011300,11:01:04.698,149.5300,24
39727027793404,11:02:07.027,149.5400,50
39727027824589,11:02:07.027,149.5400,50
39727027824589,11:02:07.027,149.5400,3
39730489961482,11:02:10.489,149.4800,5
39783446744196,11:03:03.446,149.5500,5
39783446744196,11:03:03.446,149.5500,5
39783446744196,11:03:03.446,149.5400,90
39788793812011,11:03:08.793,149.5400,100
39788794278348,11:03:08.794,149.5300,100
39788794494436,11:03:08.794,149.4800,100
39800946687861,11:03:20.946,149.3900,100
39800946843897,11:03:20.946,149.3600,5
39838591050462,11:03:58.591,149.4700,100
39857856321849,11:04:17.856,149.4700,2
39857856321849,11:04:17.856,149.4700,98
39860467760610,11:04:20.467,149.3700,100
39862242154371,11:04:22.242,149.3700,100
39862242178909,11:04:22.242,149.3700,350
39862242178909,11:04:22.242,149.3700,23
40167630972524,11:09:27.630,149.0900,1
40167631924895,11:09:27.631,149.0900,100
40167633713381,11:09:27.633,149.1000,92
40167633927852,11:09:27.633,149.1000,8
40216465212850,11:10:16.465,149.2900,2
40231297750755,11:10:31.297,149.2500,100
40246491407100,11:10:46.491,149.3100,3
40299474110663,11:11:39.474,149.3500,5
40548253040547,11:15:48.253,149.0100,100
40569719530342,11:16:09.719,148.9700,1
40570842900570,11:16:10.842,148.9700,1
40572160259367,11:16:12.160,148.9700,1
40573568308522,11:16:13.568,148.9700,1
40577127358208,11:16:17.127,148.9700,96
40587930903470,11:16:27.930,148.9100,100
40587930903470,11:16:27.930,148.9100,100
40604462112713,11:16:44.462,149.0200,1
40607803293710,11:16:47.803,149.1400,12
40607806869907,11:16:47.806,149.1400,9
40641359922090,11:17:21.359,149.2400,3
40853222726989,11:20:53.222,148.8900,100
40860553479760,11:21:00.553,149.0300,25
40860553505195,11:21:00.553,149.0300,75
40860553505195,11:21:00.553,149.0300,3
40860553570396,11:21:00.553,149.0300,100
40860553591749,11:21:00.553,149.0300,1
40860553727026,11:21:00.553,149.0300,1
40861034513134,11:21:01.034,149.0400,100
40870627362923,11:21:10.627,149.0300,98
40870627362923,11:21:10.627,149.0300,2
40870627394664,11:21:10.627,149.0300,98
40873182896179,11:21:13.182,148.8900,100
40874940075917,11:21:14.940,148.9300,100
41013084476056,11:23:33.084,148.8300,5
41203771314252,11:26:43.771,148.9600,1
41236908276872,11:27:16.908,148.9200,100
41242303383954,11:27:22.303,149.0100,100
41242303416207,11:27:22.303,149.0100,2
41242303416207,11:27:22.303,149.0100,40
41265157433322,11:27:45.157,149.0100,100
41279992446806,11:27:59.992,149.0100,100
41279992475860,11:27:59.992,149.0100,100
41375002549953,11:29:35.002,148.8500,5
41437225060998,11:30:37.225,148.8500,100
41437225060998,11:30:37.225,148.8500,34
41437225092277,11:30:37.225,148.8500,66
41437225568233,11:30:37.225,148.8500,100
41440250175172,11:30:40.250,148.8600,100
41440250235597,11:30:40.250,148.9400,3
41440250266778,11:30:40.250,148.9300,100
41440250722764,11:30:40.250,148.9500,100
41440250782474,11:30:40.250,148.9600,100
41440381242128,11:30:40.381,149.0200,100
41455814455184,11:30:55.814,149.1200,100
41524856931007,11:32:04.856,149.1300,100
41533533609298,11:32:13.533,149.2100,5
41538121128659,11:32:18.121,149.2100,10
41554855196689,11:32:34.855,149.1100,100
41554857512590,11:32:34.857,149.0900,57
41554857538233,11:32:34.857,149.0900,19
41635758528742,11:33:55.758,149.1400,3
41636545129620,11:33:56.545,149.3800,100
41685368687352,11:34:45.368,149.1800,10
41778541282701,11:36:18.541,149.2700,3
41821118616872,11:37:01.118,149.0900,27
41873459819746,11:37:53.459,149.0000,5
41918461958482,11:38:38.461,149.1200,100
41920302592926,11:38:40.302,149.1700,100
41921047749039,11:38:41.047,149.2000,100
41921047777428,11:38:41.047,149.2000,55
41921048249602,11:38:41.048,149.2000,45
41934061306166,11:38:54.061,149.0500,100
41934063058680,11:38:54.063,148.9900,5
41965441939848,11:39:25.441,149.0900,4
41965441939848,11:39:25.441,149.0900,3
42000028593639,11:40:00.028,149.2400,35
42073179212731,11:41:13.179,149.2700,3
42073179212731,11:41:13.179,149.2700,100
42093552155768,11:41:33.552,149.3000,100
42094365959557,11:41:34.365,149.2500,1
42094365959557,11:41:34.365,149.2500,99
42094365987356,11:41:34.365,149.2500,1
42105158462700,11:41:45.158,149.4500,100
42106017371423,11:41:46.017,149.4500,1
42107927560716,11:41:47.927,149.5000,100
42329888180085,11:45:29.888,149.6500,3
42371355815160,11:46:11.355,149.7600,5
42377906278450,11:46:17.906,149.7800,12
42377906498157,11:46:17.906,149.7900,4
42444259925350,11:47:24.259,149.7500,1
42444259925350,11:47:24.259,149.7500,99
42444259951347,11:47:24.259,149.7500,1
42456572159554,11:47:36.572,149.8700,100
42456572159554,11:47:36.572,149.8700,100
42457015645635,11:47:37.015,149.9500,100
42482763907263,11:48:02.763,149.9100,100
42483527604104,11:48:03.527,149.9000,100
42483528106014,11:48:03.528,149.8900,100
42485360916543,11:48:05.360,149.9700,10
42501532417380,11:48:21.532,149.9800,6
42502216466475,11:48:22.216,149.9800,94
42502216466475,11:48:22.216,149.9900,6
42502216805565,11:48:22.216,149.9900,100
42502217141409,11:48:22.217,149.9900,100
42502217482381,11:48:22.217,149.9900,100
42595799663407,11:49:55.799,149.6300,21
42699158540356,11:51:39.158,149.3200,12
42699166036499,11:51:39.166,149.2900,5
42894510638224,11:54:54.510,149.3200,2
42897057666411,11:54:57.057,149.4900,1
43015235977329,11:56:55.235,149.6100,3
43198786748480,11:59:58.786,149.4500,5
43198787569723,11:59:58.787,149.4500,100
43198787684761,11:59:58.787,149.4400,100
43218968245779,12:00:18.968,149.5800,3
43222822725592,12:00:22.822,149.5600,100
43235483305010,12:00:35.483,149.5300,100
43241004419319,12:00:41.004,149.6400,100
43249395160276,12:00:49.395,149.7100,5
43319633034254,12:01:59.633,149.5400,100
43327807622006,12:02:07.807,149.7000,5
43327807709066,12:02:07.807,149.7100,100
43327807733296,12:02:07.807,149.7100,4
43355720761267,12:02:35.720,149.7400,100
43355720992900,12:02:35.720,149.7400,24
43355721017024,12:02:35.721,149.7400,76
43356819599271,12:02:36.819,149.8500,17
43571069457614,12:06:11.069,149.7700,1
43571069457614,12:06:11.069,149.7700,30
43692031711843,12:08:12.031,149.8700,200
43692031711843,12:08:12.031,149.8700,41
43692031833877,12:08:12.031,149.8700,200
43692031874707,12:08:12.031,149.8700,100
43692031875892,12:08:12.031,149.8700,100
43700970605585,12:08:20.970,149.7400,54
43700970665548,12:08:20.970,149.7400,5
43717375915072,12:08:37.375,149.7400,100
43717377659834,12:08:37.377,149.7500,4
43774552681472,12:09:34.552,149.9500,30
43860186029756,12:11:00.186,150.0600,5
43860186029756,12:11:00.186,150.0600,20
43938270612129,12:12:18.270,150.2300,100
43961753505197,12:12:41.753,149.9900,100
43962087374158,12:12:42.087,150.0600,5
43991663777816,12:13:11.663,150.1800,100
43992723951817,12:13:12.723,150.1900,100
43993927237972,12:13:13.927,150.1900,100
43995333628461,12:13:15.333,150.1900,100
44052613605681,12:14:12.613,150.2000,11
44052613605681,12:14:12.613,150.2000,89
44052614053920,12:14:12.614,150.2000,200
44052614099741,12:14:12.614,150.2000,11
44052614103546,12:14:12.614,150.2000,2
44052614137165,12:14:12.614,150.2000,100
44052678172056,12:14:12.678,150.2000,100
44052678467500,12:14:12.678,150.2000,98
44052678467500,12:14:12.678,150.2000,2
44128235273072,12:15:28.235,150.2500,5
44155321372418,12:15:55.321,150.1900,100
44155321927703,12:15:55.321,150.1900,100
44209481882795,12:16:49.481,150.2700,730
44209481909193,12:16:49.481,150.2700,70
44209481909193,12:16:49.481,150.2700,6
44209481909193,12:16:49.481,150.2700,21
44209481909193,12:16:49.481,150.2700,7
44494093140603,12:21:34.093,150.3900,6
44494093140603,12:21:34.093,150.3900,21
44494093140603,12:21:34.093,150.3900,73
44494252735920,12:21:34.252,150.4600,5
44529258796100,12:22:09.258,150.4600,95
44529259155966,12:22:09.259,150.5000,6
44585057410800,12:23:05.057,150.8700,1
44635289724637,12:23:55.289,150.7000,1
44635290553942,12:23:55.290,150.6800,100
44635294658689,12:23:55.294,150.6100,100
44635294696433,12:23:55.294,150.6000,100
44815887510917,12:26:55.887,150.7000,1
44827071752963,12:27:07.071,150.7100,100
44835206753610,12:27:15.206,150.5900,1
44835206753610,12:27:15.206,150.5900,1
44942088661121,12:29:02.088,150.3700,4
44987444750358,12:29:47.444,150.5000,27
44987887117509,12:29:47.887,150.4700,1
44987888207230,12:29:47.888,150.4600,15
44987888207230,12:29:47.888,150.4500,85
44987888270109,12:29:47.888,150.4500,15
44987888312708,12:29:47.888,150.4700,15
45055898262343,12:30:55.898,150.4700,10
45055916492360,12:30:55.916,150.4900,1
45078878126954,12:31:18.878,150.4300,1
45104632397684,12:31:44.632,150.4700,100
45104639502278,12:31:44.639,150.4900,99
45104639502278,12:31:44.639,150.4900,7
45104639502278,12:31:44.639,150.4900,4
45150045687769,12:32:30.045,150.3700,100
45150045755451,12:32:30.045,150.3700,1
45150045755451,12:32:30.045,150.3700,1
45150045920072,12:32:30.045,150.3400,71
45150045980942,12:32:30.045,150.3400,2
45150046114314,12:32:30.046,150.3400,3
45150046114314,12:32:30.046,150.3400,1
45150049382915,12:32:30.049,150.3200,2
45150051200586,12:32:30.051,150.3000,2
45151533964098,12:32:31.533,150.2900,1
45151533964098,12:32:31.533,150.2900,1
45217080963539,12:33:37.080,150.2800,1
45217081064377,12:33:37.081,150.2700,1
45217081110516,12:33:37.081,150.2600,1
45217081110516,12:33:37.081,150.2600,1
45217081167328,12:33:37.081,150.2500,1
45217081590775,12:33:37.081,150.2400,1
45218250609235,12:33:38.250,150.2200,1
45218388028683,12:33:38.388,150.2100,1
45218418418898,12:33:38.418,150.2000,1
45218448808447,12:33:38.448,150.1900,1
45224966958913,12:33:44.966,150.2400,100
45224967011011,12:33:44.967,150.2600,43
45224967194332,12:33:44.967,150.2600,50
45224967621028,12:33:44.967,150.2800,50
45224971562561,12:33:44.971,150.2800,50
45225044325387,12:33:45.044,150.3700,1
45225044349405,12:33:45.044,150.3700,3
45225069813553,12:33:45.069,150.4100,100
45225069813553,12:33:45.069,150.4100,8
45323926070172,12:35:23.926,150.2200,1
45323926608744,12:35:23.926,150.1800,1
45323926608744,12:35:23.926,150.1800,1
45323926823655,12:35:23.926,150.1700,1
45323926823655,12:35:23.926,150.1700,1
45341879913235,12:35:41.879,150.1600,1
45352148649237,12:35:52.148,150.1400,1
45352148649237,12:35:52.148,150.1400,1
45352148726730,12:35:52.148,150.1300,1
45352223648455,12:35:52.223,150.1200,1
45352223648455,12:35:52.223,150.1200,4
45361531291961,12:36:01.531,150.0800,1
45361531291961,12:36:01.531,150.0800,2
45361531317336,12:36:01.531,150.0800,2
45361531318730,12:36:01.531,150.0800,2
45374188651164,12:36:14.188,150.0700,1
45374188651164,12:36:14.188,150.0700,4
45374189018799,12:36:14.189,150.0600,1
45374189018799,12:36:14.189,150.0600,4
45374194346501,12:36:14.194,150.0400,1
45374194346501,12:36:14.194,150.0400,1
45374194348352,12:36:14.194,150.0400,3
45374194355447,12:36:14.194,150.0200,1
45374194355447,12:36:14.194,150.0000,1
45374194355447,12:36:14.194,150.0000,1
45374194355447,12:36:14.194,150.0000,3
45374194358686,12:36:14.194,149.9900,1
45374194358686,12:36:14.194,149.9900,1
45374194359337,12:36:14.194,149.9900,2
45374194370498,12:36:14.194,149.9900,1
45374194370498,12:36:14.194,149.9800,9
45374194647533,12:36:14.194,149.9700,5
45374196482983,12:36:14.196,149.9500,1
45374196482983,12:36:14.196,149.9400,1
45374369733804,12:36:14.369,149.9200,2
45374370221329,12:36:14.370,149.8900,1
45375189870553,12:36:15.189,149.8700,1
45375189926191,12:36:15.189,149.8500,2
45375269205006,12:36:15.269,149.8300,1
45375270288368,12:36:15.270,149.8000,1
45378689002463,12:36:18.689,149.9400,5
45379690685549,12:36:19.690,149.9500,6
45379690685549,12:36:19.690,149.9800,100
45379690685549,12:36:19.690,149.9900,94
45478549051899,12:37:58.549,150.1200,100
45478549126035,12:37:58.549,150.1200,28
45478549384213,12:37:58.549,150.1300,4
45478878309160,12:37:58.878,150.1900,1
45600063909107,12:40:00.063,150.1600,1
45606877726342,12:40:06.877,150.0900,1
45726116925584,12:42:06.116,149.9800,1
46044815129979,12:47:24.815,150.0700,100
46044815279366,12:47:24.815,150.0700,10
46044815356645,12:47:24.815,150.0800,11
46094743188212,12:48:14.743,149.9000,5
46128778590923,12:48:48.778,149.9500,100
46324796884974,12:52:04.796,150.0700,6
46337898235768,12:52:17.898,150.1800,3
46337898235768,12:52:17.898,150.1800,97
46399717362477,12:53:19.717,150.2100,100
46399717829637,12:53:19.717,150.2300,4
46426161189108,12:53:46.161,150.1500,100
46426161789902,12:53:46.161,150.1500,15
46426161849263,12:53:46.161,150.1500,85
46629511282968,12:57:09.511,150.1300,100
46629511309873,12:57:09.511,150.1300,7
46629512016090,12:57:09.512,150.1500,42
46629560731235,12:57:09.560,150.1500,58
46813437996766,13:00:13.437,150.2700,1
46935381120555,13:02:15.381,150.2300,1
46984368392550,13:03:04.368,150.3500,5
47036108836694,13:03:56.108,150.1500,5
47036108836694,13:03:56.108,150.1200,6
47036109195546,13:03:56.109,150.1200,5
47036109195546,13:03:56.109,150.1000,5
47036109195546,13:03:56.109,150.1000,10
47053043801192,13:04:13.043,150.2200,1
47268683514504,13:07:48.683,150.3000,6
47343759490244,13:09:03.759,150.1700,45
47343759490244,13:09:03.759,150.1500,55
47343759525788,13:09:03.759,150.1500,45
47343761173139,13:09:03.761,150.1000,5
47343772924030,13:09:03.772,150.0700,100
47493638280747,13:11:33.638,149.7900,1
47493638280747,13:11:33.638,149.7900,1
47493638280747,13:11:33.638,149.7800,2
47493638404672,13:11:33.638,149.7300,2
47493638404672,13:11:33.638,149.7300,1
47493638404672,13:11:33.638,149.7300,1
47493638404672,13:11:33.638,149.7300,2
47493638404672,13:11:33.638,149.7200,1
47493638404672,13:11:33.638,149.7200,1
47493638404672,13:11:33.638,149.7000,2
47493638404672,13:11:33.638,149.6900,1
47494688318778,13:11:34.688,149.6800,1
47494689456431,13:11:34.689,149.6700,1
47494689456431,13:11:34.689,149.6700,1
47494689456431,13:11:34.689,149.6600,1
47494689456431,13:11:34.689,149.6600,4
47494699924685,13:11:34.699,149.6300,1
47494699924685,13:11:34.699,149.6300,1
47496512250582,13:11:36.512,149.7800,100
47496512250582,13:11:36.512,149.7800,4
47496512250582,13:11:36.512,149.7800,79
47496512277716,13:11:36.512,149.7800,21
47578044092741,13:12:58.044,149.9700,1
47709019524640,13:15:09.019,149.8400,1
47713222731099,13:15:13.222,149.9100,100
47742172374426,13:15:42.172,150.0400,100
47854950182237,13:17:34.950,149.9600,100
47854950182237,13:17:34.950,149.9600,100
47854952762772,13:17:34.952,150.0500,6
47860391086331,13:17:40.391,150.1200,1
47984270973008,13:19:44.270,150.0600,1
47984271000963,13:19:44.271,150.0600,73
47984271008271,13:19:44.271,150.0600,26
48101025766039,13:21:41.025,149.9800,1
48155422832501,13:22:35.422,150.0400,5
48383358171398,13:26:23.358,150.0300,1
48395931916152,13:26:35.931,150.1100,9
48395982938708,13:26:35.982,150.2000,25
48395986137570,13:26:35.986,150.2000,1
48396023991082,13:26:36.023,150.2000,1
48423441588117,13:27:03.441,150.1900,100
48592136090115,13:29:52.136,150.0400,33
48594243067227,13:29:54.243,150.1900,5
48644739229859,13:30:44.739,150.0400,67
48666678854893,13:31:06.678,150.1100,100
48954226403283,13:35:54.226,149.9700,46
49008462190123,13:36:48.462,150.0800,5
49036142517825,13:37:16.142,149.9700,54
49036142517825,13:37:16.142,149.9700,14
49232433842987,13:40:32.433,149.9900,100
49232433842987,13:40:32.433,149.9900,100
49232433842987,13:40:32.433,149.9900,7
49232433842987,13:40:32.433,149.9900,4
49232434186211,13:40:32.434,150.0000,50
49232434631595,13:40:32.434,150.0000,50
49562358912506,13:46:02.358,150.0300,100
49801332042072,13:50:01.332,149.9500,2
49885978424744,13:51:25.978,150.0100,8
49885978425239,13:51:25.978,150.0100,8
49885979024427,13:51:25.979,150.0200,100
49885981057572,13:51:25.981,150.0700,1
49891769146761,13:51:31.769,150.1100,100
49979586319327,13:52:59.586,150.2100,10
49979586319327,13:52:59.586,150.2100,90
49979586380942,13:52:59.586,150.2100,10
50121280628952,13:55:21.280,150.2100,5
50155506739353,13:55:55.506,150.1300,100
50155506807445,13:55:55.506,150.1300,94
50246493012933,13:57:26.493,150.1300,5
50331669810029,13:58:51.669,149.9700,100
50402731024517,14:00:02.731,149.7400,1
50402731047770,14:00:02.731,149.7300,1
50402731047770,14:00:02.731,149.7200,1
50402731047770,14:00:02.731,149.7100,1
50402731047770,14:00:02.731,149.7100,1
50402731349485,14:00:02.731,149.7000,1
50407678286388,14:00:07.678,150.0700,100
50407678356071,14:00:07.678,150.0700,6
50407678448356,14:00:07.678,150.0700,100
50407678448356,14:00:07.678,150.0700,100
50407678582713,14:00:07.678,150.0800,28
50407678596816,14:00:07.678,150.0800,41
50407678614082,14:00:07.678,150.0800,31
50407678614082,14:00:07.678,150.0800,100
50407679318428,14:00:07.679,150.1500,100
50409022670446,14:00:09.022,150.4500,100
50446604785804,14:00:46.604,150.4900,10
50446622350474,14:00:46.622,150.4600,3
50446622350474,14:00:46.622,150.4600,97
50446622577296,14:00:46.622,150.4600,3
50446622589835,14:00:46.622,150.4600,3
50446623106949,14:00:46.623,150.4600,97
50537141834186,14:02:17.141,150.7100,5
50537196094989,14:02:17.196,150.1900,1
50537255211303,14:02:17.255,150.2100,1
50537366272461,14:02:17.366,150.2100,1
50538127582636,14:02:18.127,150.1900,2
50538197856428,14:02:18.197,150.1900,3
50538398989000,14:02:18.398,150.1900,1
50538435663609,14:02:18.435,150.1900,3
50538442402858,14:02:18.442,150.1900,1
50653208708278,14:04:13.208,150.8100,100
50653208708278,14:04:13.208,150.8100,11
50653208942613,14:04:13.208,150.8200,8
50653208961775,14:04:13.208,150.8200,50
50653208978545,14:04:13.208,150.8200,42
50653208978545,14:04:13.208,150.8200,8
50653209126357,14:04:13.209,150.8200,61
50653209331945,14:04:13.209,150.8200,31
50698599229424,14:04:58.599,151.0700,100
50724942977876,14:05:24.942,151.2000,67
50913730951818,14:08:33.730,150.7300,100
50913730951818,14:08:33.730,150.7200,100
50913730951818,14:08:33.730,150.7200,700
50913731279256,14:08:33.731,150.7100,100
50913733234416,14:08:33.733,150.7100,100
50968284649737,14:09:28.284,150.8000,5
51067831967371,14:11:07.831,150.9300,100
51067831967371,14:11:07.831,150.9300,32
51067831967371,14:11:07.831,150.9300,8
51067831967371,14:11:07.831,150.9300,60
51067831995128,14:11:07.831,150.9300,40
51174337546328,14:12:54.337,151.0000,200
51174337602006,14:12:54.337,151.0000,100
51174338662572,14:12:54.338,151.0000,100
51174393745025,14:12:54.393,151.0000,100
51176125855139,14:12:56.125,151.0000,10
51176128238618,14:12:56.128,151.0000,100
51176907275613,14:12:56.907,151.0000,100
51176919602196,14:12:56.919,151.0000,100
51184134026890,14:13:04.134,151.0000,100
51193898691344,14:13:13.898,151.0000,100
51272200175888,14:14:32.200,151.0000,100
51274768351711,14:14:34.768,151.0000,100
51385484440016,14:16:25.484,151.0000,100
51385680988833,14:16:25.680,150.9900,5
51385680988833,14:16:25.680,150.9800,16
51385680988833,14:16:25.680,150.9800,8
51385680988833,14:16:25.680,150.9800,36
51485153153739,14:18:05.153,151.0000,100
51522341821458,14:18:42.341,151.0000,80
51522381955682,14:18:42.381,151.0000,100
51534709449153,14:18:54.709,151.0000,100
51542100066359,14:19:02.100,151.0000,108
51594433517071,14:19:54.433,150.9800,64
51594433517071,14:19:54.433,150.9800,100
51594435592432,14:19:54.435,150.9500,100
51594436191140,14:19:54.436,150.9200,5
51594444906851,14:19:54.444,150.8400,100
51601934784270,14:20:01.934,150.8800,5
51743437644966,14:22:23.437,150.6600,5
51747104096524,14:22:27.104,150.8700,100
51747104844362,14:22:27.104,150.9400,9
51747104845889,14:22:27.104,150.9400,91
51918919597753,14:25:18.919,151.0000,100
51921861906104,14:25:21.861,151.0000,100
51932505197098,14:25:32.505,151.0000,500
51936789614481,14:25:36.789,151.0000,700
51937716014469,14:25:37.716,151.0000,700
51942959776603,14:25:42.959,151.0000,700
51943021787363,14:25:43.021,151.0000,100
51943851891819,14:25:43.851,151.0000,402
51943854944844,14:25:43.854,151.0000,298
51948874577630,14:25:48.874,151.0000,700
51949753746332,14:25:49.753,151.0000,700
51950397079965,14:25:50.397,151.0000,700
51951090659785,14:25:51.090,151.0000,700
51955148157846,14:25:55.148,151.0000,114
51956555574355,14:25:56.555,151.0000,700
51962606864733,14:26:02.606,151.0000,100
51965819255088,14:26:05.819,151.0000,100
51967764202869,14:26:07.764,151.0000,588
51967768876640,14:26:07.768,151.0000,112
51968104181176,14:26:08.104,151.0000,700
51968443621172,14:26:08.443,151.0000,1400
51968496903861,14:26:08.496,151.0000,700
51968930228200,14:26:08.930,151.0000,442
51973398211999,14:26:13.398,151.1700,3
51973398462014,14:26:13.398,151.1800,38
51973398495907,14:26:13.398,151.1800,3
51973398773653,14:26:13.398,151.1800,50
51973399056784,14:26:13.399,151.1800,9
51976452768831,14:26:16.452,151.3850,100
51976741318508,14:26:16.741,151.4900,80
52016352239182,14:26:56.352,151.3300,100
52016352239182,14:26:56.352,151.3300,100
52027133203712,14:27:07.133,151.2950,200
52036010496269,14:27:16.010,151.2600,5
52036010567473,14:27:16.010,151.2600,95
52097629262142,14:28:17.629,151.3400,100
52097631257616,14:28:17.631,151.4400,8
52110234010562,14:28:30.234,151.4900,65
52110234307613,14:28:30.234,151.4900,14
52110234331820,14:28:30.234,151.4900,21
52271260182724,14:31:11.260,151.3900,100
52273099541940,14:31:13.099,151.3800,100
52273099962585,14:31:13.099,151.3600,91
52273100358408,14:31:13.100,151.3600,9
52294835258085,14:31:34.835,151.2500,100
52296802676141,14:31:36.802,151.2500,100
52355290393074,14:32:35.290,151.0900,5
52362083839617,14:32:42.083,150.9900,18
52367131854197,14:32:47.131,151.0800,100
52367135966982,14:32:47.135,150.9600,17
52367135966982,14:32:47.135,150.9600,1
52367136206118,14:32:47.136,150.9400,5
52438471933320,14:33:58.471,150.8200,100
52438472372922,14:33:58.472,150.8100,100
52451994333751,14:34:11.994,150.6700,85
52451994333751,14:34:11.994,150.6600,15
52452735678210,14:34:12.735,150.6600,100
52453525637452,14:34:13.525,150.6600,58
52453751417743,14:34:13.751,150.6700,100
52454719734390,14:34:14.719,150.6600,42
52454719734390,14:34:14.719,150.6600,58
52455522550573,14:34:15.522,150.6600,42
52455522550573,14:34:15.522,150.6600,1
52455522550573,14:34:15.522,150.6600,57
52455917707806,14:34:15.917,150.6500,100
52455928749329,14:34:15.928,150.6500,100
52455928749329,14:34:15.928,150.6500,100
52456884357626,14:34:16.884,150.6600,100
52457639697455,14:34:17.639,150.6500,6
52457639697455,14:34:17.639,150.6500,94
52458482407502,14:34:18.482,150.6500,6
52458482442617,14:34:18.482,150.6500,94
52486341762634,14:34:46.341,150.6300,87
52486347925393,14:34:46.347,150.7900,100
52486347925393,14:34:46.347,150.7900,23
52486347925393,14:34:46.347,150.7900,100
52496900545762,14:34:56.900,150.9200,100
52564352489876,14:36:04.352,150.9300,100
52565546335445,14:36:05.546,150.8900,100
52565547629855,14:36:05.547,150.8900,51
52643438662038,14:37:23.438,150.9700,100
52643438662038,14:37:23.438,150.9700,100
52695911130254,14:38:15.911,151.1800,100
52695911130254,14:38:15.911,151.1800,4
52709760933857,14:38:29.760,151.1700,100
52709760933857,14:38:29.760,151.1700,100
52709760967561,14:38:29.760,151.1700,45
52709760967561,14:38:29.760,151.1700,14
52709760967561,14:38:29.760,151.1700,6
52709844373368,14:38:29.844,151.1100,5
52733837342615,14:38:53.837,151.1600,5
52995869331823,14:43:15.869,150.8600,100
52995869397224,14:43:15.869,150.8500,100
52995869421605,14:43:15.869,150.8500,1
52995869421605,14:43:15.869,150.8500,99
52995869459305,14:43:15.869,150.8500,1
53067288544836,14:44:27.288,150.8900,5
53067288544836,14:44:27.288,150.8900,100
53085175089226,14:44:45.175,150.9900,100
53086907858082,14:44:46.907,151.0200,40
53086907858082,14:44:46.907,151.0300,62
53086907892177,14:44:46.907,151.0300,38
53086907892177,14:44:46.907,151.0300,2
53086916564268,14:44:46.916,151.0600,100
53086945338393,14:44:46.945,151.1400,34
53086966848015,14:44:46.966,151.1600,28
53154894070321,14:45:54.894,151.0700,100
53190089811809,14:46:30.089,151.1500,2
53215960101173,14:46:55.960,151.2500,100
53221140703343,14:47:01.140,151.2500,100
53221768232524,14:47:01.768,151.2500,7
53317075866530,14:48:37.075,151.2100,5
53530671575712,14:52:10.671,151.1850,95
53530671575712,14:52:10.671,151.2500,105
53538638823976,14:52:18.638,151.2500,109
53538638881273,14:52:18.638,151.2500,109
53538639223063,14:52:18.639,151.2500,100
53538639272884,14:52:18.639,151.2500,100
53538640564341,14:52:18.640,151.2500,98
53542007991289,14:52:22.007,151.2500,34
53542013017029,14:52:22.013,151.2500,22
53542019050616,14:52:22.019,151.2500,15
53548538783503,14:52:28.538,151.2500,109
53548538982223,14:52:28.538,151.2500,100
53548539067001,14:52:28.539,151.2500,109
53555488140103,14:52:35.488,151.2500,100
53555489239959,14:52:35.489,151.2500,100
53556508615475,14:52:36.508,151.2500,102
53556620030630,14:52:36.620,151.2500,24
53556626426441,14:52:36.626,151.2500,6
53561460716902,14:52:41.460,151.2500,102
53561460902440,14:52:41.460,151.2500,102
53561461020062,14:52:41.461,151.2500,102
53561462629391,14:52:41.462,151.2500,100
53561462675506,14:52:41.462,151.2500,102
53561549324034,14:52:41.549,151.2500,15
53566263127356,14:52:46.263,151.2500,79
53567455681431,14:52:47.455,151.2500,6
53567457812474,14:52:47.457,151.2500,96
53567557119038,14:52:47.557,151.2500,10
53568056498535,14:52:48.056,151.2500,102
53569301678542,14:52:49.301,151.2500,100
53570829069146,14:52:50.829,151.2500,100
53572561808206,14:52:52.561,151.2500,100
53574536710239,14:52:54.536,151.2500,102
53574539403742,14:52:54.539,151.2500,102
53574545585227,14:52:54.545,151.2500,48
53575132242234,14:52:55.132,151.2500,92
53588336954740,14:53:08.336,151.2500,35
53588337030722,14:53:08.337,151.2300,5
53588337103635,14:53:08.337,151.2500,17
53588337920874,14:53:08.337,151.1800,100
53588337920874,14:53:08.337,151.1700,100
53588337920874,14:53:08.337,151.1700,71
53588337920874,14:53:08.337,151.1700,29
53634938490676,14:53:54.938,151.2500,39
53634938490676,14:53:54.938,151.3300,40
53634938490676,14:53:54.938,151.3300,21
53634943482387,14:53:54.943,151.2500,100
53634943579590,14:53:54.943,151.2500,100
53634943584834,14:53:54.943,151.2500,100
53634943650335,14:53:54.943,151.2500,100
53661023672715,14:54:21.023,151.1800,5
53661023672715,14:54:21.023,151.1800,95
53661023755847,14:54:21.023,151.1800,5
53661023755847,14:54:21.023,151.1800,5
53661023755847,14:54:21.023,151.1800,90
53661023775137,14:54:21.023,151.1800,10
53661023794509,14:54:21.023,151.1800,100
53661024694863,14:54:21.024,151.1400,11
53661024729071,14:54:21.024,151.1400,89
53661068673583,14:54:21.068,151.1800,8
53661406871191,14:54:21.406,151.1300,100
53744134357376,14:55:44.134,151.0300,100
53744134708358,14:55:44.134,151.0300,100
53784868032856,14:56:24.868,150.9700,7
53847596647060,14:57:27.596,151.0900,100
53847596997849,14:57:27.596,151.1400,100
53847601083130,14:57:27.601,151.1600,24
53847601107642,14:57:27.601,151.1600,22
53848988380063,14:57:28.988,151.1600,54
53848988380063,14:57:28.988,151.2200,30
53848988380063,14:57:28.988,151.2200,5
53910258742103,14:58:30.258,151.2300,100
53942078713404,14:59:02.078,151.2400,100
53942091903934,14:59:02.091,151.2500,100
53942091911276,14:59:02.091,151.2500,30
53942092216678,14:59:02.092,151.2500,100
54002380894341,15:00:02.380,151.1600,25
54002380894341,15:00:02.380,151.1600,5
54003159462375,15:00:03.159,151.1600,100
54003159564675,15:00:03.159,151.1400,10
54003218822019,15:00:03.218,151.1600,10
54003218822019,15:00:03.218,151.1600,20
54003219211373,15:00:03.219,151.1600,1
54003219237496,15:00:03.219,151.1600,18
54003219286085,15:00:03.219,151.1600,1
54003219649051,15:00:03.219,151.1600,20
54028168465146,15:00:28.168,151.2100,100
54048718362078,15:00:48.718,151.2500,100
54080771596409,15:01:20.771,151.1300,8
54080771596409,15:01:20.771,151.1300,27
54080771596409,15:01:20.771,151.1300,176
54080773371933,15:01:20.773,151.1300,100
54080773460185,15:01:20.773,151.1300,100
54080773897435,15:01:20.773,151.1000,21
54130409681242,15:02:10.409,151.1700,100
54131295721890,15:02:11.295,151.0800,100
54131295721890,15:02:11.295,151.0700,100
54131295721890,15:02:11.295,151.0700,5
54134311761909,15:02:14.311,151.0700,100
54134311791798,15:02:14.311,151.0700,3
54134311791798,15:02:14.311,151.0700,100
54137672416493,15:02:17.672,151.1700,20
54137672533176,15:02:17.672,151.1800,100
54156152915869,15:02:36.152,151.2500,100
54156152980437,15:02:36.152,151.2500,100
54156153035452,15:02:36.153,151.2500,100
54156153070561,15:02:36.153,151.2500,100
54156153160142,15:02:36.153,151.2500,100
54156153381960,15:02:36.153,151.2500,100
54156153441259,15:02:36.153,151.2500,100
54156153525829,15:02:36.153,151.2500,100
54156153592573,15:02:36.153,151.2500,25
54156153592573,15:02:36.153,151.2600,75
54156153706941,15:02:36.153,151.2600,25
54187270524022,15:03:07.270,151.2400,100
54208444408117,15:03:28.444,151.1900,5
54353681237355,15:05:53.681,151.0600,100
54353681237355,15:05:53.681,151.0600,20
54353681237355,15:05:53.681,151.0600,3
54353681476674,15:05:53.681,151.0500,5
54364544310170,15:06:04.544,150.9600,4
54375360906857,15:06:15.360,151.1200,100
54404066780569,15:06:44.066,151.0000,85
54412308153429,15:06:52.308,151.0000,100
54416839189445,15:06:56.839,151.0000,100
54417027392438,15:06:57.027,151.0000,100
54417196971959,15:06:57.196,151.0000,100
54417396207404,15:06:57.396,151.0000,100
54417494169030,15:06:57.494,151.0000,100
54417685233126,15:06:57.685,151.0000,100
54417847978385,15:06:57.847,151.0000,100
54427234978186,15:07:07.234,151.0000,100
54439096669422,15:07:19.096,150.9800,100
54481213153505,15:08:01.213,151.0000,100
54481213188695,15:08:01.213,151.0000,100
54481213211095,15:08:01.213,151.0000,100
54481213564933,15:08:01.213,151.0000,100
54484384325333,15:08:04.384,151.0000,100
54490583228697,15:08:10.583,151.0000,100
54491358880355,15:08:11.358,151.0000,100
54491931610110,15:08:11.931,151.0000,100
54492750704401,15:08:12.750,151.0000,100
54493935445205,15:08:13.935,151.0000,100
54494151149557,15:08:14.151,151.0000,100
54494329701462,15:08:14.329,151.0000,100
54494619732225,15:08:14.619,151.0000,100
54494821344755,15:08:14.821,151.0000,100
54527546884201,15:08:47.546,150.9600,1
54548306570974,15:09:08.306,150.9600,3
54548906209566,15:09:08.906,151.0000,100
54549818085449,15:09:09.818,151.0000,100
54550341398085,15:09:10.341,151.0000,100
54550494723575,15:09:10.494,150.9400,23
54550495060858,15:09:10.495,150.9100,14
54550495217512,15:09:10.495,150.9000,100
54550495948232,15:09:10.495,150.9000,100
54550496427368,15:09:10.496,150.9100,100
54550496780655,15:09:10.496,150.9100,100
54550496780655,15:09:10.496,150.9100,100
54550497075032,15:09:10.497,150.9000,35
54550511132007,15:09:10.511,151.0000,100
54550689644365,15:09:10.689,151.0000,100
54578934373422,15:09:38.934,151.0000,100
54600198603735,15:10:00.198,150.9200,65
54600198603735,15:10:00.198,150.9200,35
54600511545006,15:10:00.511,150.9100,25
54600960819380,15:10:00.960,150.9100,26
54628132275800,15:10:28.132,151.0000,100
54628132275800,15:10:28.132,151.0000,100
54628132275800,15:10:28.132,151.0000,100
54628132402037,15:10:28.132,151.0000,90
54628132402037,15:10:28.132,151.0000,10
54628132433630,15:10:28.132,151.0000,90
54628132439951,15:10:28.132,151.0000,96
54628133402027,15:10:28.133,151.0200,100
54637830527084,15:10:37.830,151.0600,100
54637830677732,15:10:37.830,151.0700,100
54638511990713,15:10:38.511,151.1600,100
54638511990713,15:10:38.511,151.1600,100
54639550754903,15:10:39.550,151.2200,100
54639780118560,15:10:39.780,151.2600,100
54639994259415,15:10:39.994,151.2800,32
54639994286836,15:10:39.994,151.2800,36
54639994313867,15:10:39.994,151.2800,22
54639994341245,15:10:39.994,151.2800,10
54639994341245,15:10:39.994,151.2800,4
54639994368895,15:10:39.994,151.2800,8
54639994394511,15:10:39.994,151.2800,6
54639994422787,15:10:39.994,151.2800,2
54639994449655,15:10:39.994,151.2800,4
54639995896933,15:10:39.995,151.2800,2
54644230936005,15:10:44.230,151.2800,6
54644230994997,15:10:44.230,151.2700,100
54644231186507,15:10:44.231,151.2600,100
54644378934519,15:10:44.378,151.1800,100
54688389587476,15:11:28.389,151.2300,48
54688389992138,15:11:28.389,151.2400,100
54743079104939,15:12:23.079,151.3600,33
54763898384097,15:12:43.898,151.3700,7
54763898786304,15:12:43.898,151.4000,48
54763898786304,15:12:43.898,151.4000,52
54763898786304,15:12:43.898,151.4000,100
54764011873303,15:12:44.011,151.4900,100
54796629813244,15:13:16.629,151.4900,1
54901094030225,15:15:01.094,151.7400,40
54901094030225,15:15:01.094,151.7600,60
54922917043939,15:15:22.917,151.7600,40
54922917564652,15:15:22.917,151.7900,12
54922917564652,15:15:22.917,151.7900,7
54925590777033,15:15:25.590,151.8700,100
54935162392770,15:15:35.162,151.8900,91
54935162441207,15:15:35.162,151.8900,9
54935163271721,15:15:35.163,151.8900,100
54947442918271,15:15:47.442,151.8500,1
55030431032582,15:17:10.431,151.9600,100
55058808457575,15:17:38.808,151.9500,100
55058808457575,15:17:38.808,151.9600,58
55058808483901,15:17:38.808,151.9600,42
55058808483901,15:17:38.808,151.9600,100
55069857220836,15:17:49.857,152.0000,16
55069857293700,15:17:49.857,151.9700,10
55069857428598,15:17:49.857,152.0000,10
55069857428598,15:17:49.857,152.0000,90
55069857440468,15:17:49.857,152.0000,10
55069857505618,15:17:49.857,151.9700,10
55069857614585,15:17:49.857,152.0000,10
55089727831474,15:18:09.727,151.9400,10
55089727831474,15:18:09.727,151.9200,42
55089727831474,15:18:09.727,151.9200,40
55089728157606,15:18:09.728,151.9100,9
55111414946936,15:18:31.414,151.9700,100
55111414946936,15:18:31.414,151.9700,100
55112448456120,15:18:32.448,152.1000,19
55112448456120,15:18:32.448,152.1000,23
55112448482612,15:18:32.448,152.1000,77
55112448851414,15:18:32.448,152.0600,100
55153905555202,15:19:13.905,152.0500,4
55153958550797,15:19:13.958,152.0500,96
55153958550797,15:19:13.958,152.0800,4
55163913138977,15:19:23.913,152.0800,4
55198985956079,15:19:58.985,152.0800,92
55204105455587,15:20:04.105,152.1400,100
55204105527298,15:20:04.105,152.1400,18
55204126435834,15:20:04.126,152.2100,100
55232803902720,15:20:32.803,152.2900,5
55232803951780,15:20:32.803,152.2400,100
55232803951780,15:20:32.803,152.2900,95
55232803951780,15:20:32.803,152.3500,35
55232803983702,15:20:32.803,152.3500,65
55232803983702,15:20:32.803,152.3500,200
55232804289678,15:20:32.804,152.4800,100
55232806057814,15:20:32.806,152.4900,38
55238218207010,15:20:38.218,152.4200,100
55242565846280,15:20:42.565,152.3300,100
55242566333090,15:20:42.566,152.3200,3
55242568173180,15:20:42.568,152.3200,3
55243571424138,15:20:43.571,152.2600,100
55243571424138,15:20:43.571,152.2400,33
55243571610166,15:20:43.571,152.2400,67
55245031940930,15:20:45.031,152.2000,100
55292490916695,15:21:32.490,152.2100,5
55292490916695,15:21:32.490,152.1500,2
55292493626660,15:21:32.493,152.1400,2
55292493681041,15:21:32.493,152.1300,100
55292493684765,15:21:32.493,152.1300,100
55292493914097,15:21:32.493,152.1200,2
55292493923385,15:21:32.493,152.1100,1
55292493923385,15:21:32.493,152.1100,5
55292493971408,15:21:32.493,152.1000,2
55292493974732,15:21:32.493,152.0900,2
55292493978858,15:21:32.493,152.0800,1
55293115638364,15:21:33.115,152.1100,100
55293115664333,15:21:33.115,152.1100,56
55293115664333,15:21:33.115,152.1100,100
55293115664333,15:21:33.115,152.1100,78
55293115712859,15:21:33.115,152.1100,10
55293431974615,15:21:33.431,152.0600,1
55293431974615,15:21:33.431,152.0600,1
55293432883900,15:21:33.432,152.0500,2
55293432883900,15:21:33.432,152.0500,96
55293432910416,15:21:33.432,152.0500,4
55296679482878,15:21:36.679,152.0400,1
55296679482878,15:21:36.679,152.0400,99
55296679575355,15:21:36.679,152.0400,1
55296684008191,15:21:36.684,152.0300,5
55296846281661,15:21:36.846,152.0300,25
55296846281661,15:21:36.846,152.0300,20
55300679846868,15:21:40.679,152.0100,1
55300679846868,15:21:40.679,152.0100,1
55300679909601,15:21:40.679,152.0000,2
55300679909601,15:21:40.679,152.0000,98
55300679944468,15:21:40.679,152.0000,2
55300680479508,15:21:40.680,151.9900,2
55301431935911,15:21:41.431,151.9700,2
55301432711620,15:21:41.432,151.9500,2
55301433489921,15:21:41.433,151.9400,3
55301434279381,15:21:41.434,151.9300,1
55301434279381,15:21:41.434,151.9300,1
55301435125511,15:21:41.435,151.9200,91
55301435190833,15:21:41.435,151.9200,9
55301435190833,15:21:41.435,151.9200,2
55306599761248,15:21:46.599,152.0000,100
55306599918973,15:21:46.599,151.9700,2
55310720130334,15:21:50.720,152.0000,100
55310721738387,15:21:50.721,152.0000,100
55310722950145,15:21:50.722,152.0000,100
55321069123627,15:22:01.069,151.9100,2
55321659882663,15:22:01.659,151.9000,2
55321660272266,15:22:01.660,151.8900,2
55321660373994,15:22:01.660,151.8800,5
55328804860667,15:22:08.804,151.8500,1
55328804860667,15:22:08.804,151.8500,1
55332005012211,15:22:12.005,151.8400,1
55332005085509,15:22:12.005,151.8300,1
55332005441361,15:22:12.005,151.8200,2
55332206475973,15:22:12.206,151.8100,3
55332206475973,15:22:12.206,151.8100,2
55332206600301,15:22:12.206,151.8000,2
55347192553715,15:22:27.192,151.7700,2
55352070159435,15:22:32.070,151.7600,2
55352070920442,15:22:32.070,151.7500,1
55352070920442,15:22:32.070,151.7500,1
55352071651059,15:22:32.071,151.7400,2
55352072328492,15:22:32.072,151.7300,1
55352072988425,15:22:32.072,151.7200,1
55425068342729,15:23:45.068,151.7300,72
55442390627418,15:24:02.390,151.7100,100
55442390627418,15:24:02.390,151.6900,100
55545071944380,15:25:45.071,151.6500,100
55545071944380,15:25:45.071,151.6400,100
55545071972047,15:25:45.071,151.6400,100
55545071974493,15:25:45.071,151.6400,100
55549450172741,15:25:49.450,151.5800,100
55549450172741,15:25:49.450,151.5700,3
55549450172741,15:25:49.450,151.5700,100
55549450279746,15:25:49.450,151.6400,30
55549450527651,15:25:49.450,151.5700,30
55549450527651,15:25:49.450,151.5700,100
55549451031340,15:25:49.451,151.5700,72
55549451739724,15:25:49.451,151.5400,100
55550442687714,15:25:50.442,151.5400,100
55550448066983,15:25:50.448,151.5400,100
55578398577655,15:26:18.398,151.6200,100
55578427678145,15:26:18.427,151.6300,100
55578427678145,15:26:18.427,151.6300,49
55578427678145,15:26:18.427,151.6300,2
55578427915056,15:26:18.427,151.6400,81
55578428063028,15:26:18.428,151.6400,19
55590668388569,15:26:30.668,151.6600,8
55590668390024,15:26:30.668,151.6600,4
55590668471180,15:26:30.668,151.6600,3
55590668534600,15:26:30.668,151.6600,2
55590668595892,15:26:30.668,151.6600,1
55590668657244,15:26:30.668,151.6600,1
55590668752427,15:26:30.668,151.6600,1
55590668778215,15:26:30.668,151.6600,80
55604927241224,15:26:44.927,151.7000,100
55604929419439,15:26:44.929,151.7000,100
55605447275072,15:26:45.447,151.7500,100
55605456723290,15:26:45.456,151.7500,100
55605457363707,15:26:45.457,151.7500,166
55675261179345,15:27:55.261,151.7500,164
55675261179345,15:27:55.261,151.8100,63
55762012216335,15:29:22.012,151.7100,3
55762012717740,15:29:22.012,151.7000,5
55763062369743,15:29:23.062,151.7000,5
55763062369743,15:29:23.062,151.6800,1
55763062400723,15:29:23.062,151.6800,5
55763062490258,15:29:23.062,151.6500,100
55763062490258,15:29:23.062,151.6500,100
55763062490258,15:29:23.062,151.6500,6
55763062490258,15:29:23.062,151.6500,100
55763062644508,15:29:23.062,151.6700,23
55763062678665,15:29:23.062,151.6700,4
55797445327254,15:29:57.445,151.6400,100
55797445359461,15:29:57.445,151.6400,100
55804508537485,15:30:04.508,151.5700,3
55804508537485,15:30:04.508,151.5700,3
55804508544450,15:30:04.508,151.5600,100
55804508549467,15:30:04.508,151.5500,2
55804508614916,15:30:04.508,151.5400,1
55804509130490,15:30:04.509,151.5300,2
55811923000290,15:30:11.923,151.5400,5
55811923061182,15:30:11.923,151.5200,5
55812220100481,15:30:12.220,151.5100,1
55812220100481,15:30:12.220,151.5100,1
55812220673259,15:30:12.220,151.5000,2
55813118317151,15:30:13.118,151.4900,1
55813118658420,15:30:13.118,151.5300,30
55813118755499,15:30:13.118,151.4900,5
55813118895206,15:30:13.118,151.4900,1
55813118911197,15:30:13.118,151.4900,99
55813118911197,15:30:13.118,151.4900,1
55813118920767,15:30:13.118,151.4900,99
55813119362634,15:30:13.119,151.5300,21
55813119585726,15:30:13.119,151.4900,2
55813119615220,15:30:13.119,151.4900,19
55813119615220,15:30:13.119,151.4900,10
55813119615220,15:30:13.119,151.4900,10
55813120587638,15:30:13.120,151.4800,2
55813121203775,15:30:13.121,151.4800,29
55813121850654,15:30:13.121,151.4800,29
55813238051671,15:30:13.238,151.4800,15
55813238075673,15:30:13.238,151.4800,14
55813238686430,15:30:13.238,151.4800,9
55813238712942,15:30:13.238,151.4800,22
55813239074680,15:30:13.239,151.4800,9
55813239074680,15:30:13.239,151.4800,22
55832818086660,15:30:32.818,151.5300,100
55832818211147,15:30:32.818,151.5100,10
55832818600830,15:30:32.818,151.5400,100
55832819756219,15:30:32.819,151.5600,100
55832819796798,15:30:32.819,151.6100,100
55844990706004,15:30:44.990,151.6400,98
55845063253665,15:30:45.063,151.6400,2
55870358620804,15:31:10.358,151.6500,10
55870358719623,15:31:10.358,151.6300,100
55873004414893,15:31:13.004,151.7500,100
55873016575404,15:31:13.016,151.7400,100
55873028910261,15:31:13.028,151.7500,46
55920387875589,15:32:00.387,151.6700,83
55933355969556,15:32:13.355,151.5900,58
55980241722597,15:33:00.241,151.5900,22
55980241722597,15:33:00.241,151.5900,100
55980242142539,15:33:00.242,151.5700,3
55984114442735,15:33:04.114,151.4700,1
55984114524411,15:33:04.114,151.4600,1
56003908905752,15:33:23.908,151.5100,10
56003908905752,15:33:23.908,151.4500,2
56004026078497,15:33:24.026,151.4400,2
56033446205625,15:33:53.446,151.4200,2
56033447631159,15:33:53.447,151.4500,10
56033447730643,15:33:53.447,151.4200,10
56033447806594,15:33:53.447,151.4600,100
56033449170741,15:33:53.449,151.4600,100
56036475307590,15:33:56.475,151.5200,14
56037465879349,15:33:57.465,151.5100,100
56065114506915,15:34:25.114,151.4700,100
56065114506915,15:34:25.114,151.4300,10
56065114843732,15:34:25.114,151.4100,2
56065114843732,15:34:25.114,151.4100,1
56065116203953,15:34:25.116,151.4000,1
56065116203953,15:34:25.116,151.4000,9
56065116203953,15:34:25.116,151.4000,80
56065813165979,15:34:25.813,151.3900,100
56065813949455,15:34:25.813,151.3800,2
56065813949455,15:34:25.813,151.3800,100
56065813949455,15:34:25.813,151.3800,100
56065813996417,15:34:25.813,151.3800,27
56065815768851,15:34:25.815,151.3800,5
56074072434070,15:34:34.072,151.4250,93
56075020880574,15:34:35.020,151.4500,7
56088571329488,15:34:48.571,151.3600,5
56088573353275,15:34:48.573,151.3500,1
56088723114469,15:34:48.723,151.3300,5
56092246662467,15:34:52.246,151.3200,2
56092247189878,15:34:52.247,151.3100,1
56092247218583,15:34:52.247,151.3100,1
56092247731157,15:34:52.247,151.3000,1
56093248616115,15:34:53.248,151.2800,2
56093248616115,15:34:53.248,151.2800,98
56093248642926,15:34:53.248,151.2800,2
56093676686786,15:34:53.676,151.2600,5
56097813269279,15:34:57.813,151.3300,100
56103249545949,15:35:03.249,151.3800,100
56103288337620,15:35:03.288,151.4000,100
56125340550580,15:35:25.340,151.4600,100
56125340550580,15:35:25.340,151.4700,100
56125340554586,15:35:25.340,151.4700,100
56125401448893,15:35:25.401,151.5400,48
56125401448893,15:35:25.401,151.5400,52
56127050309868,15:35:27.050,151.5500,100
56127050352177,15:35:27.050,151.5500,100
56127050403154,15:35:27.050,151.5500,100
56132914998646,15:35:32.914,151.5700,100
56196865889869,15:36:36.865,151.4800,2
56204253936925,15:36:44.253,151.4600,5
56204253936925,15:36:44.253,151.4500,95
56204254023713,15:36:44.254,151.4500,5
56230399411819,15:37:10.399,151.5300,100
56259094775392,15:37:39.094,151.6500,26
56259095462187,15:37:39.095,151.6600,100
56261014590712,15:37:41.014,151.6200,100
56268678475616,15:37:48.678,151.5700,3
56268678475616,15:37:48.678,151.5700,3
56268683975031,15:37:48.683,151.5500,73
56268684001256,15:37:48.684,151.5500,27
56268684001859,15:37:48.684,151.5500,27
56268684420153,15:37:48.684,151.5500,73
56389394758369,15:39:49.394,151.4900,1
56389394758369,15:39:49.394,151.4900,14
56389394758369,15:39:49.394,151.4900,35
56389394788722,15:39:49.394,151.4900,65
56427005469508,15:40:27.005,151.4200,2
56427317285179,15:40:27.317,151.5500,14
56443049628161,15:40:43.049,151.5500,100
56443150064780,15:40:43.150,151.5500,7
56463182713460,15:41:03.182,151.5300,5
56479143398202,15:41:19.143,151.4500,100
56481768639697,15:41:21.768,151.4900,100
56540141493098,15:42:20.141,151.4600,100
56551782584668,15:42:31.782,151.5400,55
56551782584668,15:42:31.782,151.5400,45
56563466767433,15:42:43.466,151.5300,5
56567167096283,15:42:47.167,151.5500,15
56567763329836,15:42:47.763,151.5600,100
56572895698393,15:42:52.895,151.5500,100
56572895698393,15:42:52.895,151.5500,2
56572895698393,15:42:52.895,151.5500,100
56620507711125,15:43:40.507,151.5400,100
56620798711244,15:43:40.798,151.5500,100
56620881890371,15:43:40.881,151.5600,100
56620881951405,15:43:40.881,151.5600,100
56624495762734,15:43:44.495,151.5700,5
56626093009380,15:43:46.093,151.6100,100
56650487981296,15:44:10.487,151.5700,5
56650488329581,15:44:10.488,151.5600,100
56650488346602,15:44:10.488,151.5600,2
56650488346602,15:44:10.488,151.5600,100
56650488675732,15:44:10.488,151.5300,20
56650790846545,15:44:10.790,151.5900,100
56650790846545,15:44:10.790,151.5900,22
56665243525176,15:44:25.243,151.5100,100
56665243525176,15:44:25.243,151.4900,100
56667450043804,15:44:27.450,151.5300,10
56673129542663,15:44:33.129,151.5500,52
56689897593894,15:44:49.897,151.5700,38
56689897610758,15:44:49.897,151.5700,62
56697450655590,15:44:57.450,151.5800,100
56697450655590,15:44:57.450,151.5800,88
56697451078949,15:44:57.451,151.5800,12
56697451078949,15:44:57.451,151.5800,15
56700510280779,15:45:00.510,151.5300,100
56710424335433,15:45:10.424,151.5700,50
56721585849588,15:45:21.585,151.6000,63
56721585960041,15:45:21.585,151.6000,37
56721585960041,15:45:21.585,151.6000,63
56721586438957,15:45:21.586,151.6000,37
56721586438957,15:45:21.586,151.6000,6
56721586438957,15:45:21.586,151.6000,57
56721586544364,15:45:21.586,151.6000,36
56721586564873,15:45:21.586,151.6000,7
56721587997198,15:45:21.587,151.6100,100
56726744758895,15:45:26.744,151.6600,100
56733037478182,15:45:33.037,151.6700,100
56740209763692,15:45:40.209,151.7200,100
56750464733818,15:45:50.464,151.7400,100
56755774100899,15:45:55.774,151.7500,100
56755779859964,15:45:55.779,151.7500,10
56755826269528,15:45:55.826,151.7100,5
56755827681528,15:45:55.827,151.6800,5
56755867924027,15:45:55.867,151.6800,95
56755867924027,15:45:55.867,151.6800,46
56755884989746,15:45:55.884,151.6800,54
56756246450665,15:45:56.246,151.7500,46
56759166326601,15:45:59.166,151.6900,100
56759179503546,15:45:59.179,151.6700,5
56769508011180,15:46:09.508,151.6700,4
56769512422935,15:46:09.512,151.6300,5
56778169402422,15:46:18.169,151.5700,10
56780754190418,15:46:20.754,151.5400,100
56791001273362,15:46:31.001,151.5200,4
56791001273362,15:46:31.001,151.5200,1
56791001273362,15:46:31.001,151.5100,5
56791001373272,15:46:31.001,151.4900,2
56799045636363,15:46:39.045,151.4800,1
56799072381305,15:46:39.072,151.5300,23
56799741043091,15:46:39.741,151.5300,100
56799744869570,15:46:39.744,151.5400,10
56800268663995,15:46:40.268,151.5500,3
56800268927755,15:46:40.268,151.5500,1
56800268927755,15:46:40.268,151.5500,100
56808263769855,15:46:48.263,151.5300,100
56808263769855,15:46:48.263,151.5400,100
56850364794673,15:47:30.364,151.4900,100
56850401199282,15:47:30.401,151.4700,2
56850401199282,15:47:30.401,151.4600,1
56850401199282,15:47:30.401,151.4600,1
56850401199282,15:47:30.401,151.4400,1
56851281639905,15:47:31.281,151.4200,10
56851554420619,15:47:31.554,151.4800,100
56851554420619,15:47:31.554,151.4900,69
56877400958475,15:47:57.400,151.5100,100
56877454489241,15:47:57.454,151.5200,10
56888696538177,15:48:08.696,151.5300,100
56888696538177,15:48:08.696,151.5300,54
56903282118376,15:48:23.282,151.5300,100
56918171870752,15:48:38.171,151.5000,30
56924999558780,15:48:44.999,151.5400,100
56925000213677,15:48:45.000,151.5400,100
56940266439644,15:49:00.266,151.5200,100
56941402180473,15:49:01.402,151.5400,33
56949917915430,15:49:09.917,151.5500,42
56958132453545,15:49:18.132,151.5000,29
56958132453545,15:49:18.132,151.5000,100
56958132453545,15:49:18.132,151.5000,43
56965771901172,15:49:25.771,151.5200,100
56965771966250,15:49:25.771,151.5200,49
56965862390139,15:49:25.862,151.5600,10
56965879753660,15:49:25.879,151.5700,100
56992581373438,15:49:52.581,151.5000,100
57003968907092,15:50:03.968,151.5200,100
57012070842063,15:50:12.070,151.4900,87
57017533774351,15:50:17.533,151.4600,20
57018161942774,15:50:18.161,151.4600,80
57018161942774,15:50:18.161,151.4600,20
57018959733762,15:50:18.959,151.4600,9
57032690749709,15:50:32.690,151.5000,100
57032690749709,15:50:32.690,151.5000,100
57032690749709,15:50:32.690,151.5000,10
57032802019925,15:50:32.802,151.4900,10
57034858875983,15:50:34.858,151.5200,100
57034858875983,15:50:34.858,151.5200,100
57034858875983,15:50:34.858,151.5200,100
57034858932359,15:50:34.858,151.5200,100
57061807187711,15:51:01.807,151.5500,39
57071071815200,15:51:11.071,151.5600,78
57071072230968,15:51:11.072,151.5600,22
57075991600894,15:51:15.991,151.5900,10
57086470380477,15:51:26.470,151.5800,10
57096711003889,15:51:36.711,151.5900,100
57096711003889,15:51:36.711,151.5900,10
57096711226964,15:51:36.711,151.6000,100
57096711723388,15:51:36.711,151.6100,100
57098034968208,15:51:38.034,151.6000,100
57098034968208,15:51:38.034,151.6000,100
57118462198256,15:51:58.462,151.6600,100
57144223867673,15:52:24.223,151.6600,23
57145102642057,15:52:25.102,151.6600,100
57145299337429,15:52:25.299,151.6600,10
57169715200103,15:52:49.715,151.6500,95
57169715333836,15:52:49.715,151.6400,30
57169739141082,15:52:49.739,151.6700,100
57174621238519,15:52:54.621,151.6700,100
57174621238519,15:52:54.621,151.6700,100
57193675025085,15:53:13.675,151.6900,5
57197401627891,15:53:17.401,151.7000,68
57197945630603,15:53:17.945,151.7000,32
57197945630603,15:53:17.945,151.7000,100
57210639010076,15:53:30.639,151.6600,100
57210639010076,15:53:30.639,151.6600,68
57210639016700,15:53:30.639,151.6600,21
57210639016700,15:53:30.639,151.6600,31
57219355058541,15:53:39.355,151.7000,20
57240742019827,15:54:00.742,151.7300,131
57240742019827,15:54:00.742,151.7300,100
57240742118185,15:54:00.742,151.7300,100
57247455859341,15:54:07.455,151.7300,100
57247770512698,15:54:07.770,151.7300,100
57256591018997,15:54:16.591,151.7200,10
57256591018997,15:54:16.591,151.7300,47
57256591467823,15:54:16.591,151.7300,53
57256591467823,15:54:16.591,151.7300,100
57270734644405,15:54:30.734,151.7700,7
57270740169937,15:54:30.740,151.7700,7
57270747658279,15:54:30.747,151.7700,86
57270747658279,15:54:30.747,151.7700,14
57270747900431,15:54:30.747,151.7700,86
57270747900431,15:54:30.747,151.7700,14
57270747954131,15:54:30.747,151.7700,100
57270747968772,15:54:30.747,151.7700,25
57270747968772,15:54:30.747,151.7700,10
57270851732244,15:54:30.851,151.7900,12
57270936383451,15:54:30.936,151.8100,100
57271003437740,15:54:31.003,151.8250,100
57282155571424,15:54:42.155,151.7600,100
57282155571424,15:54:42.155,151.7600,100
57282155968619,15:54:42.155,151.7200,5
57298410861166,15:54:58.410,151.6600,37
57300211181245,15:55:00.211,151.7400,100
57301037837085,15:55:01.037,151.7900,10
57301076430628,15:55:01.076,151.8100,100
57314070439171,15:55:14.070,151.7500,8
57314070571185,15:55:14.070,151.7500,38
57314095347389,15:55:14.095,151.8700,100
57314095347389,15:55:14.095,151.8900,15
57322470687418,15:55:22.470,151.8700,3
57322470687418,15:55:22.470,151.8800,7
57326083019986,15:55:26.083,151.7800,1
57330350633135,15:55:30.350,151.8600,100
57332823156217,15:55:32.823,151.8600,100
57336763129549,15:55:36.763,151.8800,100
57344000779655,15:55:44.000,151.9200,100
57344003275448,15:55:44.003,151.9200,100
57344406932102,15:55:44.406,152.0000,100
57344407008160,15:55:44.407,152.0100,100
57359915137235,15:55:59.915,151.9800,92
57359915958532,15:55:59.915,151.9800,8
57359916009741,15:55:59.916,151.9800,13
57387268885375,15:56:27.268,152.0100,16
57387377077245,15:56:27.377,151.9600,100
57387775096922,15:56:27.775,152.0100,196
57387775096922,15:56:27.775,152.0100,100
57387775096922,15:56:27.775,152.0100,19
57387777320648,15:56:27.777,152.0500,100
57388485932320,15:56:28.485,152.0300,100
57389854170900,15:56:29.854,151.9800,100
57401684207643,15:56:41.684,152.0200,5
57404234759072,15:56:44.234,151.9300,100
57404686141625,15:56:44.686,151.9700,100
57415117473253,15:56:55.117,152.0200,10
57417485047769,15:56:57.485,151.9900,5
57429885354253,15:57:09.885,152.0200,5
57431531511480,15:57:11.531,152.0300,10
57442285850568,15:57:22.285,152.0100,5
57446543586248,15:57:26.543,151.9900,100
57448261003094,15:57:28.261,151.9500,13
57448261003094,15:57:28.261,151.9500,100
57448802399760,15:57:28.802,151.8600,100
57449001029344,15:57:29.001,151.8600,100
57455063637565,15:57:35.063,151.8700,62
57455063637565,15:57:35.063,151.8700,38
57460663832375,15:57:40.663,151.9000,5
57464835504382,15:57:44.835,151.8600,100
57465307202198,15:57:45.307,151.8500,100
57486633587720,15:58:06.633,151.8600,10
57497432284233,15:58:17.432,151.9800,100
57516973235362,15:58:36.973,152.0000,10
57529847953208,15:58:49.847,152.0000,100
57530301112563,15:58:50.301,151.9700,100
57540304784590,15:59:00.304,152.0000,74
57540513132836,15:59:00.513,152.0200,5
57552344187123,15:59:12.344,152.0000,32
57573022495632,15:59:33.022,152.0800,300
57573297569977,15:59:33.297,152.0700,90
57573297596438,15:59:33.297,152.0700,10
57573297596438,15:59:33.297,152.0700,18
57573297596438,15:59:33.297,152.0700,23
57582498654022,15:59:42.498,152.0750,29
57589203308663,15:59:49.203,152.0000,5
57589203333859,15:59:49.203,152.0000,95
57590047076311,15:59:50.047,152.0200,18
57595159633668,15:59:55.159,152.1600,100
57597771080638,15:59:57.771,152.1000,82
57599031864589,15:59:59.031,152.1700,18
57600573901543,16:00:00.573,0.0000,0
57890639147709,16:04:50.639,152.1600,10
58244556184752,16:10:44.556,152.1700,41
58244556184752,16:10:44.556,152.1500,22
63853781636399,17:44:13.781,152.2000,100
