timestamp,time,price,volume
34200105039095,09:30:00.105,0.0000,0
34938803537922,09:42:18.803,273.8000,100
34943296727302,09:42:23.296,273.7500,100
35034034942433,09:43:54.034,273.7800,4
35034034942433,09:43:54.034,273.7600,40
35034034942433,09:43:54.034,273.7600,56
35034034968572,09:43:54.034,273.7600,44
35034036518430,09:43:54.036,273.7700,200
35083811843994,09:44:43.811,273.6900,3
35083811843994,09:44:43.811,273.6800,11
35083811876015,09:44:43.811,273.6800,80
35089617314499,09:44:49.617,273.9100,25
35089617314499,09:44:49.617,273.9400,25
35089619550677,09:44:49.619,274.3300,100
35108344489509,09:45:08.344,274.6200,1
35118298862345,09:45:18.298,274.7200,100
35118299042225,09:45:18.299,274.7100,15
35119893654980,09:45:19.893,274.7200,100
35168373191360,09:46:08.373,274.1500,100
35168373522036,09:46:08.373,274.1500,100
35168373630645,09:46:08.373,274.1400,20
35169372473379,09:46:09.372,273.9300,100
35169372473379,09:46:09.372,273.9300,100
35194006008755,09:46:34.006,273.7500,100
35194006037087,09:46:34.006,273.7400,100
35194006448343,09:46:34.006,273.6800,2
35194372291881,09:46:34.372,273.6000,1
35274712372726,09:47:54.712,274.0000,100
35274715604946,09:47:54.715,273.9900,100
35275286083541,09:47:55.286,273.8600,50
35285720779125,09:48:05.720,273.7000,1
35310537266130,09:48:30.537,273.6200,100
35310537266130,09:48:30.537,273.6200,52
35310537266130,09:48:30.537,273.6200,100
35429536076767,09:50:29.536,273.9000,100
35429536542955,09:50:29.536,273.5600,30
35443276811031,09:50:43.276,273.7000,1
35772948089655,09:56:12.948,273.9000,100
35772948552833,09:56:12.948,273.7500,3
35772948552833,09:56:12.948,273.7000,1
35850220251075,09:57:30.220,273.6400,100
35850220260432,09:57:30.220,273.5900,3
36027886885767,10:00:27.886,273.8200,15
36027886885767,10:00:27.886,273.8600,10
36044614000360,10:00:44.614,273.8600,15
36080504088594,10:01:20.504,273.9500,1
36080504088594,10:01:20.504,273.9500,6
36080504169190,10:01:20.504,273.9500,7
36080504187848,10:01:20.504,273.9500,256
36080504187848,10:01:20.504,273.9500,51
36080504187848,10:01:20.504,273.9500,42
36080504214356,10:01:20.504,273.9200,100
36080510576117,10:01:20.510,273.6900,3
36080510702620,10:01:20.510,273.8900,10
36081504295571,10:01:21.504,273.6900,10
36117112795896,10:01:57.112,273.5400,3
36117113219392,10:01:57.113,273.5300,100
36117113228662,10:01:57.113,273.5300,100
36117113228662,10:01:57.113,273.5300,100
36117113246221,10:01:57.113,273.5300,100
36117113318465,10:01:57.113,273.5300,100
36117113348057,10:01:57.113,273.5200,100
36117113537490,10:01:57.113,273.5200,100
36124916067777,10:02:04.916,273.3800,100
36166687179226,10:02:46.687,273.3300,86
36166687179226,10:02:46.687,273.3200,14
36166687650342,10:02:46.687,273.3200,86
36166691805717,10:02:46.691,273.1600,3
36219483040225,10:03:39.483,273.0000,2
36219536610233,10:03:39.536,273.0900,95
36219536610233,10:03:39.536,273.1200,18
36219536644961,10:03:39.536,273.1200,82
36219536644961,10:03:39.536,273.1200,13
36219536644961,10:03:39.536,273.1200,18
36219536645911,10:03:39.536,273.1200,82
36219536737714,10:03:39.536,273.1300,13
36219536766189,10:03:39.536,273.1400,13
36249167045942,10:04:09.167,273.0900,1
36249167146279,10:04:09.167,272.9900,3
36298943683313,10:04:58.943,272.8800,1
36344597691013,10:05:44.597,272.8400,100
36344597712726,10:05:44.597,272.8500,100
36344597716043,10:05:44.597,272.8400,100
36344598023329,10:05:44.598,272.8400,100
36344598172170,10:05:44.598,272.8300,78
36344598275400,10:05:44.598,272.8300,8
36344598506677,10:05:44.598,272.8300,14
36344599123238,10:05:44.599,272.8200,25
36344599468024,10:05:44.599,272.8200,75
36344783671018,10:05:44.783,272.7100,3
36363554191127,10:06:03.554,273.0300,100
36395521748355,10:06:35.521,273.3100,6
36395521748355,10:06:35.521,273.3300,5
36395521748355,10:06:35.521,273.3300,15
36395521748355,10:06:35.521,273.3300,15
36395521748355,10:06:35.521,273.3500,54
36483286763555,10:08:03.286,273.3600,4
36556767548847,10:09:16.767,273.4800,15
36561470502574,10:09:21.470,273.4900,8
36564589554839,10:09:24.589,273.4900,92
36564589554839,10:09:24.589,273.4900,8
36564589614383,10:09:24.589,273.4900,37
36564590089896,10:09:24.590,273.4800,19
36998045803524,10:16:38.045,273.7600,100
37052889543808,10:17:32.889,273.7600,18
37130311901638,10:18:50.311,273.3300,1
37231893739012,10:20:31.893,273.7600,3
37232447316792,10:20:32.447,274.0600,100
37232447475028,10:20:32.447,274.0700,93
37232447475028,10:20:32.447,274.0700,100
37234012832686,10:20:34.012,274.2300,100
37381010570171,10:23:01.010,273.9800,100
37381010570171,10:23:01.010,273.9700,1
37383619422657,10:23:03.619,273.9700,200
37383620542298,10:23:03.620,273.9500,11
37383620840454,10:23:03.620,273.9700,40
37383620913992,10:23:03.620,273.9700,40
37383620964918,10:23:03.620,273.9700,20
37383621179464,10:23:03.621,273.9700,1
37492893534517,10:24:52.893,274.1800,18
37492893761310,10:24:52.893,274.1800,7
37651190998595,10:27:31.190,274.0700,70
37653259885055,10:27:33.259,274.0800,100
37653259910769,10:27:33.259,274.0600,100
37690826819183,10:28:10.826,274.0600,2
37690827189005,10:28:10.827,274.0500,2
38042013289099,10:34:02.013,274.4400,3
38053022107707,10:34:13.022,274.2700,15
38173517947492,10:36:13.517,274.4800,1
38173518390916,10:36:13.518,274.4800,55
38173518402553,10:36:13.518,274.4800,15
38173518420678,10:36:13.518,274.4800,29
38221296955974,10:37:01.296,274.8000,100
38229042000178,10:37:09.042,274.8100,100
38230462884071,10:37:10.462,274.6800,10
38230462884071,10:37:10.462,274.6800,5
38230462931337,10:37:10.462,274.6400,100
38230463351055,10:37:10.463,274.6400,2
38230463840470,10:37:10.463,274.6400,14
38230464285027,10:37:10.464,274.5200,5
38254689120990,10:37:34.689,274.5100,100
38255518892589,10:37:35.518,274.5100,100
38260319334681,10:37:40.319,274.4900,100
38260319337686,10:37:40.319,274.4200,73
38260319362283,10:37:40.319,274.4200,27
38260319366232,10:37:40.319,274.4900,100
38260320120025,10:37:40.320,274.3700,100
38260815521569,10:37:40.815,274.2800,9
38260815546247,10:37:40.815,274.2800,10
38260816061002,10:37:40.816,274.2800,10
38260816110913,10:37:40.816,274.2800,5
38260816132870,10:37:40.816,274.2800,5
38260816430559,10:37:40.816,274.2800,80
38262863491228,10:37:42.863,274.2700,1
38266104142229,10:37:46.104,274.2700,99
38266106606906,10:37:46.106,274.3500,15
38266106606906,10:37:46.106,274.3500,5
38273916419395,10:37:53.916,274.2800,100
38276020211643,10:37:56.020,274.2800,5
38277452458348,10:37:57.452,274.2700,100
38302735841837,10:38:22.735,274.3500,100
38302735864990,10:38:22.735,274.3900,10
38328850454869,10:38:48.850,274.3800,50
38328850584993,10:38:48.850,274.3800,50
38328850584993,10:38:48.850,274.3800,2
38389186314708,10:39:49.186,274.3950,100
38506289031240,10:41:46.289,274.3300,100
38507636571326,10:41:47.636,274.3200,100
38524909871921,10:42:04.909,274.5400,10
38524909895687,10:42:04.909,274.5400,100
38568895611538,10:42:48.895,274.5000,100
38568895611538,10:42:48.895,274.5000,98
38568895635322,10:42:48.895,274.4900,100
38636642391476,10:43:56.642,274.3300,1
38636642977951,10:43:56.642,274.3300,99
38636642977951,10:43:56.642,274.3300,20
38636643400886,10:43:56.643,274.3200,2
38636644081807,10:43:56.644,274.3200,11
38697827753427,10:44:57.827,274.5000,100
38723857043401,10:45:23.857,274.6400,30
38723857043401,10:45:23.857,274.6200,100
38723857043401,10:45:23.857,274.6100,42
38723857043401,10:45:23.857,274.6100,28
38741848506758,10:45:41.848,274.6100,100
38741848734917,10:45:41.848,274.6100,2
38876743836278,10:47:56.743,274.5100,1
38883739679134,10:48:03.739,274.5100,99
38883739679134,10:48:03.739,274.5100,1
38902054302069,10:48:22.054,274.5900,27
38902054315222,10:48:22.054,274.5900,26
38902054331879,10:48:22.054,274.5900,47
38902056141251,10:48:22.056,274.4400,100
38914912797278,10:48:34.912,274.3000,1
38947501507870,10:49:07.501,274.4000,100
38959037362866,10:49:19.037,274.3000,1
39176068592394,10:52:56.068,274.5800,9
39182176597440,10:53:02.176,274.5800,10
39182176643585,10:53:02.176,274.5700,23
39182176763764,10:53:02.176,274.5700,77
39182176763764,10:53:02.176,274.5700,2
39227170131595,10:53:47.170,274.3800,100
39227170158789,10:53:47.170,274.3600,100
39251717768058,10:54:11.717,274.4500,10
39253229969878,10:54:13.229,274.4500,100
39260717716793,10:54:20.717,274.4500,90
39260717716793,10:54:20.717,274.4600,10
39267723468592,10:54:27.723,274.5500,100
39291964062509,10:54:51.964,274.5600,2
39296159566706,10:54:56.159,274.3800,3
39296641384224,10:54:56.641,274.8300,100
39308877952086,10:55:08.877,274.7000,100
39308877952086,10:55:08.877,274.6900,100
39308877952086,10:55:08.877,274.6900,2
39308878336598,10:55:08.878,274.6900,1
39308878473783,10:55:08.878,274.6900,99
39663048835671,11:01:03.048,274.8300,14
39663049207929,11:01:03.049,274.8600,14
39663049613244,11:01:03.049,274.8600,5
39664922899470,11:01:04.922,275.2100,100
39664931962244,11:01:04.931,275.2100,2
39666875320305,11:01:06.875,275.1200,100
39667377623769,11:01:07.377,275.0600,1
39667386193765,11:01:07.386,274.9700,100
39667531271914,11:01:07.531,275.0600,4
39673347517961,11:01:13.347,274.9500,46
39673347656996,11:01:13.347,274.9500,54
39674065846726,11:01:14.065,275.0400,2
39790909943046,11:03:10.909,275.0600,100
39811346535011,11:03:31.346,274.9500,50
39811346537565,11:03:31.346,274.9500,5
39811346559362,11:03:31.346,274.9500,30
39811346568894,11:03:31.346,274.9500,5
39811346568894,11:03:31.346,274.9500,6
39812378986046,11:03:32.378,274.8900,2
40046385599540,11:07:26.385,274.7200,1
40148368494046,11:09:08.368,274.7500,2
40198213215029,11:09:58.213,275.0000,1
40294944326247,11:11:34.944,275.1300,100
40294944350088,11:11:34.944,275.1200,100
40294944355844,11:11:34.944,275.1200,100
40311387363954,11:11:51.387,275.1500,100
40311387363954,11:11:51.387,275.1600,100
40388334235553,11:13:08.334,275.2600,2
40568936337809,11:16:08.936,275.1800,3
40582869977005,11:16:22.869,275.1800,7
40588475631368,11:16:28.475,275.1600,72
40588475638342,11:16:28.475,275.1600,28
40588475638342,11:16:28.475,275.1600,22
40588475639532,11:16:28.475,275.1600,50
40588475654062,11:16:28.475,275.1600,28
40588475654062,11:16:28.475,275.1600,2
40766972251804,11:19:26.972,275.1400,42
40766972262555,11:19:26.972,275.1400,24
40766972280753,11:19:26.972,275.1400,34
40766972280753,11:19:26.972,275.1400,1
40766972280753,11:19:26.972,275.1400,24
40766972304216,11:19:26.972,275.1400,59
40766972305435,11:19:26.972,275.1400,17
40766973053649,11:19:26.973,275.0900,6
40766973835021,11:19:26.973,275.0900,94
40767379856246,11:19:27.379,275.0400,45
40767380306623,11:19:27.380,275.0100,100
40767380357281,11:19:27.380,274.9900,100
40767395709029,11:19:27.395,274.9900,100
40767396019633,11:19:27.396,274.9900,100
40801170602471,11:20:01.170,275.1200,25
40801170629703,11:20:01.170,275.1200,75
40801170655202,11:20:01.170,275.1300,100
40948728212781,11:22:28.728,275.3400,100
40948728233972,11:22:28.728,275.3700,14
41160123320252,11:26:00.123,275.5700,100
41160128429174,11:26:00.128,275.4600,30
41182477924424,11:26:22.477,275.3800,100
41182478052433,11:26:22.478,275.3700,13
41182478075905,11:26:22.478,275.3600,100
41182478186068,11:26:22.478,275.3600,2
41184473753552,11:26:24.473,275.3500,200
41185011309733,11:26:25.011,275.3500,18
41185011334349,11:26:25.011,275.3500,82
41185011334349,11:26:25.011,275.3500,100
41186379255267,11:26:26.379,275.2300,52
41486079506188,11:31:26.079,275.3200,50
41486079943290,11:31:26.079,275.3300,48
41486079948111,11:31:26.079,275.3300,2
41539172288604,11:32:19.172,275.2200,1
41539212286532,11:32:19.212,275.0700,100
41539283275052,11:32:19.283,275.0400,9
41539283301056,11:32:19.283,275.0400,91
41558207600586,11:32:38.207,275.0500,100
41918586507429,11:38:38.586,274.9500,1
41918587130621,11:38:38.587,274.9100,100
41918587130621,11:38:38.587,274.9100,40
41918587130621,11:38:38.587,274.9100,2
41920630064630,11:38:40.630,274.7800,100
41920632001841,11:38:40.632,274.9100,100
41920632389821,11:38:40.632,274.7800,100
41948678850942,11:39:08.678,274.7600,82
41948678884734,11:39:08.678,274.7600,18
41948678908954,11:39:08.678,274.7600,100
41960355245620,11:39:20.355,274.9400,23
41960355249529,11:39:20.355,274.9400,77
41960360714636,11:39:20.360,274.9400,100
41960360842035,11:39:20.360,274.9400,50
41960360889414,11:39:20.360,274.9400,50
41960635453918,11:39:20.635,274.9400,100
42164870159351,11:42:44.870,275.1700,95
42164870159351,11:42:44.870,275.1800,5
42168700438645,11:42:48.700,275.1800,78
42168700645373,11:42:48.700,275.1800,22
42168700645373,11:42:48.700,275.1800,78
42168700738678,11:42:48.700,275.1900,100
42169380087576,11:42:49.380,275.1200,70
42169380385604,11:42:49.380,275.1100,100
42173377734610,11:42:53.377,275.0000,100
42189751677020,11:43:09.751,275.0000,100
42189752217305,11:43:09.752,275.0000,2
42189752217305,11:43:09.752,275.0000,100
42209379140560,11:43:29.379,274.8700,81
42324482161869,11:45:24.482,275.2200,100
42324817600248,11:45:24.817,275.2400,9
42439380016955,11:47:19.380,275.1600,10
42439380016955,11:47:19.380,275.1300,2
42439380016955,11:47:19.380,275.1300,88
42460974469779,11:47:40.974,275.1200,100
42538131366216,11:48:58.131,275.0300,51
42538131368457,11:48:58.131,275.0300,49
42538131368457,11:48:58.131,275.0300,1
42728867235258,11:52:08.867,275.1300,8
42835523395981,11:53:55.523,275.3900,9
42930366048132,11:55:30.366,275.5600,13
43129109653074,11:58:49.109,275.5700,100
43129109653074,11:58:49.109,275.5700,1
43187180952462,11:59:47.180,275.6500,25
43208988854681,12:00:08.988,275.5300,100
43208988917705,12:00:08.988,275.5300,100
43208988942020,12:00:08.988,275.5300,100
43208988943801,12:00:08.988,275.5300,100
43208988943801,12:00:08.988,275.5300,1
43208990414321,12:00:08.990,275.4900,40
43209037433410,12:00:09.037,275.5900,1
43209050028061,12:00:09.050,275.5300,100
43237492153885,12:00:37.492,275.6600,2
43239114329255,12:00:39.114,275.6600,1
43242497853738,12:00:42.497,275.6600,2
43356665684966,12:02:36.665,275.6600,6
43595960252338,12:06:35.960,275.6200,4
43595960257905,12:06:35.960,275.6100,1
43595960257905,12:06:35.960,275.6100,45
43595960277365,12:06:35.960,275.6100,55
43652294759607,12:07:32.294,275.6900,5
43668829058913,12:07:48.829,275.7000,10
43668829075265,12:07:48.829,275.7700,1
43700737555310,12:08:20.737,275.7100,1
43700737555310,12:08:20.737,275.7100,99
43702233433684,12:08:22.233,275.7100,100
43719516093252,12:08:39.516,275.7800,100
43772460633459,12:09:32.460,275.7100,89
43772461940288,12:09:32.461,275.7100,11
43772461940288,12:09:32.461,275.7100,89
43772461992832,12:09:32.461,275.7100,11
43772462037530,12:09:32.462,275.7200,100
43772492939439,12:09:32.492,275.8500,300
43772756433140,12:09:32.756,275.9600,1
43794981041696,12:09:54.981,275.8400,100
43794981102869,12:09:54.981,275.8400,100
43794981135360,12:09:54.981,275.8400,100
43794981498716,12:09:54.981,275.8400,10
43796180777932,12:09:56.180,275.9400,100
43796180900859,12:09:56.180,275.9800,1
43796180900859,12:09:56.180,275.9800,12
43796632896499,12:09:56.632,276.0500,93
43796632896499,12:09:56.632,276.0500,92
43796632896499,12:09:56.632,276.0500,1
43796632937527,12:09:56.632,276.0600,1
43802231686691,12:10:02.231,276.0700,1
43802231686691,12:10:02.231,276.0800,1
43802231686691,12:10:02.231,276.1200,1
43802231686691,12:10:02.231,276.1400,1
43802231686691,12:10:02.231,276.1700,76
43804507516957,12:10:04.507,276.1700,16
43808335784207,12:10:08.335,276.1900,1
43808335787277,12:10:08.335,276.2000,1
43808335787277,12:10:08.335,276.2100,1
43808335788771,12:10:08.335,276.2300,1
43808335788771,12:10:08.335,276.2400,1
43808918906224,12:10:08.918,276.2300,100
43808918906224,12:10:08.918,276.2300,100
43808919563323,12:10:08.919,276.2700,1
43810024348495,12:10:10.024,276.2900,1
43820871040097,12:10:20.871,276.3300,1
43820871093369,12:10:20.871,276.4200,1
43820871093369,12:10:20.871,276.4200,10
43821256502075,12:10:21.256,276.4300,1
43822994585263,12:10:22.994,276.4600,1
43822994585263,12:10:22.994,276.4900,1
43822994585263,12:10:22.994,276.5000,1
43822994585263,12:10:22.994,276.5100,1
43822994585263,12:10:22.994,276.5400,1
43858602589580,12:10:58.602,276.5800,1
43872913234364,12:11:12.913,276.6000,1
43872913234364,12:11:12.913,276.6500,3
43872913234364,12:11:12.913,276.6900,96
44046107951976,12:14:06.107,276.7000,1
44046107951976,12:14:06.107,276.7100,1
44046107957074,12:14:06.107,276.7100,2
44046107982118,12:14:06.107,276.7100,3
44046107982118,12:14:06.107,276.7600,1
44046107982118,12:14:06.107,276.7800,1
44046107982118,12:14:06.107,276.7900,1
44047012551690,12:14:07.012,276.7900,1
44047012551690,12:14:07.012,276.7900,3
44047014201966,12:14:07.014,276.8100,2
44047014252171,12:14:07.014,276.8300,24
44181016565005,12:16:21.016,276.8400,1
44181016668812,12:16:21.016,276.8700,1
44181016668812,12:16:21.016,276.8800,1
44181016668812,12:16:21.016,276.9000,1
44181016668812,12:16:21.016,276.9200,1
44181016668812,12:16:21.016,276.9300,100
44181018209653,12:16:21.018,276.9400,1
44183716701633,12:16:23.716,276.8000,100
44183716728447,12:16:23.716,276.8000,100
44183717055122,12:16:23.717,276.8000,100
44183717370161,12:16:23.717,276.8000,100
44184013025866,12:16:24.013,276.9100,100
44184542349237,12:16:24.542,276.9100,26
44184542349237,12:16:24.542,276.9200,40
44187016500345,12:16:27.016,276.9500,40
44190015625039,12:16:30.015,276.9600,3
44190015625039,12:16:30.015,276.9700,1
44190015625039,12:16:30.015,276.9800,1
44190015625039,12:16:30.015,277.0100,1
44190015625039,12:16:30.015,277.0600,1
44190015625039,12:16:30.015,277.0700,1
44190015625039,12:16:30.015,277.0700,92
44392501197383,12:19:52.501,276.8000,8
44397436298203,12:19:57.436,276.8000,92
44397436298203,12:19:57.436,276.8000,1
44397439087571,12:19:57.439,276.6600,40
44401597769763,12:20:01.597,276.6500,100
44410900518783,12:20:10.900,276.7100,100
44410900616319,12:20:10.900,276.7100,100
44411792296635,12:20:11.792,276.5700,1
44413084900008,12:20:13.084,276.5600,50
44413084927579,12:20:13.084,276.5600,50
44444415934360,12:20:44.415,276.4100,4
44606322376957,12:23:26.322,276.5100,100
44607714643115,12:23:27.714,276.3800,5
44607714643115,12:23:27.714,276.3800,20
44607714643115,12:23:27.714,276.3800,73
44629938775695,12:23:49.938,276.3500,1
44629938775695,12:23:49.938,276.3500,87
44629938778522,12:23:49.938,276.3500,13
44646528607021,12:24:06.528,276.0800,5
44781324253573,12:26:21.324,276.0900,65
45111360638437,12:31:51.360,276.1000,5
45159914671327,12:32:39.914,276.2200,75
45168756648583,12:32:48.756,276.0900,100
45168756926670,12:32:48.756,276.0800,100
45168762936660,12:32:48.762,276.1100,1
45168775817990,12:32:48.775,276.1100,99
45168775817990,12:32:48.775,276.1100,1
45381111892689,12:36:21.111,276.0900,3
45381111892689,12:36:21.111,276.0900,1
45381113539587,12:36:21.113,276.0800,100
45381113539587,12:36:21.113,276.0800,100
45725524830475,12:42:05.524,275.9900,19
45725525263651,12:42:05.525,275.9800,100
45725525419478,12:42:05.525,275.9700,1
45955295450428,12:45:55.295,275.9700,99
45955295450428,12:45:55.295,275.9700,1
45964429168051,12:46:04.429,275.9800,5
46159429770560,12:49:19.429,276.1700,10
46159429770560,12:49:19.429,276.1700,1
46159430248026,12:49:19.430,276.1800,50
46159430267562,12:49:19.430,276.1800,50
46159430421364,12:49:19.430,276.2100,10
46159431630894,12:49:19.431,276.2500,1
46159431695371,12:49:19.431,276.2600,1
46159431748022,12:49:19.431,276.2700,1
46159431748022,12:49:19.431,276.2700,99
46159431751911,12:49:19.431,276.2700,1
46159432460977,12:49:19.432,276.3000,1
46159432513806,12:49:19.432,276.3100,1
46163534845773,12:49:23.534,276.1500,100
46163535221054,12:49:23.535,276.1500,1
46163535247496,12:49:23.535,276.1500,99
46163535933133,12:49:23.535,276.1500,100
46518867830450,12:55:18.867,275.9700,99
46518868242983,12:55:18.868,275.9700,30
46518868305321,12:55:18.868,275.9700,70
46518868305321,12:55:18.868,275.9700,47
46518869677426,12:55:18.869,276.0900,10
46518869735772,12:55:18.869,276.0900,100
46518869938476,12:55:18.869,276.1000,15
46518869981747,12:55:18.869,275.9900,14
46518870098561,12:55:18.870,276.1000,14
46518870198765,12:55:18.870,276.0000,14
46561535900595,12:56:01.535,276.2000,4
46561535900595,12:56:01.535,276.2000,9
46561536466468,12:56:01.536,276.2500,12
46567497738172,12:56:07.497,276.3300,9
46567497738172,12:56:07.497,276.3300,100
46567497738172,12:56:07.497,276.3300,1
46727112362378,12:58:47.112,276.4000,1
46727112418957,12:58:47.112,276.4000,5
46727112559957,12:58:47.112,276.4200,4
47122451982306,13:05:22.451,276.5600,50
47122452010731,13:05:22.452,276.5600,50
47122452010731,13:05:22.452,276.5600,2
47122452418954,13:05:22.452,276.5900,1
47122614126618,13:05:22.614,276.6000,1
47122614952688,13:05:22.614,276.6100,1
47122615001486,13:05:22.615,276.6300,4
47122615675818,13:05:22.615,276.6400,1
47122616408365,13:05:22.616,276.6500,1
47122617146194,13:05:22.617,276.6600,1
47122617878890,13:05:22.617,276.6700,1
47122618617781,13:05:22.618,276.6800,1
47122619680608,13:05:22.619,276.7100,1
47376265619320,13:09:36.265,276.7300,100
47527015775405,13:12:07.015,276.7400,1
47527015775405,13:12:07.015,276.7400,9
47527015775405,13:12:07.015,276.7400,100
47527015775405,13:12:07.015,276.7400,2
47527621542904,13:12:07.621,276.7500,100
47527621567162,13:12:07.621,276.7500,2
47527626668071,13:12:07.626,276.6800,30
47527626762598,13:12:07.626,276.7500,30
47527682177308,13:12:07.682,276.7500,5
47529206809030,13:12:09.206,276.6700,99
47529206809030,13:12:09.206,276.6400,4
47530015662785,13:12:10.015,276.7600,1
47530015662785,13:12:10.015,276.7600,13
47530020756885,13:12:10.020,276.7000,29
47530046075731,13:12:10.046,276.6400,27
47535607947224,13:12:15.607,276.6400,69
47535607947224,13:12:15.607,276.6400,3
47535607972027,13:12:15.607,276.6300,100
47535607981163,13:12:15.607,276.6300,100
47535608565218,13:12:15.608,276.6300,100
47535608772847,13:12:15.608,276.6200,100
47535611629559,13:12:15.611,276.6300,100
47535612180837,13:12:15.612,276.6300,100
47536550084645,13:12:16.550,276.6800,49
47603637619317,13:13:23.637,276.4900,100
47606716554923,13:13:26.716,276.3700,100
47614892333495,13:13:34.892,276.3700,50
47692035914492,13:14:52.035,276.3700,100
47732244485511,13:15:32.244,276.2000,2
48045792494328,13:20:45.792,276.1300,100
48045792519144,13:20:45.792,276.1300,44
48045793434473,13:20:45.793,276.0700,77
48045794077290,13:20:45.794,276.0700,23
48046713359033,13:20:46.713,275.7800,22
48046902668791,13:20:46.902,275.9150,100
48046902668791,13:20:46.902,275.9150,100
48106011532571,13:21:46.011,275.8400,2
48106011532571,13:21:46.011,275.8400,5
48740542824740,13:32:20.542,275.6400,1
48789451994994,13:33:09.451,275.6700,27
48789452127203,13:33:09.452,275.6700,3
48789455886667,13:33:09.455,275.8600,29
48789455886667,13:33:09.455,275.8600,31
48789455886667,13:33:09.455,275.8600,20
48867400975970,13:34:27.400,275.8700,1
48872694838469,13:34:32.694,275.8700,9
48872694838469,13:34:32.694,275.9100,2
48872694857018,13:34:32.694,275.9100,9
48872878443590,13:34:32.878,276.0200,100
48872878816413,13:34:32.878,276.0600,100
48872878894970,13:34:32.878,276.0800,1
48872879042923,13:34:32.879,276.1100,1
48872879047230,13:34:32.879,276.1200,1
48872879049339,13:34:32.879,276.1400,1
48872879050956,13:34:32.879,276.1500,1
48872879050956,13:34:32.879,276.1600,1
48873003363856,13:34:33.003,276.1700,1
48873003462191,13:34:33.003,276.1900,1
48873004526772,13:34:33.004,276.2100,1
48873331942694,13:34:33.331,276.1800,100
48873331942694,13:34:33.331,276.1100,201
48873337432943,13:34:33.337,276.1100,98
48873337432943,13:34:33.337,276.1000,100
48873337432943,13:34:33.337,276.1000,2
48873337461906,13:34:33.337,276.1000,100
48873337464497,13:34:33.337,276.1000,98
48873337464497,13:34:33.337,276.1000,1
48873337763971,13:34:33.337,276.1000,100
48873339010191,13:34:33.339,276.1400,15
48873339015352,13:34:33.339,276.1800,15
48876718455589,13:34:36.718,276.0700,100
48876718455589,13:34:36.718,276.0700,88
48876718595869,13:34:36.718,276.0700,12
48879776760403,13:34:39.776,276.1500,1
48879793748217,13:34:39.793,276.0700,41
48879793755938,13:34:39.793,276.0700,59
48917516097906,13:35:17.516,276.1700,1
48957577920065,13:35:57.577,275.9700,1
48959894693134,13:35:59.894,275.9700,1
48964035931352,13:36:04.035,275.9700,82
48971200665886,13:36:11.200,275.9700,100
48974991240523,13:36:14.991,275.9600,100
49021056711161,13:37:01.056,275.7700,12
49021056711161,13:37:01.056,275.7700,1
49048559430066,13:37:28.559,275.9100,1
49087706025491,13:38:07.706,276.0500,99
49087706025491,13:38:07.706,276.0500,1
49087736975241,13:38:07.736,275.9700,10
49087737200664,13:38:07.737,275.9700,10
49092937334931,13:38:12.937,276.1300,2
49126130102989,13:38:46.130,276.0900,1
49203229498916,13:40:03.229,275.9800,59
49203229836193,13:40:03.229,275.9800,66
49203229844901,13:40:03.229,275.9800,34
49203229964413,13:40:03.229,275.9800,58
49203229964413,13:40:03.229,275.9700,42
49203229971028,13:40:03.229,275.9700,58
49263758086058,13:41:03.758,276.0700,38
49263758086058,13:41:03.758,276.0700,1
49263758207218,13:41:03.758,276.0700,25
49263758600105,13:41:03.758,276.0700,25
49263758600105,13:41:03.758,276.0700,20
49263758600105,13:41:03.758,276.0700,20
49263758600105,13:41:03.758,276.0700,8
49263758600105,13:41:03.758,276.0700,20
49263758692876,13:41:03.758,276.0700,20
49263758718703,13:41:03.758,276.0700,10
49263758776420,13:41:03.758,276.0700,10
49263758776420,13:41:03.758,276.0700,10
49263759696424,13:41:03.759,276.0700,15
49263759696424,13:41:03.759,276.0700,20
49271472420461,13:41:11.472,276.0300,10
49272286076107,13:41:12.286,275.8800,100
49272288184439,13:41:12.288,275.8200,52
49303714808702,13:41:43.714,275.8200,25
49303714808702,13:41:43.714,275.7900,75
49307223378135,13:41:47.223,275.7900,100
49330687415676,13:42:10.687,275.7000,100
49331459007573,13:42:11.459,275.6900,100
49399576428948,13:43:19.576,275.5500,1
49408929622717,13:43:28.929,275.5800,100
49447246411858,13:44:07.246,275.5700,100
49473694193145,13:44:33.694,275.6000,100
49480728230958,13:44:40.728,275.6800,57
49480755833087,13:44:40.755,275.6800,43
49509851086767,13:45:09.851,275.5800,100
49509852491643,13:45:09.852,275.5700,100
49509852726980,13:45:09.852,275.5500,10
49509852987396,13:45:09.852,275.5700,4
49509853135899,13:45:09.853,275.5700,10
49509854936623,13:45:09.854,275.5700,71
49509869198796,13:45:09.869,275.5700,19
49513875761058,13:45:13.875,275.5800,1
49513875761058,13:45:13.875,275.5800,99
49513875835345,13:45:13.875,275.5800,1
49513875835345,13:45:13.875,275.5800,36
50058829990772,13:54:18.829,275.4700,5
50058831938067,13:54:18.831,275.5900,5
50109723597510,13:55:09.723,275.3900,100
50195973800218,13:56:35.973,275.4000,20
50195973800218,13:56:35.973,275.4100,9
50199797583629,13:56:39.797,275.5000,12
50199797583629,13:56:39.797,275.5000,100
50281393020020,13:58:01.393,275.5500,2
50308248976974,13:58:28.248,275.5500,3
50308248976974,13:58:28.248,275.6400,9
50374968736724,13:59:34.968,275.6400,50
50402689563169,14:00:02.689,275.4600,49
50402690138031,14:00:02.690,275.4600,51
50402695739323,14:00:02.695,275.4600,100
50402709898124,14:00:02.709,275.6600,100
50402728306472,14:00:02.728,275.4600,33
50402729593540,14:00:02.729,275.4600,100
50403213316322,14:00:03.213,275.4600,100
50403213354884,14:00:03.213,275.4600,1
50409963611737,14:00:09.963,275.7500,1
50409963611737,14:00:09.963,275.7500,1
50409963758884,14:00:09.963,275.7600,1
50409963758884,14:00:09.963,275.7700,1
50409963758884,14:00:09.963,275.7900,1
50409963767980,14:00:09.963,275.8000,1
50409963767980,14:00:09.963,275.8000,1
50409963830745,14:00:09.963,275.8100,1
50409963830745,14:00:09.963,275.8100,1
50409963871761,14:00:09.963,275.8200,2
50409963871761,14:00:09.963,275.8300,1
50409963871761,14:00:09.963,275.8300,70
50409963914793,14:00:09.963,275.8300,16
50409963930366,14:00:09.963,275.8300,2
50410975248963,14:00:10.975,275.7900,20
50410975248963,14:00:10.975,275.7900,5
50412009604359,14:00:12.009,275.6100,11
50412009784717,14:00:12.009,275.6100,25
50412009881773,14:00:12.009,275.4600,10
50412009881773,14:00:12.009,275.4600,10
50412009881773,14:00:12.009,275.4100,11
50412110772633,14:00:12.110,275.5100,10
50412110772633,14:00:12.110,275.5100,5
50412110772633,14:00:12.110,275.4600,4
50413092999906,14:00:13.092,275.7900,20
50413092999906,14:00:13.092,275.7900,50
50413092999906,14:00:13.092,275.8300,12
50413092999906,14:00:13.092,275.8300,18
50413093075735,14:00:13.093,275.8300,82
50413093075735,14:00:13.093,275.8300,18
50413093120426,14:00:13.093,275.8300,82
50413093144301,14:00:13.093,275.8300,100
50415730699267,14:00:15.730,275.8300,100
50415730784432,14:00:15.730,275.8300,100
50415730813197,14:00:15.730,275.8300,100
50415730842839,14:00:15.730,275.8300,5
50415732063235,14:00:15.732,275.8400,100
50415732093622,14:00:15.732,275.8500,1
50415732122248,14:00:15.732,275.8600,1
50415732250380,14:00:15.732,275.8700,1
50415733299470,14:00:15.733,275.8800,1
50415733299470,14:00:15.733,275.8800,1
50415733299470,14:00:15.733,275.9000,1
50415733354721,14:00:15.733,275.9200,1
50415733354721,14:00:15.733,275.9200,1
50415733582891,14:00:15.733,275.9300,2
50415733590980,14:00:15.733,275.9400,2
50415733590980,14:00:15.733,275.9600,1
50415733590980,14:00:15.733,275.9700,1
50415733590980,14:00:15.733,275.9700,4
50415733594147,14:00:15.733,275.9900,1
50415733594147,14:00:15.733,275.9900,1
50415733594147,14:00:15.733,276.0000,1
50415733594147,14:00:15.733,276.0000,1
50415733594147,14:00:15.733,276.0100,1
50415733594147,14:00:15.733,276.0100,1
50415733598147,14:00:15.733,276.0200,1
50415733598147,14:00:15.733,276.0200,1
50415733598147,14:00:15.733,276.0300,1
50415733598147,14:00:15.733,276.0400,1
50415733598147,14:00:15.733,276.0400,1
50415733599481,14:00:15.733,276.0500,2
50415733599481,14:00:15.733,276.0600,2
50415733600334,14:00:15.733,276.0700,1
50415733602816,14:00:15.733,276.0800,1
50416730937688,14:00:16.730,276.1000,1
50416730937688,14:00:16.730,276.1000,1
50416730969587,14:00:16.730,276.1100,1
50416731319700,14:00:16.731,276.1200,1
50416732299068,14:00:16.732,276.1400,1
50416732299068,14:00:16.732,276.1400,1
50417751240294,14:00:17.751,276.1200,2
50417765123933,14:00:17.765,276.1300,2
50421932215815,14:00:21.932,276.1500,1
50421932269294,14:00:21.932,276.1600,1
50421932269294,14:00:21.932,276.1600,1
50421933322381,14:00:21.933,276.1700,1
50423334397704,14:00:23.334,275.9200,15
50423334542515,14:00:23.334,275.8300,15
50427465876141,14:00:27.465,276.1700,1
50465670299698,14:01:05.670,276.1800,1
50465670364133,14:01:05.670,276.1900,1
50465670364133,14:01:05.670,276.2000,1
50465670364133,14:01:05.670,276.2200,1
50465670364133,14:01:05.670,276.2200,1
50465670364133,14:01:05.670,276.2400,1
50465673787901,14:01:05.673,276.2600,1
50466032231035,14:01:06.032,276.2700,1
50466033779301,14:01:06.033,276.2800,1
50466033779301,14:01:06.033,276.2800,1
50466033813110,14:01:06.033,276.2900,1
50466670304892,14:01:06.670,276.3000,1
50471960219763,14:01:11.960,276.2900,4
50471961580761,14:01:11.961,276.2900,4
50471962096834,14:01:11.962,276.2900,4
50537827292483,14:02:17.827,275.9300,1
50537827292483,14:02:17.827,275.9200,99
50537827616550,14:02:17.827,275.9200,1
50537830679432,14:02:17.830,275.9600,50
50537830679432,14:02:17.830,275.9200,50
50537837096186,14:02:17.837,275.9200,2
50539096315724,14:02:19.096,276.2000,8
50539096319333,14:02:19.096,276.2000,8
50539096443964,14:02:19.096,276.2000,8
50547861134078,14:02:27.861,276.0100,5
50609485942185,14:03:29.485,276.4700,100
50610486013961,14:03:30.486,276.7500,1
50610486303592,14:03:30.486,276.7800,4
50610486540252,14:03:30.486,276.7800,5
50611012532534,14:03:31.012,276.6100,10
50611012532534,14:03:31.012,276.6100,2
50722135213826,14:05:22.135,276.7100,1
50722135213826,14:05:22.135,276.7100,9
50722135213826,14:05:22.135,276.7100,70
50722135213826,14:05:22.135,276.7400,10
50722135213826,14:05:22.135,276.7400,21
50722135243968,14:05:22.135,276.7400,79
50722135243968,14:05:22.135,276.7400,1
50722135304805,14:05:22.135,276.7500,20
50736355788402,14:05:36.355,276.7400,80
50879734193999,14:07:59.734,276.7000,100
50879734300558,14:07:59.734,276.6800,79
50879734327059,14:07:59.734,276.6800,21
50879734548957,14:07:59.734,276.7000,34
50879735436087,14:07:59.735,276.7000,48
50983167726084,14:09:43.167,276.7200,100
50983168624069,14:09:43.168,276.7100,100
50983168624069,14:09:43.168,276.7100,1
50988677152733,14:09:48.677,276.8400,20
50992237794319,14:09:52.237,276.9600,30
51060365828487,14:11:00.365,276.9600,100
51060365828487,14:11:00.365,276.9800,1
51060365855097,14:11:00.365,276.9800,99
51060365855097,14:11:00.365,276.9800,1
51060557834500,14:11:00.557,277.1400,11
51061047025504,14:11:01.047,277.0000,12
51061047025504,14:11:01.047,277.0000,100
51061047025504,14:11:01.047,276.9900,88
51224585134960,14:13:44.585,277.4100,92
51224585174278,14:13:44.585,277.4200,100
51224585174278,14:13:44.585,277.4200,1
51226193207146,14:13:46.193,277.5200,100
51227154651568,14:13:47.154,277.3700,100
51227154651568,14:13:47.154,277.3700,100
51227154651568,14:13:47.154,277.3600,14
51227154651568,14:13:47.154,277.3600,86
51258021463768,14:14:18.021,277.7600,10
51258021463768,14:14:18.021,277.7900,2
51258021490921,14:14:18.021,277.7900,9
51258021490921,14:14:18.021,277.7900,1
51400207002979,14:16:40.207,277.8300,2
51400218061038,14:16:40.218,277.8300,1
51400218098409,14:16:40.218,277.8300,1
51400221227259,14:16:40.221,277.8300,1
51400325152197,14:16:40.325,278.0700,1
51429694386626,14:17:09.694,278.0800,55
51429694386626,14:17:09.694,278.0900,45
51429695970392,14:17:09.695,278.0900,55
51429695970392,14:17:09.695,278.1000,45
51429789179865,14:17:09.789,278.1000,31
51429789201677,14:17:09.789,278.1000,21
51430327223648,14:17:10.327,278.0000,31
51430327850309,14:17:10.327,278.0000,20
51461065086105,14:17:41.065,277.8000,1
51461065086105,14:17:41.065,277.8000,100
51461065688410,14:17:41.065,277.7100,51
51461065715396,14:17:41.065,277.7100,49
51461066278157,14:17:41.066,277.6900,74
51461066503468,14:17:41.066,277.6900,26
51461069108729,14:17:41.069,277.6500,100
51482722664211,14:18:02.722,277.8100,2
51609457943047,14:20:09.457,277.9000,20
51635664172197,14:20:35.664,277.7600,100
51635770737018,14:20:35.770,277.5900,100
51636078620603,14:20:36.078,277.7500,1
51654263157954,14:20:54.263,277.8700,10
51663649954585,14:21:03.649,278.0200,10
51739456247279,14:22:19.456,278.0900,2
51739456247279,14:22:19.456,278.1000,98
51739456274561,14:22:19.456,278.1000,2
51739458657923,14:22:19.458,278.1300,100
51772562299183,14:22:52.562,278.0400,100
51803798221774,14:23:23.798,278.0600,5
51803798221774,14:23:23.798,278.2100,95
51803798973135,14:23:23.798,278.2100,5
51803798973135,14:23:23.798,278.2200,95
51874917669389,14:24:34.917,278.0200,100
51874917669389,14:24:34.917,278.0200,1
51874918530017,14:24:34.918,277.9400,56
51874918555471,14:24:34.918,277.9400,4
51874919291264,14:24:34.919,277.9400,5
51874919291264,14:24:34.919,277.9400,23
51874937910024,14:24:34.937,278.0200,100
52042791666231,14:27:22.791,277.7500,100
52042791748672,14:27:22.791,277.7500,1
52175992525087,14:29:35.992,277.6700,100
52176476484391,14:29:36.476,277.9000,26
52204773297983,14:30:04.773,277.7700,100
52204773297983,14:30:04.773,277.7700,100
52204776094821,14:30:04.776,277.7700,100
52204776094821,14:30:04.776,277.7500,78
52283507468940,14:31:23.507,277.9300,14
52312690045254,14:31:52.690,277.7100,100
52312784470871,14:31:52.784,277.8100,14
52392917204198,14:33:12.917,277.9100,60
52392917204198,14:33:12.917,277.9100,41
52392917406369,14:33:12.917,277.9100,40
52392917406369,14:33:12.917,277.9200,61
52392917433386,14:33:12.917,277.9200,39
52392917433386,14:33:12.917,277.9200,1
52394130676366,14:33:14.130,278.0400,9
52400057361669,14:33:20.057,278.0700,7
52424685479601,14:33:44.685,278.1100,1
52429397861840,14:33:49.397,278.1300,10
52470146176952,14:34:30.146,278.0200,8
52532255205693,14:35:32.255,277.9900,100
52532255232371,14:35:32.255,277.9900,100
52532256554857,14:35:32.256,277.9700,14
52534010990508,14:35:34.010,277.8900,19
52535353470191,14:35:35.353,278.0500,1
52564336710052,14:36:04.336,277.7600,16
52564336712831,14:36:04.336,277.7600,50
52564336714070,14:36:04.336,277.7600,34
52641339722234,14:37:21.339,277.7800,1
52642248951856,14:37:22.248,277.9100,8
52667787821001,14:37:47.787,277.9100,90
52667787821001,14:37:47.787,277.9200,10
52667787922679,14:37:47.787,277.9200,100
52667787934226,14:37:47.787,277.9200,1
52736778129117,14:38:56.778,277.7800,13
52777564264770,14:39:37.564,277.7500,100
52779328212180,14:39:39.328,277.6500,16
52779328239535,14:39:39.328,277.6500,24
52823194495581,14:40:23.194,277.7300,3
52834299036788,14:40:34.299,277.7300,1
52840001412100,14:40:40.001,277.7300,1
52850225374551,14:40:50.225,277.9100,1
52850226065026,14:40:50.226,277.7600,22
52850226065026,14:40:50.226,277.6100,78
52895591509159,14:41:35.591,277.6700,94
52945100660775,14:42:25.100,277.9100,22
52956323207240,14:42:36.323,277.9700,1
52996024610399,14:43:16.024,277.7400,100
52996024800920,14:43:16.024,277.7300,47
52996024852545,14:43:16.024,277.7300,52
52996024857978,14:43:16.024,277.7300,1
53028809264928,14:43:48.809,277.8500,20
53034652863199,14:43:54.652,277.9200,20
53034652863199,14:43:54.652,277.9200,80
53034652928934,14:43:54.652,277.9300,100
53186309514486,14:46:26.309,277.9200,15
53186575941016,14:46:26.575,278.0700,11
53186576046999,14:46:26.576,278.0800,1
53186576048593,14:46:26.576,278.1000,1
53186576048593,14:46:26.576,278.1100,1
53186576050669,14:46:26.576,278.1200,1
53186576052216,14:46:26.576,278.1300,1
53186576052216,14:46:26.576,278.1300,1
53189255488643,14:46:29.255,278.1400,1
53189255488643,14:46:29.255,278.1500,1
53189255488643,14:46:29.255,278.1500,1
53189255488643,14:46:29.255,278.1600,1
53189256696178,14:46:29.256,278.1800,1
53189256696178,14:46:29.256,278.1900,1
53189256696178,14:46:29.256,278.1900,1
53189256696178,14:46:29.256,278.2000,1
53189256696178,14:46:29.256,278.2000,1
53189256696178,14:46:29.256,278.2100,1
53189256696178,14:46:29.256,278.2100,1
53189268179345,14:46:29.268,278.2400,1
53189268179345,14:46:29.268,278.2400,1
53189268181027,14:46:29.268,278.1400,1
53189271406445,14:46:29.271,278.2500,1
53189271406445,14:46:29.271,278.2600,1
53189271406445,14:46:29.271,278.2600,1
53189271406445,14:46:29.271,278.2900,2
53189274308296,14:46:29.274,278.3100,1
53189787717754,14:46:29.787,278.2700,5
53190120001672,14:46:30.120,278.3200,1
53190120001672,14:46:30.120,278.3200,1
53190120298464,14:46:30.120,278.3300,1
53240380760803,14:47:20.380,278.3400,1
53240381015118,14:47:20.381,278.3500,1
53240381015118,14:47:20.381,278.3500,4
53240381349968,14:47:20.381,278.3700,1
53240381349968,14:47:20.381,278.3700,1
53240381349968,14:47:20.381,278.3900,2
53240381349968,14:47:20.381,278.4000,1
53240381349968,14:47:20.381,278.4200,1
53240381349968,14:47:20.381,278.4200,95
53240381728047,14:47:20.381,278.4200,5
53240382282042,14:47:20.382,278.4200,2
53240382587407,14:47:20.382,278.4200,3
53240382662231,14:47:20.382,278.4300,3
53240383565341,14:47:20.383,278.4200,5
53240383912256,14:47:20.383,278.4300,17
53240384616850,14:47:20.384,278.4400,1
53240521467261,14:47:20.521,278.4600,2
53240523616587,14:47:20.523,278.4700,1
53240523616587,14:47:20.523,278.4700,1
53240523909825,14:47:20.523,278.4800,2
53240524220712,14:47:20.524,278.4900,1
53240524505782,14:47:20.524,278.5000,1
53241012029078,14:47:21.012,278.3600,100
53241012029078,14:47:21.012,278.3500,100
53241012029078,14:47:21.012,278.3500,100
53241198913013,14:47:21.198,278.3500,1
53320944205855,14:48:40.944,278.3900,100
53320944205855,14:48:40.944,278.4000,100
53325726984094,14:48:45.726,278.4100,100
53325727067124,14:48:45.727,278.4100,10
53358356559349,14:49:18.356,278.5100,1
53358356857324,14:49:18.356,278.5200,1
53358357138322,14:49:18.357,278.5300,1
53358357428500,14:49:18.357,278.5500,1
53358357714191,14:49:18.357,278.5600,1
53358759262419,14:49:18.759,278.5600,25
53451959946421,14:50:51.959,278.2800,100
53451960120246,14:50:51.960,278.2700,75
53451960145337,14:50:51.960,278.2700,125
53511102937220,14:51:51.102,278.3500,1
53535448803685,14:52:15.448,278.5600,1
53535448803685,14:52:15.448,278.5600,1
53535449001067,14:52:15.449,278.5700,1
53535449078119,14:52:15.449,278.5900,1
53535449084391,14:52:15.449,278.6000,1
53535449084391,14:52:15.449,278.6000,17
53535449262150,14:52:15.449,278.6000,5
53535449381429,14:52:15.449,278.6000,2
53535449489132,14:52:15.449,278.6000,32
53535449646411,14:52:15.449,278.6000,33
53535498623130,14:52:15.498,278.6100,2
53535498711491,14:52:15.498,278.6200,1
53535500739968,14:52:15.500,278.6300,2
53535501108808,14:52:15.501,278.6400,1
53535503232827,14:52:15.503,278.6500,1
53536019764807,14:52:16.019,278.5600,100
53542002343844,14:52:22.002,278.6700,1
53542002343844,14:52:22.002,278.6800,1
53542002343844,14:52:22.002,278.7000,1
53542002673648,14:52:22.002,278.7100,1
53542005607778,14:52:22.005,278.7200,1
53542008453803,14:52:22.008,278.7300,1
53542008453803,14:52:22.008,278.7400,1
53542008497162,14:52:22.008,278.7500,1
53542009008755,14:52:22.009,278.7600,1
53542010012095,14:52:22.010,278.7700,1
53542042452179,14:52:22.042,278.7800,1
53542046102970,14:52:22.046,278.7900,1
53542046150710,14:52:22.046,278.8000,2
53542046166480,14:52:22.046,278.8100,1
53542046170594,14:52:22.046,278.8200,1
53556131335907,14:52:36.131,278.8400,1
53560275920092,14:52:40.275,278.6500,15
53566201622772,14:52:46.201,278.8600,1
53571786822397,14:52:51.786,278.8700,1
53571844099669,14:52:51.844,278.8800,2
53571844378569,14:52:51.844,278.8900,1
53571844659638,14:52:51.844,278.9000,1
53571844942212,14:52:51.844,278.9200,1
53572786832334,14:52:52.786,278.9300,1
53574494528856,14:52:54.494,278.9800,1
53583308393753,14:53:03.308,278.9900,1
53584308409231,14:53:04.308,279.0000,1
53588002374087,14:53:08.002,279.0500,1
53599840217814,14:53:19.840,279.0100,1
53614540916913,14:53:34.540,279.0100,1
53614541119624,14:53:34.541,279.0100,1
53614541360313,14:53:34.541,279.0100,1
53625614021673,14:53:45.614,279.0100,1
53625615172336,14:53:45.615,279.0700,1
53625926639760,14:53:45.926,279.1100,1
53625926925407,14:53:45.926,279.1200,1
53625927208726,14:53:45.927,279.1300,1
53625927258062,14:53:45.927,279.1500,100
53672018794303,14:54:32.018,279.1600,1
53672019074703,14:54:32.019,279.1700,2
53672130305484,14:54:32.130,279.1800,1
53672130592016,14:54:32.130,279.2000,1
53672441470424,14:54:32.441,279.2100,1
53672441979632,14:54:32.441,279.2200,5
53674233387552,14:54:34.233,279.2300,1
53686560974734,14:54:46.560,279.2300,2
53706207079371,14:55:06.207,279.2400,2
53706272623195,14:55:06.272,279.2600,1
53706272942615,14:55:06.272,279.2700,1
53706274381921,14:55:06.274,279.2800,1
53707534189745,14:55:07.534,279.2900,1
53707534189745,14:55:07.534,279.2900,11
53707534189745,14:55:07.534,279.2900,2
53707574621121,14:55:07.574,279.3300,1
53738225672725,14:55:38.225,279.1500,100
53738225672725,14:55:38.225,279.1500,100
53738225767406,14:55:38.225,279.1500,100
53738225907188,14:55:38.225,279.1200,9
53738226147905,14:55:38.226,279.1200,71
53738227262690,14:55:38.227,279.1500,5
53738227508760,14:55:38.227,279.1500,100
53738257580122,14:55:38.257,279.0500,100
53738257580122,14:55:38.257,279.0500,100
53738259157010,14:55:38.259,278.9900,100
53783874969400,14:56:23.874,278.7900,79
53783874994240,14:56:23.874,278.7900,21
53783874994240,14:56:23.874,278.7900,2
53917802464112,14:58:37.802,278.6700,13
54123337765704,15:02:03.337,278.8900,5
54130081276116,15:02:10.081,278.7700,100
54130081276116,15:02:10.081,278.7700,100
54132949341242,15:02:12.949,278.6200,100
54132949341242,15:02:12.949,278.6200,100
54132949341242,15:02:12.949,278.6200,2
54132949712760,15:02:12.949,278.5900,100
54132993802996,15:02:12.993,278.4700,100
54134917775305,15:02:14.917,278.6100,20
54134917848607,15:02:14.917,278.6200,100
54134917848607,15:02:14.917,278.6200,10
54134917898036,15:02:14.917,278.6200,100
54142544830850,15:02:22.544,278.8600,1
54143363474585,15:02:23.363,278.6300,100
54143363474585,15:02:23.363,278.6100,100
54227729364930,15:03:47.729,278.6100,13
54227729390777,15:03:47.729,278.6100,87
54227729390777,15:03:47.729,278.6100,1
54227729390777,15:03:47.729,278.6100,25
54270657289374,15:04:30.657,278.3600,4
54291434715186,15:04:51.434,278.3000,4
54291434715186,15:04:51.434,278.2800,7
54307873811357,15:05:07.873,278.2800,93
54307873811357,15:05:07.873,278.2800,14
54320270250894,15:05:20.270,278.3600,100
54352679451341,15:05:52.679,278.2700,37
54352679452648,15:05:52.679,278.2700,50
54352679463251,15:05:52.679,278.2700,13
54352679871805,15:05:52.679,278.2500,3
54354721499978,15:05:54.721,278.1400,100
54374127268435,15:06:14.127,278.1200,13
54493322160712,15:08:13.322,278.0700,78
54548329357110,15:09:08.329,278.0600,13
54548329357110,15:09:08.329,278.0600,87
54548329394604,15:09:08.329,278.0600,13
54548329981955,15:09:08.329,278.0500,100
54548336233001,15:09:08.336,277.9900,2
54548336257117,15:09:08.336,277.9900,98
54555968977760,15:09:15.968,277.9200,4
54555968977760,15:09:15.968,277.9200,21
54599343087204,15:09:59.343,277.7700,100
54599345208925,15:09:59.345,277.7700,100
54599394760409,15:09:59.394,277.6500,58
54599455495826,15:09:59.455,277.8300,100
54605104572172,15:10:05.104,277.6300,100
54611025736440,15:10:11.025,277.6300,5
54634771577615,15:10:34.771,277.7400,1
54634771900683,15:10:34.771,277.7500,1
54638717363374,15:10:38.717,277.5800,100
54645795556428,15:10:45.795,277.5600,37
54645795583266,15:10:45.795,277.5600,63
54730090475795,15:12:10.090,277.5400,7
54730267606385,15:12:10.267,277.4800,13
54735269390621,15:12:15.269,277.3200,76
54852320086186,15:14:12.320,277.6000,9
54919383921758,15:15:19.383,277.4600,2
54990081923470,15:16:30.081,277.4600,98
54990081923470,15:16:30.081,277.4600,100
54990081923470,15:16:30.081,277.4600,6
54990082154615,15:16:30.082,277.4500,8
54990082233802,15:16:30.082,277.4500,92
54990082233802,15:16:30.082,277.4500,25
54990082234576,15:16:30.082,277.4500,24
54990082381272,15:16:30.082,277.4500,51
54990083164998,15:16:30.083,277.4000,16
54990083616892,15:16:30.083,277.4000,84
54993715675255,15:16:33.715,277.3100,100
55018264909844,15:16:58.264,277.3800,100
55018264909844,15:16:58.264,277.3800,14
55018264909844,15:16:58.264,277.3800,13
55020346762128,15:17:00.346,277.3600,100
55021878057157,15:17:01.878,277.3700,100
55024831931806,15:17:04.831,277.5600,1
55024832525108,15:17:04.832,277.5700,1
55045612487688,15:17:25.612,277.4500,151
55046713118292,15:17:26.713,277.3300,100
55060306948778,15:17:40.306,277.3200,100
55060306979069,15:17:40.306,277.3100,100
55129091087875,15:18:49.091,277.4100,1
55172762197888,15:19:32.762,277.3200,17
55191423151440,15:19:51.423,277.2100,100
55193716254529,15:19:53.716,277.2100,100
55202685171104,15:20:02.685,277.4300,2
55202685186221,15:20:02.685,277.4300,98
55202720081125,15:20:02.720,277.4900,1
55202720363286,15:20:02.720,277.5000,1
55203531505120,15:20:03.531,277.4200,3
55203532981458,15:20:03.532,277.3900,30
55203533061395,15:20:03.533,277.4200,30
55203533095766,15:20:03.533,277.4200,10
55203533142137,15:20:03.533,277.4200,10
55203535283344,15:20:03.535,277.4900,15
55203535373893,15:20:03.535,277.4400,30
55203537131106,15:20:03.537,277.4300,100
55237533759657,15:20:37.533,277.4400,1
55237533942191,15:20:37.533,277.4400,4
55237572842393,15:20:37.572,277.5700,1
55237622305557,15:20:37.622,277.6000,1
55237623856233,15:20:37.623,277.6200,1
55237772215482,15:20:37.772,277.6500,1
55237772822161,15:20:37.772,277.6700,100
55238309276064,15:20:38.309,277.6900,100
55240013340415,15:20:40.013,277.7000,63
55240013369423,15:20:40.013,277.7000,37
55244264923854,15:20:44.264,277.7200,1
55244265209209,15:20:44.265,277.7300,1
55244265488994,15:20:44.265,277.7500,1
55292389260371,15:21:32.389,277.6200,1
55292389288943,15:21:32.389,277.6200,99
55292389288943,15:21:32.389,277.6200,100
55292389318530,15:21:32.389,277.6200,31
55292389329141,15:21:32.389,277.6200,58
55292389487052,15:21:32.389,277.6200,11
55292389519700,15:21:32.389,277.6100,51
55292389699022,15:21:32.389,277.6100,49
55292390639150,15:21:32.390,277.6200,5
55292390896576,15:21:32.390,277.6200,100
55293246199381,15:21:33.246,277.5600,100
55333269822211,15:22:13.269,277.5400,100
55335277492007,15:22:15.277,277.5300,4
55335294307336,15:22:15.294,277.5200,6
55335294331483,15:22:15.294,277.5200,94
55336716183093,15:22:16.716,277.4700,100
55380959446017,15:23:00.959,277.4600,98
55380959472540,15:23:00.959,277.4600,2
55380959612728,15:23:00.959,277.4500,100
55382974982372,15:23:02.974,277.3900,100
55382975049326,15:23:02.975,277.3800,100
55387928184364,15:23:07.928,277.5100,50
55460096508511,15:24:20.096,277.1900,4
55490542539107,15:24:50.542,277.1800,100
55519835677997,15:25:19.835,277.3600,1
55534995925138,15:25:34.995,277.1800,3
55534995925138,15:25:34.995,277.1700,45
55534996133112,15:25:34.996,277.1700,55
55534996133112,15:25:34.996,277.1700,100
55536214507486,15:25:36.214,277.1200,4
55537716658698,15:25:37.716,277.0700,90
55579739346734,15:26:19.739,277.0800,5
55623948286157,15:27:03.948,277.1300,100
55623956706519,15:27:03.956,277.1200,4
55673125260732,15:27:53.125,277.2400,48
55673125662696,15:27:53.125,277.2400,52
55673125662696,15:27:53.125,277.2400,12
55673125662696,15:27:53.125,277.2400,86
55673125662696,15:27:53.125,277.2400,48
55673134666114,15:27:53.134,277.3100,100
55673135035010,15:27:53.135,277.3200,48
55673135244847,15:27:53.135,277.3100,100
55673138029326,15:27:53.138,277.2400,96
55673247860512,15:27:53.247,277.3200,52
55673247860512,15:27:53.247,277.3200,48
55673247928450,15:27:53.247,277.3200,52
55673247930210,15:27:53.247,277.3200,40
55673248094460,15:27:53.248,277.3700,13
55673248099029,15:27:53.248,277.3800,2
55673248099653,15:27:53.248,277.3800,2
55673248697167,15:27:53.248,277.3900,1
55674716267301,15:27:54.716,277.3000,100
55677304227661,15:27:57.304,277.4000,1
55677304227661,15:27:57.304,277.4000,100
55696817636939,15:28:16.817,277.4400,1
55696846104196,15:28:16.846,277.4600,1
55696846390855,15:28:16.846,277.4700,1
55696846675235,15:28:16.846,277.4800,1
55696846955235,15:28:16.846,277.4900,1
55696847228575,15:28:16.847,277.5000,1
55696847520052,15:28:16.847,277.5100,1
55716825614797,15:28:36.825,277.5300,1
55716825940814,15:28:36.825,277.5500,1
55716826244835,15:28:36.826,277.5700,1
55716826542647,15:28:36.826,277.5800,1
55716826826599,15:28:36.826,277.5900,1
55719287856746,15:28:39.287,277.6000,1
55719287856746,15:28:39.287,277.6000,2
55719287856746,15:28:39.287,277.6000,22
55719287889973,15:28:39.287,277.6000,78
55719288003161,15:28:39.288,277.6200,1
55741277858475,15:29:01.277,277.5500,10
55741278144067,15:29:01.278,277.5400,100
55741279540664,15:29:01.279,277.5400,100
55757469193311,15:29:17.469,277.4200,5
55757469399746,15:29:17.469,277.4100,2
55757469798787,15:29:17.469,277.4100,24
55757499586423,15:29:17.499,277.4100,74
55802554315694,15:30:02.554,277.2300,100
55803215890427,15:30:03.215,277.2300,2
55840178041695,15:30:40.178,277.2900,12
55845276568927,15:30:45.276,277.3000,22
55845276627134,15:30:45.276,277.3000,70
55889282951254,15:31:29.282,277.5100,1
55889283239505,15:31:29.283,277.5500,1
55889283519362,15:31:29.283,277.5600,1
55889310169953,15:31:29.310,277.4500,21
55925037336556,15:32:05.037,277.4100,1
55925716985266,15:32:05.716,277.4000,32
55925716985266,15:32:05.716,277.4000,38
55925717014056,15:32:05.717,277.4000,62
55925717014056,15:32:05.717,277.4000,100
55925717044243,15:32:05.717,277.3900,100
55925717044243,15:32:05.717,277.3900,100
55954122560926,15:32:34.122,277.2800,100
56031043368433,15:33:51.043,277.2200,100
56061942808127,15:34:21.942,277.1300,100
56061942808127,15:34:21.942,277.1300,5
56100025812835,15:35:00.025,277.1800,100
56100025812835,15:35:00.025,277.1800,27
56100025846320,15:35:00.025,277.1800,14
56100025846320,15:35:00.025,277.1800,29
56100026475173,15:35:00.026,277.2000,100
56100027264015,15:35:00.027,277.1700,10
56100028374748,15:35:00.028,277.2000,10
56100028374748,15:35:00.028,277.2100,7
56100776555411,15:35:00.776,277.1500,100
56113194901550,15:35:13.194,277.2100,50
56113194913269,15:35:13.194,277.2100,43
56113194913269,15:35:13.194,277.2100,57
56113194945762,15:35:13.194,277.2100,43
56113194945762,15:35:13.194,277.2100,100
56113194961402,15:35:13.194,277.2100,90
56113197056151,15:35:13.197,277.2400,10
56113352690267,15:35:13.352,277.4200,1
56114811994620,15:35:14.811,277.3000,100
56154714893923,15:35:54.714,277.3100,100
56154714924472,15:35:54.714,277.3100,100
56154714924472,15:35:54.714,277.3100,100
56154714924472,15:35:54.714,277.3100,1
56160882663100,15:36:00.882,277.1900,4
56173358044006,15:36:13.358,277.1800,71
56173358069326,15:36:13.358,277.1800,29
56173358069326,15:36:13.358,277.1800,7
56173358069326,15:36:13.358,277.1800,30
56173358126794,15:36:13.358,277.1700,1
56173358175057,15:36:13.358,277.1700,10
56173358305959,15:36:13.358,277.1700,1
56173358858659,15:36:13.358,277.1100,4
56173359188539,15:36:13.359,277.0800,1
56175390476156,15:36:15.390,277.1600,53
56186936450465,15:36:26.936,277.2300,51
56217221229848,15:36:57.221,277.3400,1
56217250846397,15:36:57.250,277.3700,1
56217251131025,15:36:57.251,277.4000,1
56217251226861,15:36:57.251,277.3000,23
56226848018234,15:37:06.848,277.2600,100
56230715549742,15:37:10.715,277.2300,100
56256890322151,15:37:36.890,277.3500,43
56287933281712,15:38:07.933,277.3600,3
56299997105084,15:38:19.997,277.3000,3
56323483673005,15:38:43.483,277.4400,1
56323483673005,15:38:43.483,277.4400,13
56323483673763,15:38:43.483,277.4500,1
56323483674612,15:38:43.483,277.4800,1
56323483674612,15:38:43.483,277.5000,1
56323516430903,15:38:43.516,277.4900,100
56361459905912,15:39:21.459,277.4200,100
56361459909808,15:39:21.459,277.4200,100
56362715569599,15:39:22.715,277.3800,100
56442893454490,15:40:42.893,277.4700,9
56461255471265,15:41:01.255,277.4300,5
56464789272558,15:41:04.789,277.4000,50
56464789510179,15:41:04.789,277.4000,50
56482624380113,15:41:22.624,277.3200,100
56482624773920,15:41:22.624,277.3100,100
56483057592572,15:41:23.057,277.2300,100
56492446192387,15:41:32.446,277.2200,100
56550224023200,15:42:30.224,277.1300,1
56550224503180,15:42:30.224,277.1300,99
56550224503180,15:42:30.224,277.1300,1
56550300013648,15:42:30.300,277.0900,100
56550300511212,15:42:30.300,277.1300,30
56552719603295,15:42:32.719,277.1000,100
56552719659627,15:42:32.719,277.1000,50
56556294586227,15:42:36.294,277.1500,100
56556294586227,15:42:36.294,277.1600,200
56556294689864,15:42:36.294,277.1600,100
56556294689864,15:42:36.294,277.1600,100
56556294689864,15:42:36.294,277.1600,6
56556295386849,15:42:36.295,277.1700,100
56556296224170,15:42:36.296,277.1900,3
56556298163340,15:42:36.298,277.1900,97
56556298163340,15:42:36.298,277.1900,3
56556298190336,15:42:36.298,277.1900,97
56556685021944,15:42:36.685,277.1900,100
56556685048164,15:42:36.685,277.1900,100
56557717302072,15:42:37.717,277.1500,200
56557717302072,15:42:37.717,277.1500,100
56562720455345,15:42:42.720,277.1500,100
56584949519904,15:43:04.949,277.1300,100
56596125636455,15:43:16.125,277.1200,14
56596125636455,15:43:16.125,277.1200,100
56596125636455,15:43:16.125,277.1000,100
56596125636455,15:43:16.125,277.1000,4
56598529615699,15:43:18.529,277.0400,1
56610821071507,15:43:30.821,277.0400,99
56610821071507,15:43:30.821,277.0100,4
56610821071507,15:43:30.821,277.0000,35
56610821071507,15:43:30.821,277.0000,100
56610821637600,15:43:30.821,276.9900,100
56612718913336,15:43:32.718,276.9300,100
56613491314944,15:43:33.491,277.0100,100
56613491314944,15:43:33.491,277.0200,16
56613491314944,15:43:33.491,277.0200,400
56647308027506,15:44:07.308,276.9500,100
56651528326473,15:44:11.528,276.9500,100
56651528326473,15:44:11.528,276.9500,17
56651529006686,15:44:11.529,276.9400,4
56651530037502,15:44:11.530,276.9400,4
56651555015649,15:44:11.555,276.9400,28
56652218723595,15:44:12.218,276.9300,4
56701711705103,15:45:01.711,277.0000,11
56701711705103,15:45:01.711,277.0000,100
56701711705103,15:45:01.711,277.0000,10
56701711705103,15:45:01.711,277.0000,100
56701876680318,15:45:01.876,277.0200,100
56701876737263,15:45:01.876,277.0200,100
56701902712629,15:45:01.902,276.9500,30
56701903598556,15:45:01.903,276.9900,26
56701903598556,15:45:01.903,276.9900,50
56701903598556,15:45:01.903,276.9900,16
56701903630636,15:45:01.903,276.9900,8
56701903956313,15:45:01.903,277.0100,30
56701929362735,15:45:01.929,277.0100,16
56701929687931,15:45:01.929,277.0100,19
56702214556642,15:45:02.214,277.0300,100
56702214556642,15:45:02.214,277.0300,100
56702214945073,15:45:02.214,277.0400,50
56702215139628,15:45:02.215,277.0400,50
56702215630350,15:45:02.215,277.0400,99
56702215708764,15:45:02.215,277.0400,50
56702215861703,15:45:02.215,277.0400,2
56702215936493,15:45:02.215,277.0400,100
56702220199202,15:45:02.220,277.0200,11
56703288224130,15:45:03.288,277.0700,100
56703289957108,15:45:03.289,277.0800,100
56703290264646,15:45:03.290,277.0800,12
56703290352279,15:45:03.290,277.0800,288
56703290352279,15:45:03.290,277.0800,60
56703713363083,15:45:03.713,277.0200,100
56703713396458,15:45:03.713,277.0200,100
56703713396458,15:45:03.713,277.0200,14
56703713396458,15:45:03.713,277.0200,67
56703713963965,15:45:03.713,277.0200,33
56703714025315,15:45:03.714,276.9900,27
56703744335705,15:45:03.744,276.9900,73
56705026355403,15:45:05.026,277.0600,25
56708717928642,15:45:08.717,276.9800,100
56712806011875,15:45:12.806,276.9800,14
56713717057523,15:45:13.717,276.9400,4
56725019944684,15:45:25.019,276.9500,50
56725020043796,15:45:25.020,276.9500,50
56733050803400,15:45:33.050,277.0200,25
56733050832602,15:45:33.050,277.0200,252
56737287608721,15:45:37.287,277.0200,50
56737416798922,15:45:37.416,277.0200,73
56737416829171,15:45:37.416,277.0300,200
56737416829171,15:45:37.416,277.0300,100
56745409597198,15:45:45.409,277.0300,1
56749964203648,15:45:49.964,277.0200,50
56755790799589,15:45:55.790,277.0300,199
56755790799589,15:45:55.790,277.0300,1
56755790858272,15:45:55.790,277.0300,9
56755810413453,15:45:55.810,277.0400,200
56755810413453,15:45:55.810,277.0400,10
56755825204472,15:45:55.825,277.0500,110
56755825228427,15:45:55.825,277.0500,90
56755837300301,15:45:55.837,277.0500,20
56755854192940,15:45:55.854,277.0500,5
56755884447611,15:45:55.884,277.0500,3
56756945648936,15:45:56.945,277.0700,100
56766645239235,15:46:06.645,277.0100,100
56766645239235,15:46:06.645,277.0100,25
56766645239235,15:46:06.645,277.0000,100
56766645271272,15:46:06.645,276.9900,14
56766645504392,15:46:06.645,276.9800,14
56778154453178,15:46:18.154,276.9500,4
56778154453178,15:46:18.154,276.9500,100
56782716691420,15:46:22.716,276.9300,100
56782716921109,15:46:22.716,276.9300,100
56782716921839,15:46:22.716,276.9000,36
56823796417340,15:47:03.796,276.9600,5
56834290129413,15:47:14.290,276.9300,14
56962627192859,15:49:22.627,276.9800,6
56962634391933,15:49:22.634,276.9900,13
56962634391933,15:49:22.634,276.9900,24
57000214455535,15:50:00.214,276.9200,24
57000214455535,15:50:00.214,276.9200,100
57000214455535,15:50:00.214,276.9200,100
57000223436129,15:50:00.223,276.8900,100
57001384484650,15:50:01.384,276.8900,15
57001415222189,15:50:01.415,276.8800,100
57004937918653,15:50:04.937,276.8700,100
57004937918653,15:50:04.937,276.8700,97
57004938036032,15:50:04.938,276.8700,3
57004938036032,15:50:04.938,276.8700,97
57004938510425,15:50:04.938,276.8700,3
57004938510425,15:50:04.938,276.8700,28
57010536682734,15:50:10.536,276.8700,100
57010537603288,15:50:10.537,276.8600,39
57010537635479,15:50:10.537,276.8600,11
57010537662797,15:50:10.537,276.8600,1
57010566754524,15:50:10.566,276.8600,24
57010566782620,15:50:10.566,276.8600,2
57010675262682,15:50:10.675,276.8600,23
57010675262682,15:50:10.675,276.8600,4
57014435291225,15:50:14.435,276.8800,11
57014435922135,15:50:14.435,276.8900,100
57014437572442,15:50:14.437,276.8900,100
57029285499448,15:50:29.285,276.9400,100
57096374627910,15:51:36.374,276.9600,100
57096376195002,15:51:36.376,276.9600,12
57096669794026,15:51:36.669,276.9200,100
57097315310557,15:51:37.315,276.9100,100
57117236190316,15:51:57.236,276.9000,100
57117236190316,15:51:57.236,276.9000,100
57117236190316,15:51:57.236,276.9000,100
57117236272945,15:51:57.236,276.9000,100
57119326358609,15:51:59.326,276.8900,46
57119326524009,15:51:59.326,276.8900,54
57119917573257,15:51:59.917,277.0000,10
57121254432551,15:52:01.254,276.9900,100
57125715357903,15:52:05.715,276.9800,100
57125723929124,15:52:05.723,276.9800,100
57130716198260,15:52:10.716,276.9800,100
57135496259214,15:52:15.496,276.9800,100
57135496352991,15:52:15.496,276.9800,100
57161359092083,15:52:41.359,276.9200,100
57161359172825,15:52:41.359,276.9200,100
57161359407675,15:52:41.359,276.9200,100
57175714524809,15:52:55.714,276.8400,100
57205186482039,15:53:25.186,276.8300,8
57226106830925,15:53:46.106,276.8400,100
57226243384440,15:53:46.243,276.8300,100
57226244490836,15:53:46.244,276.8200,100
57226714472154,15:53:46.714,276.7900,100
57247509768783,15:54:07.509,276.8900,22
57247509794422,15:54:07.509,276.8900,32
57247510187828,15:54:07.510,276.8350,100
57247510196923,15:54:07.510,276.8900,54
57248714600206,15:54:08.714,276.8500,100
57250424780223,15:54:10.424,276.8500,100
57292591797971,15:54:52.591,276.7800,100
57292591797971,15:54:52.591,276.7800,100
57292592226122,15:54:52.592,276.7700,27
57292592396280,15:54:52.592,276.7700,73
57292592396280,15:54:52.592,276.7700,20
57292592717104,15:54:52.592,276.7600,100
57292592717104,15:54:52.592,276.7500,100
57292716370784,15:54:52.716,276.6800,100
57294773301590,15:54:54.773,276.6700,100
57300237648996,15:55:00.237,276.8200,10
57300237648996,15:55:00.237,276.8200,78
57300237650927,15:55:00.237,276.8200,22
57310135968451,15:55:10.135,276.8600,5
57310135968451,15:55:10.135,276.9000,4
57310136701064,15:55:10.136,276.9000,5
57310136701064,15:55:10.136,276.9100,4
57310145596120,15:55:10.145,276.9100,5
57319525565107,15:55:19.525,276.8800,2
57322106413855,15:55:22.106,276.8700,1
57322106413855,15:55:22.106,276.8700,6
57322106413855,15:55:22.106,276.8700,69
57338805202725,15:55:38.805,276.8000,10
57345092898821,15:55:45.092,276.8800,100
57345093306465,15:55:45.093,276.9300,9
57345177734523,15:55:45.177,276.8600,50
57359186023559,15:55:59.186,276.8500,10
57359186059919,15:55:59.186,276.8500,40
57363684488928,15:56:03.684,276.8500,74
57363684488928,15:56:03.684,276.8500,26
57363684582241,15:56:03.684,276.8500,74
57363684582241,15:56:03.684,276.8500,26
57363684689698,15:56:03.684,276.8500,19
57363684753050,15:56:03.684,276.8500,2
57363688454770,15:56:03.688,276.8300,4
57365327974401,15:56:05.327,276.7200,4
57365718179957,15:56:05.718,276.7500,15
57369641983272,15:56:09.641,276.7900,8
57369651728966,15:56:09.651,276.7700,10
57411338708209,15:56:51.338,276.7500,10
57416601525629,15:56:56.601,276.8000,100
57420078966863,15:57:00.078,276.7500,90
57420078966863,15:57:00.078,276.7500,10
57420079362392,15:57:00.079,276.7500,90
57420079906382,15:57:00.079,276.7000,1
57420083041158,15:57:00.083,276.7000,3
57422444442464,15:57:02.444,276.7500,100
57451010495747,15:57:31.010,276.8200,1
57457788504375,15:57:37.788,276.8200,8
57457788504375,15:57:37.788,276.8200,1
57457788504375,15:57:37.788,276.8200,5
57457793312412,15:57:37.793,276.8050,100
57471306590111,15:57:51.306,276.8100,100
57483769647291,15:58:03.769,276.7350,100
57489791979514,15:58:09.791,276.7700,2
57489791987597,15:58:09.791,276.7700,46
57489793748159,15:58:09.793,276.7700,2
57489793748159,15:58:09.793,276.7700,21
57489793748159,15:58:09.793,276.7700,6
57507359294811,15:58:27.359,276.7100,100
57507360194965,15:58:27.360,276.7500,30
57507411188007,15:58:27.411,276.7600,181
57507411213807,15:58:27.411,276.7600,19
57521996299733,15:58:41.996,276.7500,5
57537015280497,15:58:57.015,276.7700,9
57537015560044,15:58:57.015,276.7500,29
57545811519563,15:59:05.811,276.7200,45
57546916303882,15:59:06.916,276.7100,1
57546916401217,15:59:06.916,276.7100,300
57546916424231,15:59:06.916,276.7200,15
57546917154279,15:59:06.917,276.7000,60
57551018277661,15:59:11.018,276.7400,4
57551018825036,15:59:11.018,276.7500,48
57556416321850,15:59:16.416,276.6900,36
57560272820158,15:59:20.272,276.6700,100
57573748546479,15:59:33.748,276.5600,60
57575004171253,15:59:35.004,276.5200,2
57575004275501,15:59:35.004,276.5200,100
57575004591445,15:59:35.004,276.5200,100
57575020277419,15:59:35.020,276.5200,31
57580285166653,15:59:40.285,276.5700,7
57586000821549,15:59:46.000,276.5400,50
57586000878578,15:59:46.000,276.5500,50
57589412190574,15:59:49.412,276.5000,7
57590045894708,15:59:50.045,276.5400,50
57590154426916,15:59:50.154,276.5900,10
57594797411774,15:59:54.797,276.5900,44
57594797411774,15:59:54.797,276.6200,6
57594797438670,15:59:54.797,276.6200,44
57595050178242,15:59:55.050,276.7500,2
57595724621132,15:59:55.724,276.6600,42
57595724621132,15:59:55.724,276.6700,66
57595724646699,15:59:55.724,276.6700,13
57596704791760,15:59:56.704,276.6700,29
57597868356688,15:59:57.868,276.7500,17
57597868725271,15:59:57.868,276.7500,54
57600335645867,16:00:00.335,0.0000,0
