timestamp,time,price,volume
34199428973113,09:29:59.428,20.5800,100
34200579852520,09:30:00.579,20.5800,2256
34201686705085,09:30:01.686,20.7800,100
34202749624715,09:30:02.749,20.7800,100
34205901201956,09:30:05.901,20.7800,40
34205901222915,09:30:05.901,20.7800,100
34205901261280,09:30:05.901,20.7800,40
34205901497736,09:30:05.901,20.7800,40
34205901570478,09:30:05.901,20.7800,40
34205901634855,09:30:05.901,20.7800,40
34205901689757,09:30:05.901,20.7800,40
34205901766315,09:30:05.901,20.7800,20
34205901785702,09:30:05.901,20.7800,20
34205901812415,09:30:05.901,20.7800,20
34205948629870,09:30:05.948,20.7000,100
34240003626721,09:30:40.003,20.6000,100
34240003653451,09:30:40.003,20.6000,100
34279840773952,09:31:19.840,20.5900,10
34918522084933,09:41:58.522,20.5400,53
35129118954622,09:45:29.118,20.4900,1
35200585937249,09:46:40.585,20.4600,100
35200585937249,09:46:40.585,20.4600,100
35200586355261,09:46:40.586,20.4400,42
35200586417561,09:46:40.586,20.4400,158
35200586508605,09:46:40.586,20.3900,22
35200586508605,09:46:40.586,20.3900,70
35208004734668,09:46:48.004,20.4400,100
35433870645077,09:50:33.870,20.3700,1
36076187871896,10:01:16.187,20.3900,100
36076187871896,10:01:16.187,20.4000,100
36076187957421,10:01:16.187,20.4000,42
36076195277499,10:01:16.195,20.4200,100
36130338490233,10:02:10.338,20.4800,74
36130338518460,10:02:10.338,20.4800,26
36130338518460,10:02:10.338,20.4800,20
36301180484136,10:05:01.180,20.4500,40
36301180624919,10:05:01.180,20.4400,100
36301180624919,10:05:01.180,20.4400,153
36301180652492,10:05:01.180,20.4400,47
36301180652492,10:05:01.180,20.4400,100
36301180652492,10:05:01.180,20.4400,21
36301180652492,10:05:01.180,20.4400,100
36696669850866,10:11:36.669,20.4500,8
36696670004287,10:11:36.670,20.4600,2
36696670076575,10:11:36.670,20.4600,8
36696670102860,10:11:36.670,20.4600,90
36806947590379,10:13:26.947,20.5000,200
36909992290773,10:15:09.992,20.4900,200
36909993372458,10:15:09.993,20.5000,200
36909993404608,10:15:09.993,20.5000,200
36909993488872,10:15:09.993,20.5000,200
36909993581668,10:15:09.993,20.5000,200
36909993772838,10:15:09.993,20.5000,100
36909993958583,10:15:09.993,20.4800,100
36909993961375,10:15:09.993,20.5000,100
36910000637136,10:15:10.000,20.4900,100
36918017066713,10:15:18.017,20.4800,100
36920388667657,10:15:20.388,20.4800,100
36932135716187,10:15:32.135,20.4800,100
36934529965932,10:15:34.529,20.4800,100
36934530109859,10:15:34.530,20.4600,100
36934530109859,10:15:34.530,20.4600,60
36934530109859,10:15:34.530,20.4600,300
36934530359378,10:15:34.530,20.4500,100
36934530626579,10:15:34.530,20.4500,40
36934533548457,10:15:34.533,20.4500,100
36934536250048,10:15:34.536,20.4500,59
36934536276384,10:15:34.536,20.4500,21
37022165572819,10:17:02.165,20.4500,100
37022165572819,10:17:02.165,20.4500,18
37022165683733,10:17:02.165,20.4500,37
37022165939075,10:17:02.165,20.4500,45
37022165939075,10:17:02.165,20.4500,55
37045475964277,10:17:25.475,20.4500,45
37115984474068,10:18:35.984,20.4000,14
37115984498397,10:18:35.984,20.4000,86
37117918604599,10:18:37.918,20.3900,154
37323966871074,10:22:03.966,20.4800,100
37323967224985,10:22:03.967,20.4800,100
37323967305842,10:22:03.967,20.4800,100
37323967328920,10:22:03.967,20.4800,100
37324020859864,10:22:04.020,20.4800,100
37415886648009,10:23:35.886,20.4700,100
37466206047190,10:24:26.206,20.4500,100
37466206047190,10:24:26.206,20.4500,93
37466206048889,10:24:26.206,20.4500,7
37466206048889,10:24:26.206,20.4500,100
37466206397055,10:24:26.206,20.4500,18
37833313507025,10:30:33.313,20.4700,400
37833313575764,10:30:33.313,20.4700,1
37833313575764,10:30:33.313,20.4700,6
37958559218898,10:32:38.559,20.4500,100
37958559547916,10:32:38.559,20.4500,2
37958559779339,10:32:38.559,20.4500,100
37958559868827,10:32:38.559,20.4500,24
37958559892506,10:32:38.559,20.4500,1
37958559917233,10:32:38.559,20.4500,75
37958559917233,10:32:38.559,20.4500,1
37958560892676,10:32:38.560,20.4500,97
37958560892676,10:32:38.560,20.4400,3
37958560920477,10:32:38.560,20.4400,97
37958561544680,10:32:38.561,20.4300,100
37958761100666,10:32:38.761,20.4200,100
38059657568627,10:34:19.657,20.4200,100
38059657568627,10:34:19.657,20.4200,100
38059696470111,10:34:19.696,20.4200,100
38289067374398,10:38:09.067,20.4100,3
38289067374398,10:38:09.067,20.4100,100
38289069228053,10:38:09.069,20.4300,100
38289069228053,10:38:09.069,20.4300,100
38289069228053,10:38:09.069,20.4300,1
38469984604584,10:41:09.984,20.4700,100
38779024273989,10:46:19.024,20.4750,100
38779024273989,10:46:19.024,20.4500,100
38779024273989,10:46:19.024,20.4500,151
38779024351438,10:46:19.024,20.4500,49
38779024351438,10:46:19.024,20.4500,98
38779024354811,10:46:19.024,20.4500,2
38779024354811,10:46:19.024,20.4500,98
38779024378496,10:46:19.024,20.4500,2
38779024378496,10:46:19.024,20.4500,100
39382222300042,10:56:22.222,20.4000,50
39382222300042,10:56:22.222,20.4000,100
39382222785100,10:56:22.222,20.4000,100
39619321746504,11:00:19.321,20.5000,200
39619321746504,11:00:19.321,20.5000,100
39619321746504,11:00:19.321,20.5000,1100
39621012868067,11:00:21.012,20.4800,200
39621012868067,11:00:21.012,20.4800,100
39621012952042,11:00:21.012,20.4900,100
39621012957150,11:00:21.012,20.4700,100
39622143940294,11:00:22.143,20.4900,100
39622145020400,11:00:22.145,20.5100,100
39622145045492,11:00:22.145,20.5100,400
39622145396712,11:00:22.145,20.5200,100
39622145710290,11:00:22.145,20.5100,20
39622145710290,11:00:22.145,20.5100,80
39622145761923,11:00:22.145,20.5100,20
39622497413473,11:00:22.497,20.5100,40
39622497979426,11:00:22.497,20.5100,40
39622498011759,11:00:22.498,20.5100,23
39622498398135,11:00:22.498,20.5100,77
39622498500040,11:00:22.498,20.5100,63
39622498583051,11:00:22.498,20.5000,100
39622498583051,11:00:22.498,20.5000,100
39623499974286,11:00:23.499,20.4800,200
39623499974286,11:00:23.499,20.4800,100
39627009974126,11:00:27.009,20.4500,100
39663490585108,11:01:03.490,20.4800,29
39663490585108,11:01:03.490,20.4800,1
39711033824232,11:01:51.033,20.4900,100
39782011658462,11:03:02.011,20.4750,100
39782011658462,11:03:02.011,20.4500,100
39782011748941,11:03:02.011,20.4500,48
39782011773250,11:03:02.011,20.4500,52
39782011773250,11:03:02.011,20.4500,48
39789995414372,11:03:09.995,20.4750,100
39835936876185,11:03:55.936,20.4900,100
39836802418368,11:03:56.802,20.5000,29
39836802418368,11:03:56.802,20.5000,71
39871083198460,11:04:31.083,20.5000,100
39871085047213,11:04:31.085,20.5000,29
39995932718323,11:06:35.932,20.5100,71
40170421830406,11:09:30.421,20.5000,20
40170422360238,11:09:30.422,20.4900,100
40189564122274,11:09:49.564,20.5500,100
40222345583978,11:10:22.345,20.5500,29
40222345583978,11:10:22.345,20.5600,71
40222345611997,11:10:22.345,20.5600,159
40222345620687,11:10:22.345,20.5600,270
40222345620687,11:10:22.345,20.5600,100
40540956614582,11:15:40.956,20.5500,5
40540960210473,11:15:40.960,20.5700,100
40543963444058,11:15:43.963,20.5800,200
40543963444058,11:15:43.963,20.5800,100
40543963444058,11:15:43.963,20.5800,100
40545876854310,11:15:45.876,20.5900,200
40546009201471,11:15:46.009,20.5800,95
40546009433122,11:15:46.009,20.5800,5
40616103897989,11:16:56.103,20.6000,500
40616103897989,11:16:56.103,20.6000,100
40867651214470,11:21:07.651,20.6300,100
40876333799671,11:21:16.333,20.6000,1
41190496359682,11:26:30.496,20.6400,100
41330657441875,11:28:50.657,20.6000,200
41330657441875,11:28:50.657,20.6000,100
41394814242899,11:29:54.814,20.5900,1
41491882768748,11:31:31.882,20.6200,100
41609416350435,11:33:29.416,20.6400,100
41639277119076,11:33:59.277,20.6700,100
42104543557219,11:41:44.543,20.6200,16
42104543557219,11:41:44.543,20.6200,12
42118080549479,11:41:58.080,20.6000,100
42118080549479,11:41:58.080,20.6000,100
42118080549479,11:41:58.080,20.6000,100
42118080549479,11:41:58.080,20.6000,100
42118080549479,11:41:58.080,20.6000,100
42169490256791,11:42:49.490,20.6100,70
42169490256791,11:42:49.490,20.6200,30
42235204192880,11:43:55.204,20.6200,70
42235204192880,11:43:55.204,20.6300,30
42300847027359,11:45:00.847,20.6000,100
42539146714384,11:48:59.146,20.6200,20
42539146714384,11:48:59.146,20.6100,80
42539146793163,11:48:59.146,20.6100,20
42801121497273,11:53:21.121,20.6500,100
42801121497273,11:53:21.121,20.6500,100
42965487339482,11:56:05.487,20.6100,100
42965498485782,11:56:05.498,20.6000,100
42965498485782,11:56:05.498,20.6000,100
42998995524787,11:56:38.995,20.6100,100
42998995524787,11:56:38.995,20.6100,100
42998995524787,11:56:38.995,20.6100,100
42998995683140,11:56:38.995,20.6100,100
42998995783406,11:56:38.995,20.6100,100
42998996003598,11:56:38.996,20.6100,100
42998996194558,11:56:38.996,20.6100,100
43054014799338,11:57:34.014,20.5900,25
43054014982928,11:57:34.014,20.5900,38
43054014982928,11:57:34.014,20.5900,12
43250454767942,12:00:50.454,20.5900,100
43642667488410,12:07:22.667,20.6400,100
43642667530807,12:07:22.667,20.6500,100
43664235646489,12:07:44.235,20.6300,100
43669173523838,12:07:49.173,20.6000,2
43669173523838,12:07:49.173,20.6000,98
43675423311270,12:07:55.423,20.5900,100
43697111663126,12:08:17.111,20.5900,100
43697861603432,12:08:17.861,20.5700,100
43700174010577,12:08:20.174,20.5800,100
43700923650886,12:08:20.923,20.5800,100
43701673661140,12:08:21.673,20.5800,100
43702611810471,12:08:22.611,20.5800,100
43704424628994,12:08:24.424,20.5800,100
43705174023041,12:08:25.174,20.5800,100
43708111249413,12:08:28.111,20.5800,100
43712737574620,12:08:32.737,20.5700,100
43714987401950,12:08:34.987,20.5700,100
43715862487307,12:08:35.862,20.5700,100
43716549654341,12:08:36.549,20.5700,100
43729799776920,12:08:49.799,20.5500,1
43729799848944,12:08:49.799,20.5400,100
43734611660921,12:08:54.611,20.5500,100
43786862998180,12:09:46.862,20.5300,100
44146775920343,12:15:46.775,20.5400,100
44148485105458,12:15:48.485,20.5800,100
44148537839903,12:15:48.537,20.6200,100
44375473539027,12:19:35.473,20.6500,100
44407493207144,12:20:07.493,20.6500,5
44407493324669,12:20:07.493,20.6500,95
44407506413268,12:20:07.506,20.6600,20
44407506413268,12:20:07.506,20.6600,100
44407595622427,12:20:07.595,20.7100,50
44410293918387,12:20:10.293,20.7050,7
44417415487334,12:20:17.415,20.7050,93
44417415487334,12:20:17.415,20.6900,100
44417415487334,12:20:17.415,20.6800,100
44551886929080,12:22:31.886,20.7200,100
44551886954784,12:22:31.886,20.7200,1
44597375593525,12:23:17.375,20.7300,20
44597375963400,12:23:17.375,20.7400,100
44597376240808,12:23:17.376,20.7500,20
44597380779527,12:23:17.380,20.7700,20
44598432760210,12:23:18.432,20.7400,400
44598433324701,12:23:18.433,20.7400,100
44598433395835,12:23:18.433,20.7400,100
44598433421758,12:23:18.433,20.7400,1
44598433444675,12:23:18.433,20.7400,99
44598433444675,12:23:18.433,20.7400,100
44598435053765,12:23:18.435,20.7500,100
44598454669651,12:23:18.454,20.7600,100
44853648256705,12:27:33.648,20.7200,100
44853648383799,12:27:33.648,20.7200,100
45020599572487,12:30:20.599,20.6800,100
45020599572487,12:30:20.599,20.6800,100
45020599572487,12:30:20.599,20.6800,800
45020602639419,12:30:20.602,20.6500,30
45352170928247,12:35:52.170,20.6200,100
45572911415127,12:39:32.911,20.6200,2
45572911415127,12:39:32.911,20.6200,18
46034397469756,12:47:14.397,20.6900,100
46034428225848,12:47:14.428,20.7100,20
46046393651729,12:47:26.393,20.7300,50
46130316689015,12:48:50.316,20.7500,180
46165022790925,12:49:25.022,20.7500,200
46165022882558,12:49:25.022,20.7500,120
46172439182939,12:49:32.439,20.7600,100
46172439182939,12:49:32.439,20.7500,100
46172439182939,12:49:32.439,20.7500,100
46172439272731,12:49:32.439,20.7700,100
46330074291458,12:52:10.074,20.7800,20
46330074291458,12:52:10.074,20.7800,100
46330076750767,12:52:10.076,20.7900,10
46330077438014,12:52:10.077,20.7900,11
46335025833088,12:52:15.025,20.7900,89
46335025833088,12:52:15.025,20.7800,11
46348844204593,12:52:28.844,20.8000,300
46348844204593,12:52:28.844,20.8000,100
46348844478157,12:52:28.844,20.8000,20
46366897052208,12:52:46.897,20.8100,14
46366897052208,12:52:46.897,20.8100,6
46366897052208,12:52:46.897,20.8100,80
46516413003079,12:55:16.413,20.7900,100
46516413003079,12:55:16.413,20.7900,100
46516414882306,12:55:16.414,20.7900,142
46516427692688,12:55:16.427,20.7900,30
46516427692688,12:55:16.427,20.7800,89
46516427692688,12:55:16.427,20.7800,70
46525735514686,12:55:25.735,20.7800,30
46525735514686,12:55:25.735,20.7800,70
46525735633325,12:55:25.735,20.7800,30
46531374654400,12:55:31.374,20.8100,20
46710946965451,12:58:30.946,20.8300,20
46710946965451,12:58:30.946,20.8300,100
46764243482044,12:59:24.243,20.8400,20
46764243482044,12:59:24.243,20.8400,80
46764243482044,12:59:24.243,20.8400,100
46764243482044,12:59:24.243,20.8400,80
46764247810380,12:59:24.247,20.8500,90
46764247849041,12:59:24.247,20.8500,210
46764261733706,12:59:24.261,20.8600,100
46764261794207,12:59:24.261,20.8700,20
46764291772745,12:59:24.291,20.8800,20
46764291772745,12:59:24.291,20.8800,80
46768268408706,12:59:28.268,20.9000,100
46768268461140,12:59:28.268,20.9000,100
46768268468833,12:59:28.268,20.9000,100
46768268468833,12:59:28.268,20.9000,50
46768386720149,12:59:28.386,20.9100,1
46770835155844,12:59:30.835,20.9100,20
46770835155844,12:59:30.835,20.9200,20
46770835809443,12:59:30.835,20.9300,26
46773767442151,12:59:33.767,20.9400,100
46773767442151,12:59:33.767,20.9500,300
46773767442151,12:59:33.767,20.9500,66
46777335318117,12:59:37.335,20.9600,100
46779833283910,12:59:39.833,20.9600,100
46782922370917,12:59:42.922,20.9300,100
46782922370917,12:59:42.922,20.9200,40
46782922449760,12:59:42.922,20.9100,100
46785025290139,12:59:45.025,20.9250,24
46785025290139,12:59:45.025,20.9100,38
46785025290139,12:59:45.025,20.9100,38
46785025320010,12:59:45.025,20.9100,62
46785025320010,12:59:45.025,20.9100,38
47689400414574,13:14:49.400,20.8900,200
47689400414574,13:14:49.400,20.8900,35
47689400414574,13:14:49.400,20.8900,10
47689400414574,13:14:49.400,20.8900,200
47970293624461,13:19:30.293,20.9400,15
47970294029269,13:19:30.294,20.9500,83
47970294063716,13:19:30.294,20.9500,100
47970294068634,13:19:30.294,20.9500,317
47970294463575,13:19:30.294,20.9600,99
47971760832761,13:19:31.760,20.9700,8
47971760902260,13:19:31.760,20.9700,92
47971799559827,13:19:31.799,20.9900,100
47990024951895,13:19:50.024,20.9800,100
48045841196681,13:20:45.841,20.9800,100
48045841218320,13:20:45.841,20.9600,96
48045841222776,13:20:45.841,20.9600,4
48270815808963,13:24:30.815,20.9900,100
48270815891935,13:24:30.815,21.0000,300
48270815891935,13:24:30.815,21.0000,10
48270815891935,13:24:30.815,21.0000,25
48270815891935,13:24:30.815,21.0000,6
48270815891935,13:24:30.815,21.0000,59
48270815891935,13:24:30.815,21.0000,100
48280027626470,13:24:40.027,20.9700,29
48313353196019,13:25:13.353,21.0000,100
48313353196019,13:25:13.353,21.0100,50
48313353196019,13:25:13.353,21.0100,50
48313353196019,13:25:13.353,21.0100,100
48314020341104,13:25:14.020,21.0100,100
48316751906336,13:25:16.751,21.0200,100
48316751906336,13:25:16.751,21.0200,110
48316751906336,13:25:16.751,21.0200,100
48316751906336,13:25:16.751,21.0200,100
48316838169245,13:25:16.838,21.0300,100
48316838169245,13:25:16.838,21.0300,100
48316838806964,13:25:16.838,21.0300,100
48316838872913,13:25:16.838,21.0400,1
48316839229992,13:25:16.839,21.0400,54
48316839229992,13:25:16.839,21.0400,1
48316839229992,13:25:16.839,21.0400,43
48316839402129,13:25:16.839,21.0400,1
48342510752612,13:25:42.510,21.0500,300
48342510752612,13:25:42.510,21.0500,1
48342510752612,13:25:42.510,21.0500,100
48342527551331,13:25:42.527,21.0600,28
48594729397491,13:29:54.729,21.0450,100
48666455414764,13:31:06.455,21.0700,20
49113302910891,13:38:33.302,21.0700,80
49113302910891,13:38:33.302,21.0700,20
49582074566474,13:46:22.074,21.0700,80
49582074566474,13:46:22.074,21.0700,20
49582074661179,13:46:22.074,21.0700,80
49582074661179,13:46:22.074,21.0700,100
49582075277468,13:46:22.075,21.0700,100
49585019942980,13:46:25.019,21.0650,100
49585019942980,13:46:25.019,21.0500,100
49585019969487,13:46:25.019,21.0500,100
49585019969487,13:46:25.019,21.0500,16
49585028821636,13:46:25.028,21.0700,100
49606673676190,13:46:46.673,21.0800,100
49606674810169,13:46:46.674,21.0800,100
49606674810169,13:46:46.674,21.0800,100
49616087623913,13:46:56.087,21.0900,100
49635064826993,13:47:15.064,21.1000,1
49809770563117,13:50:09.770,21.1100,98
49809770645827,13:50:09.770,21.1100,2
49824054669979,13:50:24.054,21.1100,11
49824054669979,13:50:24.054,21.1100,89
49824054695513,13:50:24.054,21.1100,11
49824084813133,13:50:24.084,21.1200,20
49824285655864,13:50:24.285,21.1400,81
49824285655864,13:50:24.285,21.1400,19
49824285655864,13:50:24.285,21.1400,100
49824285717035,13:50:24.285,21.1400,63
49863616014043,13:51:03.616,21.1500,7
49863616088137,13:51:03.616,21.1500,100
49863616263277,13:51:03.616,21.1500,37
49864769320022,13:51:04.769,21.1600,9
49864769320022,13:51:04.769,21.1600,1
49864769320022,13:51:04.769,21.1600,100
49865921996162,13:51:05.921,21.1700,10
49866205749386,13:51:06.205,21.2000,100
49866205749386,13:51:06.205,21.2000,200
50222525312414,13:57:02.525,21.1300,100
50402715464581,14:00:02.715,21.1300,100
50402715464581,14:00:02.715,21.1300,100
50461630880653,14:01:01.630,21.1550,63
50582774016744,14:03:02.774,21.1800,100
50582774127713,14:03:02.774,21.1900,100
50582775202394,14:03:02.775,21.2000,500
50582775202394,14:03:02.775,21.2000,100
50592412029085,14:03:12.412,21.2200,100
50702549195201,14:05:02.549,21.2500,100
50702549951320,14:05:02.549,21.2800,96
50727421675302,14:05:27.421,21.3000,500
50727422891815,14:05:27.422,21.3000,14
50812589517631,14:06:52.589,21.2800,20
51154171018078,14:12:34.171,21.3100,12
51183300505620,14:13:03.300,21.3400,100
51312888268739,14:15:12.888,21.3600,100
51316014787975,14:15:16.014,21.3600,200
51316080752387,14:15:16.080,21.3700,100
51317408373394,14:15:17.408,21.3700,100
51317408373394,14:15:17.408,21.3800,100
51317408950467,14:15:17.408,21.3500,40
51317408951005,14:15:17.408,21.3500,31
51317423520980,14:15:17.423,21.3800,100
51317423520980,14:15:17.423,21.3800,100
51317423520980,14:15:17.423,21.3800,100
51317423520980,14:15:17.423,21.3800,100
51317423577454,14:15:17.423,21.3800,40
51317423906119,14:15:17.423,21.3600,100
51317437532624,14:15:17.437,21.3800,30
51317437532624,14:15:17.437,21.3900,100
51317437532624,14:15:17.437,21.3900,68
51317445640242,14:15:17.445,21.4000,500
51317445640242,14:15:17.445,21.4000,100
51317445640242,14:15:17.445,21.4000,100
51317453222929,14:15:17.453,21.4100,22
51317453222929,14:15:17.453,21.4100,100
51317453222929,14:15:17.453,21.4100,100
51317467083221,14:15:17.467,21.4400,300
51317467083221,14:15:17.467,21.4400,300
51317467083221,14:15:17.467,21.4400,100
51317467083221,14:15:17.467,21.4400,100
51317467083221,14:15:17.467,21.4400,100
51317467083221,14:15:17.467,21.4400,78
51317487410277,14:15:17.487,21.4700,200
51328908415448,14:15:28.908,21.4550,70
51328908572985,14:15:28.908,21.4550,30
51328908572985,14:15:28.908,21.4400,70
51328908589289,14:15:28.908,21.4400,28
51328908599285,14:15:28.908,21.4400,102
51328908599285,14:15:28.908,21.4400,30
51407446175267,14:16:47.446,21.4300,250
51411367102150,14:16:51.367,21.4700,600
51411367127054,14:16:51.367,21.4700,200
51415025702358,14:16:55.025,21.4400,100
51425205523285,14:17:05.205,21.5000,100
51425205547705,14:17:05.205,21.5000,20
51425205547705,14:17:05.205,21.5000,12
51425205590182,14:17:05.205,21.5000,488
51469742854547,14:17:49.742,21.4900,100
51469742854547,14:17:49.742,21.4900,100
51469742854547,14:17:49.742,21.4900,100
51469743975370,14:17:49.743,21.4700,80
51469744000076,14:17:49.744,21.4700,20
51469744247929,14:17:49.744,21.4600,100
51469744553647,14:17:49.744,21.4400,80
51469745472179,14:17:49.745,21.4600,100
51645025260867,14:20:45.025,21.4800,100
51645025260867,14:20:45.025,21.4800,20
51654328539321,14:20:54.328,21.4800,80
51655351731868,14:20:55.351,21.4700,100
51656410210531,14:20:56.410,21.4500,100
51656410373501,14:20:56.410,21.4600,100
51656410425292,14:20:56.410,21.4600,30
51656410720439,14:20:56.410,21.4500,30
51656410720439,14:20:56.410,21.4500,29
51656410720439,14:20:56.410,21.4500,29
51656411072492,14:20:56.411,21.4300,100
51656411130523,14:20:56.411,21.4400,29
51656411911604,14:20:56.411,21.4400,20
51656411984528,14:20:56.411,21.4300,100
51656411984528,14:20:56.411,21.4200,100
51656412013299,14:20:56.412,21.4200,100
51656414585533,14:20:56.414,21.4200,100
51656415304128,14:20:56.415,21.4400,12
51665387429709,14:21:05.387,21.4600,100
51674058615464,14:21:14.058,21.4600,100
51681999354376,14:21:21.999,21.4600,100
51684739834333,14:21:24.739,21.4200,10
51960418342435,14:26:00.418,21.4100,100
52333656201788,14:32:13.656,21.3300,100
52333656201788,14:32:13.656,21.3300,200
52333656731251,14:32:13.656,21.3300,100
52333696723283,14:32:13.696,21.3300,70
52547256243572,14:35:47.256,21.3100,24
52558036343633,14:35:58.036,21.3100,100
52558036343633,14:35:58.036,21.3100,100
52565638572114,14:36:05.638,21.3000,100
52567333618861,14:36:07.333,21.3000,17
52567333618861,14:36:07.333,21.3000,83
52568272875939,14:36:08.272,21.3400,100
52700657745212,14:38:20.657,21.3500,100
52700658440244,14:38:20.658,21.3600,100
52700658440244,14:38:20.658,21.3600,1
52773431641340,14:39:33.431,21.3600,100
52773432322847,14:39:33.432,21.3600,82
52773432326286,14:39:33.432,21.3600,18
53188262871801,14:46:28.262,21.3300,11
53199097554988,14:46:39.097,21.3300,100
53206288002450,14:46:46.288,21.3400,100
53215281754557,14:46:55.281,21.3500,100
53215282206596,14:46:55.282,21.3500,100
53401208529573,14:50:01.208,21.3200,40
53520021398883,14:52:00.021,21.3100,10
53520021425603,14:52:00.021,21.3100,90
53520021425603,14:52:00.021,21.3100,100
53520021425603,14:52:00.021,21.3100,100
53520021486676,14:52:00.021,21.3100,100
53520021486676,14:52:00.021,21.3100,190
53520021975886,14:52:00.021,21.3100,100
53520022401558,14:52:00.022,21.3100,100
53525473729377,14:52:05.473,21.2700,12
53526634739074,14:52:06.634,21.2800,80
53550311564856,14:52:30.311,21.3150,1
53550311564856,14:52:30.311,21.3150,2
53550311564856,14:52:30.311,21.3150,2
53550311564856,14:52:30.311,21.3150,1
53550311564856,14:52:30.311,21.3150,1
53550311564856,14:52:30.311,21.3150,1
53550311564856,14:52:30.311,21.3150,1
53550311564856,14:52:30.311,21.3150,1
53575392737558,14:52:55.392,21.2900,12
53610041145277,14:53:30.041,21.3200,2
53610041145277,14:53:30.041,21.3200,2
53610041145277,14:53:30.041,21.3200,4
53610041145277,14:53:30.041,21.3200,2
53610041145277,14:53:30.041,21.3200,5
53610041145277,14:53:30.041,21.3200,1
53610041145277,14:53:30.041,21.3200,2
53610041145277,14:53:30.041,21.3200,1
53625622728776,14:53:45.622,21.3400,19
53754287679657,14:55:54.287,21.3500,100
53754287679657,14:55:54.287,21.3500,24
53754287696400,14:55:54.287,21.3600,23
53754287696400,14:55:54.287,21.3600,27
53759950339115,14:55:59.950,21.3700,100
53787300293356,14:56:27.300,21.3700,100
53796512371620,14:56:36.512,21.3700,100
53810137429847,14:56:50.137,21.3800,100
53810137429847,14:56:50.137,21.3800,100
53810137870133,14:56:50.137,21.3900,2
53810137895016,14:56:50.137,21.3900,98
53810138492971,14:56:50.138,21.4000,3
53810138492971,14:56:50.138,21.4000,17
53901019507854,14:58:21.019,21.4200,100
53901019759108,14:58:21.019,21.4200,98
53901020054239,14:58:21.020,21.4200,2
53901020054239,14:58:21.020,21.4300,13
53901020054239,14:58:21.020,21.4300,85
53991543331370,14:59:51.543,21.4300,100
53991545841793,14:59:51.545,21.4400,77
53992495020002,14:59:52.495,21.4300,100
54021224852554,15:00:21.224,21.4100,100
54022059444014,15:00:22.059,21.3900,100
54060181365574,15:01:00.181,21.3800,4
54060181397485,15:01:00.181,21.3800,96
54070199525849,15:01:10.199,21.3600,100
54203506405552,15:03:23.506,21.4000,100
54203506405552,15:03:23.506,21.3900,34
54203506992139,15:03:23.506,21.3900,34
54240006889631,15:04:00.006,21.3950,100
54244446629198,15:04:04.446,21.3700,40
54306616327350,15:05:06.616,21.3850,4
54306616327350,15:05:06.616,21.3850,1
54306616327350,15:05:06.616,21.3850,3
54306616327350,15:05:06.616,21.3850,4
54306616327350,15:05:06.616,21.3850,5
54306616327350,15:05:06.616,21.3850,1
54306616327350,15:05:06.616,21.3850,2
54306616327350,15:05:06.616,21.3850,2
54306616327350,15:05:06.616,21.3850,1
54306616327350,15:05:06.616,21.3850,1
54306616327350,15:05:06.616,21.3850,1
54306616327350,15:05:06.616,21.3850,1
54306616327350,15:05:06.616,21.3850,6
54306616327350,15:05:06.616,21.3850,1
54306616327350,15:05:06.616,21.3850,2
54306616327350,15:05:06.616,21.3850,5
54365445282917,15:06:05.445,21.3800,1
54365445282917,15:06:05.445,21.3800,4
54365445282917,15:06:05.445,21.3800,1
54455942623525,15:07:35.942,21.3600,10
54572099521849,15:09:32.099,21.3400,12
54643469816636,15:10:43.469,21.3300,56
54643469816636,15:10:43.469,21.3300,44
54643470342987,15:10:43.470,21.3300,6
54669249762260,15:11:09.249,21.3200,10
54712460595509,15:11:52.460,21.3200,90
54712460595509,15:11:52.460,21.3200,100
54725024284505,15:12:05.024,21.2800,100
54765288531817,15:12:45.288,21.3000,29
54765288581666,15:12:45.288,21.3100,100
54765288581666,15:12:45.288,21.3100,300
54765288834517,15:12:45.288,21.3100,67
54765288859633,15:12:45.288,21.3100,33
54765317003158,15:12:45.317,21.3200,100
54768230470252,15:12:48.230,21.3800,36
54768230470252,15:12:48.230,21.3800,100
54770020332482,15:12:50.020,21.3700,100
54770020446076,15:12:50.020,21.3600,100
54779713721728,15:12:59.713,21.3800,2
54779713724390,15:12:59.713,21.3800,1
54828211142857,15:13:48.211,21.3900,10
54828214301281,15:13:48.214,21.4000,20
54828214301281,15:13:48.214,21.4000,13
54828214327641,15:13:48.214,21.4000,17
54923294809077,15:15:23.294,21.4000,100
54929478856100,15:15:29.478,21.4200,2
54929478858633,15:15:29.478,21.4200,1
54929478859183,15:15:29.478,21.4200,2
54929478860982,15:15:29.478,21.4200,2
54929478861540,15:15:29.478,21.4200,1
54929478863951,15:15:29.478,21.4200,1
54929478868522,15:15:29.478,21.4200,1
54929478869732,15:15:29.478,21.4200,1
54932437473112,15:15:32.437,21.4000,40
54947281794920,15:15:47.281,21.4200,100
54947293601204,15:15:47.293,21.4300,1
54947293711057,15:15:47.293,21.4300,1
54947293797048,15:15:47.293,21.4300,1
54947293894686,15:15:47.293,21.4300,1
54947294009446,15:15:47.294,21.4300,1
54947294266330,15:15:47.294,21.4300,1
55009120830511,15:16:49.120,21.4300,11
55009121734834,15:16:49.121,21.4400,100
55009134769618,15:16:49.134,21.4400,100
55040019503888,15:17:20.019,21.4100,100
55217294636195,15:20:17.294,21.4200,41
55290219688953,15:21:30.219,21.4500,100
55338535845568,15:22:18.535,21.4100,100
55338535845568,15:22:18.535,21.4100,100
55338536565851,15:22:18.536,21.4000,33
55338536568006,15:22:18.536,21.4000,5
55338536573050,15:22:18.536,21.4000,62
55338536651897,15:22:18.536,21.4000,15
55338536665399,15:22:18.536,21.4000,15
55338536949684,15:22:18.536,21.4000,70
55338536949684,15:22:18.536,21.4100,300
55340019682373,15:22:20.019,21.3900,100
55500000545909,15:25:00.000,21.4100,48
55500000570714,15:25:00.000,21.4100,26
55500000606470,15:25:00.000,21.4100,25
55500000606470,15:25:00.000,21.4100,100
55500000606470,15:25:00.000,21.4100,34
55500001447803,15:25:00.001,21.4200,100
55500002061074,15:25:00.002,21.4300,100
55528407973494,15:25:28.407,21.4300,100
55528407973494,15:25:28.407,21.4300,100
55528407973494,15:25:28.407,21.4300,100
55530027547350,15:25:30.027,21.4200,100
55530027547350,15:25:30.027,21.4200,100
55530028961601,15:25:30.028,21.4200,100
55639154489589,15:27:19.154,21.4000,100
55667489399123,15:27:47.489,21.4250,1
55667489399123,15:27:47.489,21.4000,5
55678703804921,15:27:58.703,21.4400,5
55678703891509,15:27:58.703,21.4500,82
55678703891509,15:27:58.703,21.4500,100
55678709219678,15:27:58.709,21.4600,1
55678709243885,15:27:58.709,21.4600,1
55678710453498,15:27:58.710,21.4700,1
55678710726411,15:27:58.710,21.4700,1
55678710906645,15:27:58.710,21.4700,1
55678711058099,15:27:58.711,21.4700,1
55678711158774,15:27:58.711,21.4700,1
55678711251791,15:27:58.711,21.4700,2
55678711307519,15:27:58.711,21.4700,94
55678711936383,15:27:58.711,21.4900,1
55678711960884,15:27:58.711,21.4900,3
55678711998447,15:27:58.711,21.4900,1
55678712068994,15:27:58.712,21.4900,1
55678712232004,15:27:58.712,21.4900,1
55678778633038,15:27:58.778,21.4700,100
55678778700745,15:27:58.778,21.4700,100
55678779534246,15:27:58.779,21.4700,100
55678814673777,15:27:58.814,21.4700,100
55678815094651,15:27:58.815,21.4700,15
55756644989243,15:29:16.644,21.4000,6
55843214448047,15:30:43.214,21.3600,5
55888924739031,15:31:28.924,21.3600,5
55922871647668,15:32:02.871,21.3600,5
55947185340372,15:32:27.185,21.3500,6
55997652862518,15:33:17.652,21.3500,5
56029910310069,15:33:49.910,21.4000,100
56029910310069,15:33:49.910,21.4000,200
56029910310069,15:33:49.910,21.4000,100
56029910310069,15:33:49.910,21.4000,3
56029910408499,15:33:49.910,21.4000,100
56034747305361,15:33:54.747,21.3700,5
56041769748185,15:34:01.769,21.4100,100
56091211444651,15:34:51.211,21.3700,5
56091284457210,15:34:51.284,21.3700,95
56185435743051,15:36:25.435,21.3400,100
56198566416471,15:36:38.566,21.3400,5
56200173668198,15:36:40.173,21.3400,95
56200173668198,15:36:40.173,21.3400,5
56209309452731,15:36:49.309,21.3700,100
56209483962011,15:36:49.483,21.3800,100
56216722238991,15:36:56.722,21.3900,100
56230449434991,15:37:10.449,21.3900,7
56230449434991,15:37:10.449,21.3900,93
56304029831182,15:38:24.029,21.3700,100
56304029862252,15:38:24.029,21.3800,76
56363145434746,15:39:23.145,21.3500,100
56363145459012,15:39:23.145,21.3500,100
56396497620686,15:39:56.497,21.3200,6
56406180795778,15:40:06.180,21.3200,94
56583188792548,15:43:03.188,21.3400,100
56620018948154,15:43:40.018,21.3300,100
56650302722983,15:44:10.302,21.3300,63
56652189066691,15:44:12.189,21.3300,37
56652189066691,15:44:12.189,21.3300,63
56704465970655,15:45:04.465,21.3600,67
56704466030251,15:45:04.466,21.3600,33
56704466030251,15:45:04.466,21.3600,100
56704466030251,15:45:04.466,21.3600,100
56704466030251,15:45:04.466,21.3600,1
56704512911742,15:45:04.512,21.3600,60
56760026375484,15:46:00.026,21.3700,100
56764487771258,15:46:04.487,21.3900,6
56764487771258,15:46:04.487,21.3900,94
56834979251987,15:47:14.979,21.3700,100
56834979277443,15:47:14.979,21.3700,107
56834979483761,15:47:14.979,21.3700,93
56834979483761,15:47:14.979,21.3700,26
56834979503115,15:47:14.979,21.3700,29
56834979781738,15:47:14.979,21.3700,45
56835019451190,15:47:15.019,21.3600,9
56837010886403,15:47:17.010,21.3600,91
56837087293494,15:47:17.087,21.3500,100
56932036325970,15:48:52.036,21.3100,6
56976920432381,15:49:36.920,21.3100,6
57003008283190,15:50:03.008,21.3400,6
57003008283190,15:50:03.008,21.3400,94
57031251056864,15:50:31.251,21.3500,34
57034817057181,15:50:34.817,21.3500,66
57034817057181,15:50:34.817,21.3500,100
57034817057181,15:50:34.817,21.3500,100
57034817057181,15:50:34.817,21.3500,100
57034869673807,15:50:34.869,21.3500,300
57084454811416,15:51:24.454,21.3500,3
57097696621068,15:51:37.696,21.3400,100
57115314549450,15:51:55.314,21.3400,17
57123005684470,15:52:03.005,21.3500,100
57123508848653,15:52:03.508,21.3450,100
57123508848653,15:52:03.508,21.3400,100
57123508848653,15:52:03.508,21.3400,100
57124480545896,15:52:04.480,21.3400,100
57124482215995,15:52:04.482,21.3300,100
57164313264923,15:52:44.313,21.2900,100
57167885731769,15:52:47.885,21.2800,8
57178412730147,15:52:58.412,21.2900,4
57180296674648,15:53:00.296,21.2900,12
57180296674648,15:53:00.296,21.2900,88
57180296946678,15:53:00.296,21.2900,2
57180296959926,15:53:00.296,21.2900,10
57183042594584,15:53:03.042,21.3000,100
57183042594584,15:53:03.042,21.3000,5
57230070636520,15:53:50.070,21.3000,5
57255238073725,15:54:15.238,21.2800,92
57268576759850,15:54:28.576,21.2800,100
57268576759850,15:54:28.576,21.2800,100
57268576759850,15:54:28.576,21.2800,100
57300254754698,15:55:00.254,21.2900,16
57300255329749,15:55:00.255,21.2900,16
57300948761390,15:55:00.948,21.2800,25
57300956592621,15:55:00.956,21.2800,100
57300957437504,15:55:00.957,21.2800,75
57307421083352,15:55:07.421,21.2900,68
57307421083352,15:55:07.421,21.2900,100
57307421083352,15:55:07.421,21.2900,100
57307421083352,15:55:07.421,21.2900,332
57322877562139,15:55:22.877,21.2900,4
57322973979095,15:55:22.973,21.2800,100
57364717816359,15:56:04.717,21.2800,100
57364717816359,15:56:04.717,21.2800,111
57364717816359,15:56:04.717,21.2800,49
57364717816359,15:56:04.717,21.2800,40
57371894814824,15:56:11.894,21.2800,7
57382344142901,15:56:22.344,21.2700,6
57385231571161,15:56:25.231,21.2800,53
57385231571161,15:56:25.231,21.2800,47
57447105096230,15:57:27.105,21.2700,11
57455647580987,15:57:35.647,21.2700,83
57455647580987,15:57:35.647,21.2700,100
57455647580987,15:57:35.647,21.2700,800
57455647580987,15:57:35.647,21.2700,200
57455647580987,15:57:35.647,21.2700,100
57455647580987,15:57:35.647,21.2700,100
57455647580987,15:57:35.647,21.2700,100
57455647580987,15:57:35.647,21.2700,80
57455647580987,15:57:35.647,21.2700,62
57455647580987,15:57:35.647,21.2700,175
57455647616249,15:57:35.647,21.2700,8
57455647627386,15:57:35.647,21.2700,50
57455647627386,15:57:35.647,21.2700,50
57455647939043,15:57:35.647,21.2700,100
57455647973781,15:57:35.647,21.2700,5
57455648053897,15:57:35.648,21.2700,32
57455648053897,15:57:35.648,21.2700,68
57455648107428,15:57:35.648,21.2700,32
57455648107428,15:57:35.648,21.2700,13
57455648258647,15:57:35.648,21.2700,87
57455648258647,15:57:35.648,21.2700,13
57455648340235,15:57:35.648,21.2700,100
57463122882355,15:57:43.122,21.2600,15
57473061855270,15:57:53.061,21.2600,85
57473061855270,15:57:53.061,21.2600,15
57473244333952,15:57:53.244,21.2600,85
57473244333952,15:57:53.244,21.2600,15
57473256393158,15:57:53.256,21.2600,40
57473256417312,15:57:53.256,21.2600,2
57480342654913,15:58:00.342,21.2600,100
57480342654913,15:58:00.342,21.2600,100
57480342886734,15:58:00.342,21.2600,100
57480343048481,15:58:00.343,21.2600,24
57480343048481,15:58:00.343,21.2600,76
57480343109258,15:58:00.343,21.2500,200
57480343272520,15:58:00.343,21.2500,33
57480343272520,15:58:00.343,21.2500,187
57480343272520,15:58:00.343,21.2500,87
57480343844755,15:58:00.343,21.2500,100
57481997667337,15:58:01.997,21.2300,100
57482007646547,15:58:02.007,21.2200,200
57482007646547,15:58:02.007,21.2200,200
57489025795446,15:58:09.025,21.2200,1
57493011553554,15:58:13.011,21.2200,20
57493770179340,15:58:13.770,21.2300,15
57493770179340,15:58:13.770,21.2300,85
57493770296003,15:58:13.770,21.2300,15
57493770296003,15:58:13.770,21.2300,100
57493770296003,15:58:13.770,21.2300,100
57493770296003,15:58:13.770,21.2300,12
57500161532554,15:58:20.161,21.2250,34
57508566547795,15:58:28.566,21.2300,20
57508566547795,15:58:28.566,21.2300,2
57508718262422,15:58:28.718,21.2300,100
57508718262422,15:58:28.718,21.2300,187
57508718262422,15:58:28.718,21.2300,317
57508718343268,15:58:28.718,21.2300,80
57534520084025,15:58:54.520,21.2350,100
57534520084025,15:58:54.520,21.2300,265
57542828945793,15:59:02.828,21.2400,100
57542828945793,15:59:02.828,21.2400,168
57542828945793,15:59:02.828,21.2400,4
57542828945793,15:59:02.828,21.2400,6
57542828945793,15:59:02.828,21.2400,100
57542828945793,15:59:02.828,21.2400,245
57545200616911,15:59:05.200,21.2500,100
57545201037278,15:59:05.201,21.2500,76
57551135735990,15:59:11.135,21.2700,100
57551234645610,15:59:11.234,21.2700,100
57551320025988,15:59:11.320,21.2700,100
57551458375728,15:59:11.458,21.2700,15
57552042161774,15:59:12.042,21.2700,100
57555184082728,15:59:15.184,21.2700,300
57556485368645,15:59:16.485,21.2700,96
57557166227377,15:59:17.166,21.2700,233
57557166227377,15:59:17.166,21.2700,187
57557166227377,15:59:17.166,21.2700,249
57557196360797,15:59:17.196,21.2600,14
57557350080960,15:59:17.350,21.2700,40
57560211300265,15:59:20.211,21.2900,200
57570224244433,15:59:30.224,21.3100,100
57579762223281,15:59:39.762,21.3200,100
57579762223281,15:59:39.762,21.3200,100
57579762223281,15:59:39.762,21.3200,100
57582769306816,15:59:42.769,21.3100,3
57585127570658,15:59:45.127,21.3100,97
57585127908239,15:59:45.127,21.3100,3
57585135791425,15:59:45.135,21.3150,100
57585182841438,15:59:45.182,21.3300,200
57585182841438,15:59:45.182,21.3300,200
57587092077857,15:59:47.092,21.3300,99
57587109450749,15:59:47.109,21.3300,1
57587109450749,15:59:47.109,21.3300,100
57587109450749,15:59:47.109,21.3300,99
57587113115651,15:59:47.113,21.3300,94
57587165745526,15:59:47.165,21.3400,300
57587379724926,15:59:47.379,21.3400,100
57588020637204,15:59:48.020,21.3400,300
57591495479361,15:59:51.495,21.3500,88
57591530411045,15:59:51.530,21.3200,67
57592082356041,15:59:52.082,21.3500,112
57592082356041,15:59:52.082,21.3500,88
57592099700107,15:59:52.099,21.3500,12
57592099700107,15:59:52.099,21.3500,188
57592103546175,15:59:52.103,21.3500,12
57592103546175,15:59:52.103,21.3500,100
57592129345839,15:59:52.129,21.3600,200
57594007907279,15:59:54.007,21.3500,103
57594050546306,15:59:54.050,21.3500,100
57595761486440,15:59:55.761,21.3500,95
57596689270492,15:59:56.689,21.3500,5
57597081342344,15:59:57.081,21.3500,200
57597084948410,15:59:57.084,21.3500,92
57597088814132,15:59:57.088,21.3600,100
57597123683365,15:59:57.123,21.3700,100
57597123683365,15:59:57.123,21.3700,400
57597130079852,15:59:57.130,21.3700,71
57597230803153,15:59:57.230,21.3500,100
57597432308210,15:59:57.432,21.3700,49
57597760458171,15:59:57.760,21.3700,8
57599382364181,15:59:59.382,21.3700,272
57599382364181,15:59:59.382,21.3700,152
57599806995245,15:59:59.806,21.3700,26
57600178894115,16:00:00.178,21.3700,1
57600327294259,16:00:00.327,21.3400,1947
57600327294259,16:00:00.327,21.3400,40650
59979099222725,16:39:39.099,21.4000,5
