timestamp,time,price,volume
34200575174860,09:30:00.575,0.0000,0
34205604442105,09:30:05.604,27.8900,200
34220295348831,09:30:20.295,27.8900,393
34257278524229,09:30:57.278,27.8900,400
34294004345120,09:31:34.004,27.9000,400
34323581160938,09:32:03.581,27.9000,400
34669388240576,09:37:49.388,27.8900,1
34670208929771,09:37:50.208,27.8900,400
34740776504865,09:39:00.776,27.9000,400
34869945249635,09:41:09.945,27.8900,500
34877716219841,09:41:17.716,27.8900,400
34983381928296,09:43:03.381,27.8800,100
35098516798469,09:44:58.516,27.8800,400
35106730969296,09:45:06.730,27.8800,100
35114199479018,09:45:14.199,27.8800,300
35287891327198,09:48:07.891,27.8800,400
35287892426216,09:48:07.892,27.8800,1200
35695843671588,09:54:55.843,27.8800,400
35713770922421,09:55:13.770,27.8800,400
35755741263569,09:55:55.741,27.8800,400
35884663504255,09:58:04.663,27.8800,400
36033956540238,10:00:33.956,27.8700,400
36330529995049,10:05:30.529,27.8300,400
36498652614420,10:08:18.652,27.8300,400
36876143426950,10:14:36.143,27.8350,100
36876143426950,10:14:36.143,27.8350,1200
36876143426950,10:14:36.143,27.8400,400
36876143426950,10:14:36.143,27.8400,3800
36876143426950,10:14:36.143,27.8400,200
36876143426950,10:14:36.143,27.8400,500
36876143426950,10:14:36.143,27.8400,100
36876143426950,10:14:36.143,27.8400,4900
36876143426950,10:14:36.143,27.8400,10300
36876147664855,10:14:36.147,27.8400,700
36876147664855,10:14:36.147,27.8400,200
36876147664855,10:14:36.147,27.8400,400
36929902751464,10:15:29.902,27.8400,700
36929912530710,10:15:29.912,27.8400,900
36929912530710,10:15:29.912,27.8400,5390
36929912530710,10:15:29.912,27.8400,100
36929912530710,10:15:29.912,27.8400,5000
36929912530710,10:15:29.912,27.8400,800
36929912530710,10:15:29.912,27.8400,800
36929912530710,10:15:29.912,27.8400,1400
36929912530710,10:15:29.912,27.8400,200
36929912530710,10:15:29.912,27.8400,500
36929912530710,10:15:29.912,27.8400,200
36929912530710,10:15:29.912,27.8400,400
36929912530710,10:15:29.912,27.8400,700
36929912530710,10:15:29.912,27.8400,600
36929912530710,10:15:29.912,27.8400,3200
36929912530710,10:15:29.912,27.8400,5000
36929912530710,10:15:29.912,27.8400,4900
36945591753178,10:15:45.591,27.8400,300
36969473773024,10:16:09.473,27.8400,300
36980608612262,10:16:20.608,27.8400,400
36980608612262,10:16:20.608,27.8400,100
37168684185045,10:19:28.684,27.8200,153
37381658106590,10:23:01.658,27.8400,65
37796117986803,10:29:56.117,27.8600,88
38264974522707,10:37:44.974,27.8500,400
38273212985996,10:37:53.212,27.8400,66
38282678380330,10:38:02.678,27.8400,195
38412785819825,10:40:12.785,27.8600,400
38713574532901,10:45:13.574,27.8900,65
39036030111179,10:50:36.030,27.8900,400
39111772743914,10:51:51.772,27.8900,400
39317806279662,10:55:17.806,27.9000,100
39385853330914,10:56:25.853,27.9100,100
39489534755331,10:58:09.534,27.9100,200
39664146430477,11:01:04.146,27.9300,1
39724701263476,11:02:04.701,27.9300,400
39724701263476,11:02:04.701,27.9300,400
39724701263476,11:02:04.701,27.9300,400
39724702094040,11:02:04.702,27.9300,1200
39786223749756,11:03:06.223,27.9400,400
39841469162378,11:04:01.469,27.9300,400
40340319625426,11:12:20.319,27.9300,400
40901179304043,11:21:41.179,27.9100,400
41094610131666,11:24:54.610,27.9100,400
41168457462524,11:26:08.457,27.9000,400
41242303411689,11:27:22.303,27.9000,1
41492259277211,11:31:32.259,27.9300,400
41679606776350,11:34:39.606,27.9500,400
41697982181170,11:34:57.982,27.9700,200
41697982181170,11:34:57.982,27.9700,600
42021739842641,11:40:21.739,27.9500,400
42021740998842,11:40:21.740,27.9500,1200
42033132418278,11:40:33.132,27.9500,400
42127234639061,11:42:07.234,27.9500,400
42143127957010,11:42:23.127,27.9500,100
42298350880473,11:44:58.350,27.9600,400
42357102759435,11:45:57.102,27.9600,400
42460868846321,11:47:40.868,27.9600,400
42460869309836,11:47:40.869,27.9600,1200
42607694653667,11:50:07.694,27.9600,400
42607695645698,11:50:07.695,27.9600,1200
42607695645698,11:50:07.695,27.9600,100
42736307083945,11:52:16.307,27.9500,400
42784829024674,11:53:04.829,27.9500,400
42915508657473,11:55:15.508,27.9600,400
43000723842297,11:56:40.723,27.9600,400
43469899085303,12:04:29.899,27.9700,400
43504393685452,12:05:04.393,27.9600,400
44038536967181,12:13:58.536,27.9700,400
44289324305568,12:18:09.324,27.9700,300
44289324673621,12:18:09.324,27.9700,100
44289324673621,12:18:09.324,27.9700,100
44335084079720,12:18:55.084,27.9700,400
45067842619950,12:31:07.842,27.9500,6400
45300032423762,12:35:00.032,27.9400,200
45300032423762,12:35:00.032,27.9400,300
45374681756725,12:36:14.681,27.9400,100
45907589013681,12:45:07.589,27.9500,400
45993757485860,12:46:33.757,27.9500,4800
46525960290242,12:55:25.960,27.9500,400
46673048489775,12:57:53.048,27.9450,1200
46673048489775,12:57:53.048,27.9450,250
48019304948095,13:20:19.304,27.9400,100
48341132316165,13:25:41.132,27.9400,4100
48341132316165,13:25:41.132,27.9400,100
49115218774730,13:38:35.218,27.9400,400
49115218774730,13:38:35.218,27.9400,100
49460993256679,13:44:20.993,27.9300,100
49513880078428,13:45:13.880,27.9200,400
49513880078428,13:45:13.880,27.9200,100
49661476075266,13:47:41.476,27.9200,200
49661476075266,13:47:41.476,27.9200,3900
49661476075266,13:47:41.476,27.9200,400
49661476075266,13:47:41.476,27.9200,100
49661476075266,13:47:41.476,27.9200,1
49661476075266,13:47:41.476,27.9200,100
49661476075266,13:47:41.476,27.9200,5000
49661476075266,13:47:41.476,27.9200,100
49661476075266,13:47:41.476,27.9200,3200
49661476075266,13:47:41.476,27.9200,100
49661486239999,13:47:41.486,27.9200,200
49661486239999,13:47:41.486,27.9200,3900
49661486239999,13:47:41.486,27.9200,500
49661487104974,13:47:41.487,27.9200,2500
49661496332148,13:47:41.496,27.9200,2500
49661496332148,13:47:41.496,27.9200,3900
49661496332148,13:47:41.496,27.9200,500
49697663922116,13:48:17.663,27.9200,200
49697663961489,13:48:17.663,27.9200,200
49697664102288,13:48:17.664,27.9200,100
49697664175522,13:48:17.664,27.9200,100
50231600868362,13:57:11.600,27.9300,100
50231600983847,13:57:11.600,27.9300,200
50336000717951,13:58:56.000,27.9400,3900
50336000717951,13:58:56.000,27.9400,2700
50336000717951,13:58:56.000,27.9400,500
50336000717951,13:58:56.000,27.9400,300
50336001172251,13:58:56.001,27.9400,1000
50336001172251,13:58:56.001,27.9400,800
50336001172251,13:58:56.001,27.9400,2400
50336001318021,13:58:56.001,27.9400,880
50336001365262,13:58:56.001,27.9400,120
50336001550903,13:58:56.001,27.9400,880
50336001590452,13:58:56.001,27.9400,120
50339466460866,13:58:59.466,27.9400,200
50339466624095,13:58:59.466,27.9400,700
50339466624095,13:58:59.466,27.9400,2750
50339466624095,13:58:59.466,27.9400,800
50339466624095,13:58:59.466,27.9400,2750
50339466826847,13:58:59.466,27.9400,450
50339466826847,13:58:59.466,27.9400,400
50339466826847,13:58:59.466,27.9400,1650
50339467112845,13:58:59.467,27.9400,2650
50339467112845,13:58:59.467,27.9400,700
50402713077019,14:00:02.713,27.9300,100
50407224366473,14:00:07.224,27.9400,2035
50407224414347,14:00:07.224,27.9400,2965
50409130944140,14:00:09.130,27.9700,100
50417878554110,14:00:17.878,28.0000,635
50417878592397,14:00:17.878,28.0000,2200
50417878673312,14:00:17.878,28.0000,1665
50419746229762,14:00:19.746,28.0200,100
50609146162777,14:03:29.146,28.0700,400
50652639993930,14:04:12.639,28.1000,100
50652819816904,14:04:12.819,28.1000,100
50747634534609,14:05:47.634,28.1100,400
50837820339192,14:07:17.820,28.1200,300
50837820708498,14:07:17.820,28.1200,100
50837820901837,14:07:17.820,28.1200,200
50852999745274,14:07:32.999,28.1100,400
50893787855251,14:08:13.787,28.0900,800
50893787879488,14:08:13.787,28.0900,100
50893787879488,14:08:13.787,28.0900,100
50893787879488,14:08:13.787,28.0900,200
50893787879488,14:08:13.787,28.0900,400
50893787883084,14:08:13.787,28.0900,100
50893787893824,14:08:13.787,28.0900,100
50893787900550,14:08:13.787,28.0900,200
50893789560775,14:08:13.789,28.0900,27
50905185791791,14:08:25.185,28.0900,100
50960868562571,14:09:20.868,28.1100,300
50963652154154,14:09:23.652,28.1000,800
50963652154154,14:09:23.652,28.1000,300
51134370019919,14:12:14.370,28.1200,204
51134370064392,14:12:14.370,28.1200,32
51169459774237,14:12:49.459,28.1300,800
51300220803882,14:15:00.220,28.1400,200
51300332108714,14:15:00.332,28.1300,400
51382553715379,14:16:22.553,28.1400,175
51491068178019,14:18:11.068,28.1500,43
51542392943811,14:19:02.392,28.1400,800
51549182323535,14:19:09.182,28.1500,800
51660215382217,14:21:00.215,28.1600,2
51660443260803,14:21:00.443,28.1600,298
51660443260803,14:21:00.443,28.1600,100
51676861908294,14:21:16.861,28.1700,300
51676861908294,14:21:16.861,28.1700,400
51676861908294,14:21:16.861,28.1700,100
51680303915392,14:21:20.303,28.1750,1200
51680303915392,14:21:20.303,28.1700,200
51680303915392,14:21:20.303,28.1700,100
51696462182972,14:21:36.462,28.1800,100
51738652729185,14:22:18.652,28.1900,400
51795291245806,14:23:15.291,28.1900,400
51898177050545,14:24:58.177,28.1700,400
51971556536572,14:26:11.556,28.1700,2400
52053727934217,14:27:33.727,28.1500,400
52053727934217,14:27:33.727,28.1500,100
52079705713059,14:27:59.705,28.1350,600
52079706029847,14:27:59.706,28.1350,600
52079706236312,14:27:59.706,28.1350,600
52080215467982,14:28:00.215,28.1400,200
52080215467982,14:28:00.215,28.1400,400
52140811335028,14:29:00.811,28.1400,200
52145781014452,14:29:05.781,28.1500,100
52202364335695,14:30:02.364,28.1400,100
52202364335695,14:30:02.364,28.1400,400
52202364393987,14:30:02.364,28.1400,500
52500582704405,14:35:00.582,28.2000,400
52500582704405,14:35:00.582,28.2000,700
52500582704405,14:35:00.582,28.2000,5
52500582704405,14:35:00.582,28.2000,5
52500583258117,14:35:00.583,28.2000,200
52500583258117,14:35:00.583,28.2000,300
52500583399620,14:35:00.583,28.2000,100
52500583399620,14:35:00.583,28.2000,300
52500583399620,14:35:00.583,28.2000,400
52500583399620,14:35:00.583,28.2000,600
52500583399620,14:35:00.583,28.2000,200
52500583399620,14:35:00.583,28.2000,100
52500583399620,14:35:00.583,28.2000,400
52500583399620,14:35:00.583,28.2000,500
52500583399620,14:35:00.583,28.2000,2100
52500583399620,14:35:00.583,28.2000,400
52500583399620,14:35:00.583,28.2000,500
52500583458417,14:35:00.583,28.2000,100
52500583613142,14:35:00.583,28.2000,100
52500583613142,14:35:00.583,28.2000,400
52500583613142,14:35:00.583,28.2000,600
52500583613142,14:35:00.583,28.2000,150
52520927181468,14:35:20.927,28.2000,100
52520927181468,14:35:20.927,28.2000,400
52520927181468,14:35:20.927,28.2000,100
52561827331089,14:36:01.827,28.1900,2
52561827922788,14:36:01.827,28.1900,598
52638317531008,14:37:18.317,28.1900,400
52645825920271,14:37:25.825,28.2000,400
52720045606702,14:38:40.045,28.2200,100
52739908617867,14:38:59.908,28.2200,400
52739908617867,14:38:59.908,28.2200,2000
52739908617867,14:38:59.908,28.2200,100
52778498112435,14:39:38.498,28.2000,400
52778498182566,14:39:38.498,28.2000,300
52778498242892,14:39:38.498,28.2000,864
52807139958534,14:40:07.139,28.2100,400
52858859679333,14:40:58.859,28.2200,107
52858859767451,14:40:58.859,28.2200,107
52858859996614,14:40:58.859,28.2200,107
52858860062896,14:40:58.860,28.2200,79
52858860062896,14:40:58.860,28.2200,28
52920003555006,14:42:00.003,28.2200,400
52920003790534,14:42:00.003,28.2200,1
52920003886285,14:42:00.003,28.2200,1499
52920647179574,14:42:00.647,28.2200,400
52920647179574,14:42:00.647,28.2200,1125
52920647179574,14:42:00.647,28.2200,700
52920647179574,14:42:00.647,28.2200,1900
53261923907088,14:47:41.923,28.2300,200
53261923907088,14:47:41.923,28.2300,400
53335571877358,14:48:55.571,28.2300,100
53353550446967,14:49:13.550,28.2300,100
53364470388786,14:49:24.470,28.2200,75
53364470470601,14:49:24.470,28.2200,25
53364470470601,14:49:24.470,28.2200,88
53380114999257,14:49:40.114,28.2150,200
53384060003775,14:49:44.060,28.2150,200
53398359000981,14:49:58.359,28.2150,100
53398359002361,14:49:58.359,28.2150,100
53426759996441,14:50:26.759,28.2150,100
53547580618624,14:52:27.580,28.2150,182
53695255090246,14:54:55.255,28.2400,400
53823753829522,14:57:03.753,28.2500,400
53897196421561,14:58:17.196,28.2300,400
53897196421561,14:58:17.196,28.2300,500
53906933387411,14:58:26.933,28.2400,300
53965209829408,14:59:25.209,28.2500,400
54090504442707,15:01:30.504,28.2500,400
54188970994831,15:03:08.970,28.2500,400
54377833566855,15:06:17.833,28.2200,500
54401089662577,15:06:41.089,28.2150,176
54485513956601,15:08:05.513,28.2300,400
54714942898325,15:11:54.942,28.1900,400
54948011791066,15:15:48.011,28.2100,301
54998442247477,15:16:38.442,28.2200,400
54998442247477,15:16:38.442,28.2200,500
55237532319687,15:20:37.532,28.2200,400
55254310967039,15:20:54.310,28.2250,1800
55254310967039,15:20:54.310,28.2300,200
55254310967039,15:20:54.310,28.2300,400
55254310967039,15:20:54.310,28.2300,300
55254310967039,15:20:54.310,28.2300,500
55270138871447,15:21:10.138,28.2250,900
55272388222323,15:21:12.388,28.2300,100
55448196175241,15:24:08.196,28.2150,166
55511592140611,15:25:11.592,28.2200,400
55803500834594,15:30:03.500,28.2100,400
55845109338884,15:30:45.109,28.2100,400
56000665188306,15:33:20.665,28.2100,161
56029386884475,15:33:49.386,28.2100,400
56029386884475,15:33:49.386,28.2100,100
56048155148705,15:34:08.155,28.2000,100
56090053163241,15:34:50.053,28.2000,400
56135717738109,15:35:35.717,28.2100,400
56363220313094,15:39:23.220,28.2100,400
56441988789912,15:40:41.988,28.2100,400
56441988789912,15:40:41.988,28.2100,300
56454474726633,15:40:54.474,28.2100,400
56576534593299,15:42:56.534,28.2000,100
56580505795572,15:43:00.505,28.2100,400
56614952460075,15:43:34.952,28.2000,400
56625172037221,15:43:45.172,28.2000,1500
56625172045669,15:43:45.172,28.2000,300
56666948233702,15:44:26.948,28.2000,400
56700469710261,15:45:00.469,28.1900,344
56700470161500,15:45:00.470,28.1900,56
56700470555783,15:45:00.470,28.1900,1500
56758773768820,15:45:58.773,28.2100,400
56758774693459,15:45:58.774,28.2100,1500
56758776165030,15:45:58.776,28.2100,300
56758776165030,15:45:58.776,28.2100,1200
56759745307516,15:45:59.745,28.2100,600
56854826074711,15:47:34.826,28.2000,300
56862492590036,15:47:42.492,28.2000,300
57292592096703,15:54:52.592,28.1700,100
57310140245243,15:55:10.140,28.1800,779
57310140808976,15:55:10.140,28.1800,221
57310168844264,15:55:10.168,28.1800,1800
57412961233151,15:56:52.961,28.1800,100
57412961449508,15:56:52.961,28.1800,100
57481963100649,15:58:01.963,28.1700,100
57486902453992,15:58:06.902,28.1700,100
57486902453992,15:58:06.902,28.1700,600
57490574023439,15:58:10.574,28.1700,79
57490574065041,15:58:10.574,28.1700,100
57529236884854,15:58:49.236,28.1600,200
57538733366719,15:58:58.733,28.1600,196
57538733842985,15:58:58.733,28.1600,500
57571015035919,15:59:31.015,28.1700,4100
57571015035919,15:59:31.015,28.1700,100
57593876864062,15:59:53.876,28.1700,100
57593876907975,15:59:53.876,28.1700,100
57593876935702,15:59:53.876,28.1700,11
57593876974191,15:59:53.876,28.1700,89
57595174889493,15:59:55.174,28.1600,122
57596169748017,15:59:56.169,28.1600,122
57597738060493,15:59:57.738,28.1600,200
57600284437477,16:00:00.284,0.0000,0
