timestamp,time,price,volume
34200725086404,09:30:00.725,0.0000,0
34205027486767,09:30:05.027,166.4300,100
34291554591928,09:31:31.554,167.2100,100
34291554602148,09:31:31.554,167.2100,100
34291554664184,09:31:31.554,167.2100,100
34291555252498,09:31:31.555,167.3700,3
34291555316293,09:31:31.555,167.3700,100
34291555502530,09:31:31.555,167.3900,100
34397138811718,09:33:17.138,167.1400,8
34556325383433,09:35:56.325,167.0900,1
34580823173601,09:36:20.823,167.7700,17
34580823224588,09:36:20.823,167.7700,17
34580823253150,09:36:20.823,167.7700,17
34580823257989,09:36:20.823,167.7700,3
34580823257989,09:36:20.823,167.8000,10
34580823257989,09:36:20.823,167.8000,3
34580823257989,09:36:20.823,167.8000,1
34580823289619,09:36:20.823,167.8000,2
34580823289619,09:36:20.823,167.8000,1
34580823370428,09:36:20.823,167.8400,2
34580823370428,09:36:20.823,167.8500,14
34580823475830,09:36:20.823,167.8500,56
34580823480692,09:36:20.823,167.8500,30
34580823480692,09:36:20.823,167.8500,43
34580823489002,09:36:20.823,167.8500,57
34580823489002,09:36:20.823,167.8500,43
34580823675145,09:36:20.823,167.8500,50
34580823791900,09:36:20.823,167.8500,7
34610852211989,09:36:50.852,167.8200,100
34610854569250,09:36:50.854,167.8100,8
34610854569250,09:36:50.854,167.8100,92
34610854643770,09:36:50.854,167.8100,8
34610854752139,09:36:50.854,167.8100,25
34610855542099,09:36:50.855,167.8100,75
34611892098727,09:36:51.892,167.7700,100
34611892098727,09:36:51.892,167.7700,89
34611892211907,09:36:51.892,167.7200,10
34619818536369,09:36:59.818,167.7800,61
34619818536369,09:36:59.818,167.8100,100
34619818536369,09:36:59.818,167.8200,39
34619818566221,09:36:59.818,167.8200,61
34619818566221,09:36:59.818,167.8200,2
34619818566221,09:36:59.818,167.8200,5
34619818566221,09:36:59.818,167.8200,100
34719695668146,09:38:39.695,167.4600,100
34722679352830,09:38:42.679,167.4600,86
34722679409950,09:38:42.679,167.4600,14
34723841106679,09:38:43.841,167.6300,100
34723841264474,09:38:43.841,167.6500,100
34723842553699,09:38:43.842,167.6800,100
34723842553699,09:38:43.842,167.7000,100
34723843178111,09:38:43.843,167.7000,100
34723843207436,09:38:43.843,167.7000,100
34723843207436,09:38:43.843,167.7700,6
34723843407854,09:38:43.843,167.6500,100
34893945284793,09:41:33.945,167.5100,100
34944483137102,09:42:24.483,167.4200,1
34962581938031,09:42:42.581,167.6200,7
34962581938031,09:42:42.581,167.6200,3
34962581938031,09:42:42.581,167.6200,1
34962581938031,09:42:42.581,167.6200,2
34971821249041,09:42:51.821,167.7500,100
34971821386432,09:42:51.821,167.7500,45
34978356218331,09:42:58.356,167.7500,100
34978356258208,09:42:58.356,167.7700,100
34978356258208,09:42:58.356,167.7700,1
34978356301787,09:42:58.356,167.8000,67
34978356306074,09:42:58.356,167.8000,50
34978356948795,09:42:58.356,167.8000,9
34978357000187,09:42:58.357,167.8000,100
34978357050331,09:42:58.357,167.8000,100
34978357876427,09:42:58.357,167.8000,74
34978357876427,09:42:58.357,167.8000,26
34982359341246,09:43:02.359,167.7800,100
34982359342510,09:43:02.359,167.8000,43
34994638027912,09:43:14.638,167.8000,100
34995749188917,09:43:15.749,167.8000,100
35008323244009,09:43:28.323,167.6600,100
35008539727191,09:43:28.539,167.7500,100
35008543007341,09:43:28.543,167.6500,99
35010260011364,09:43:30.260,167.6800,35
35010260011364,09:43:30.260,167.6900,65
35043505067548,09:44:03.505,167.4600,100
35043505626105,09:44:03.505,167.4500,100
35043505626105,09:44:03.505,167.4600,17
35043506643165,09:44:03.506,167.3700,100
35047821784063,09:44:07.821,167.2600,6
35086081653556,09:44:46.081,167.2100,74
35086081678642,09:44:46.081,167.2100,26
35089114293512,09:44:49.114,167.2700,100
35099204007664,09:44:59.204,167.2900,100
35102002700290,09:45:02.002,167.2800,45
35102002700290,09:45:02.002,167.3000,55
35102002730192,09:45:02.002,167.3000,45
35113497166631,09:45:13.497,167.3400,5
35115208637554,09:45:15.208,167.2600,8
35122265333551,09:45:22.265,167.4300,100
35128233385996,09:45:28.233,167.3300,100
35137247771984,09:45:37.247,167.1700,6
35142340144716,09:45:42.340,167.2900,100
35157277274604,09:45:57.277,167.1800,100
35161865610261,09:46:01.865,167.3000,400
35161865650925,09:46:01.865,167.3000,200
35161865650925,09:46:01.865,167.3000,5
35161865650925,09:46:01.865,167.3000,6
35161865650925,09:46:01.865,167.3000,12
35161865650925,09:46:01.865,167.3000,1
35161865664114,09:46:01.865,167.3000,100
35161865709855,09:46:01.865,167.3000,24
35161865769720,09:46:01.865,167.3000,600
35161865799316,09:46:01.865,167.3000,100
35163410840001,09:46:03.410,167.2700,17
35163410851691,09:46:03.410,167.2700,83
35165732829307,09:46:05.732,167.2000,100
35165733440676,09:46:05.733,167.1700,2
35165736133407,09:46:05.736,167.0600,100
35165736140434,09:46:05.736,167.0600,58
35165737233591,09:46:05.737,167.0600,100
35165738376595,09:46:05.738,167.0600,100
35174899603979,09:46:14.899,167.1500,100
35174899603979,09:46:14.899,167.1500,1893
35186744521207,09:46:26.744,167.0900,100
35203859323396,09:46:43.859,167.0700,100
35203859401003,09:46:43.859,167.0600,38
35208080636844,09:46:48.080,166.9400,100
35211229548563,09:46:51.229,166.9900,100
35211229561092,09:46:51.229,167.0100,3
35211229643025,09:46:51.229,167.0000,100
35286988216090,09:48:06.988,166.9800,2
35292604270139,09:48:12.604,166.8300,5
35292605233248,09:48:12.605,166.7700,70
35333398857679,09:48:53.398,166.6400,38
35345430737144,09:49:05.430,166.6400,100
35345430737144,09:49:05.430,166.6400,2
35345430737144,09:49:05.430,166.6400,3
35345430737144,09:49:05.430,166.6400,3
35345430737144,09:49:05.430,166.6400,1
35379371804074,09:49:39.371,166.8700,1
35441253644638,09:50:41.253,167.0900,100
35481970732013,09:51:21.970,167.0900,1
35566224377145,09:52:46.224,167.1500,4
35566224377145,09:52:46.224,167.1500,3
35566224377145,09:52:46.224,167.1500,3
35566224377145,09:52:46.224,167.1500,3
35566226316265,09:52:46.226,167.1700,5
35597039808859,09:53:17.039,167.1700,1
35635525928777,09:53:55.525,167.2000,1
35635525974310,09:53:55.525,167.2000,99
35635525974310,09:53:55.525,167.2000,3
35635525974310,09:53:55.525,167.2000,2
35635526666531,09:53:55.526,167.2200,26
35635526687009,09:53:55.526,167.2200,26
35635526691362,09:53:55.526,167.2200,48
35653780896926,09:54:13.780,167.1500,70
35653788279533,09:54:13.788,167.1000,50
35653788305891,09:54:13.788,167.1000,50
35653788652518,09:54:13.788,167.1000,50
35653788652518,09:54:13.788,167.0900,2
35653788652518,09:54:13.788,167.0900,10
35654651662371,09:54:14.651,167.0900,10
35674694313176,09:54:34.694,167.2300,100
35674694685696,09:54:34.694,167.2300,100
35674694685696,09:54:34.694,167.2300,100
35674694685696,09:54:34.694,167.2300,100
35678801855308,09:54:38.801,167.3000,6
35679543698507,09:54:39.543,167.1200,100
35680229829363,09:54:40.229,167.0700,100
35684998483587,09:54:44.998,167.1000,100
35684998483587,09:54:44.998,167.0900,100
35684998509724,09:54:44.998,167.0900,100
35684999584007,09:54:44.999,167.0600,100
35685161168279,09:54:45.161,167.0300,100
35691145508730,09:54:51.145,167.0200,100
35691145851539,09:54:51.145,167.0100,40
35699891288505,09:54:59.891,166.9900,82
35699891313118,09:54:59.891,166.9900,18
35699891488585,09:54:59.891,166.9600,13
35699891540665,09:54:59.891,166.9600,37
35699891544115,09:54:59.891,166.9600,37
35699893013545,09:54:59.893,166.9900,100
35699893380016,09:54:59.893,167.0000,82
35699893987241,09:54:59.893,167.0000,18
35699898266176,09:54:59.898,166.9900,100
35699924323285,09:54:59.924,166.9600,13
35716839182295,09:55:16.839,166.9900,100
35717233409664,09:55:17.233,166.9400,100
35724559993827,09:55:24.559,166.9200,100
35724560513349,09:55:24.560,166.8600,100
35724561108683,09:55:24.561,166.9100,100
35730397626292,09:55:30.397,166.8900,100
35730397872302,09:55:30.397,166.8800,100
35733144485960,09:55:33.144,166.9100,100
35733144485960,09:55:33.144,166.9100,100
35733144511069,09:55:33.144,166.9100,100
35833468408900,09:57:13.468,166.8900,5
35833468408900,09:57:13.468,166.8800,45
35833468415369,09:57:13.468,166.8800,55
35833468415369,09:57:13.468,166.8800,45
35833468424274,09:57:13.468,166.8800,15
35833469087990,09:57:13.469,166.8700,2
35839244130528,09:57:19.244,166.7300,100
35840781500672,09:57:20.781,166.7300,100
35850734675487,09:57:30.734,166.6400,38
35850734989752,09:57:30.734,166.6300,100
35855170737700,09:57:35.170,166.4800,60
35855170871536,09:57:35.170,166.4600,100
35855170872084,09:57:35.170,166.4600,100
35855170930294,09:57:35.170,166.4500,100
35858126344603,09:57:38.126,166.4600,50
35867797653495,09:57:47.797,166.5000,100
35912041208066,09:58:32.041,166.6100,6
35912041208066,09:58:32.041,166.6100,6
35912041208066,09:58:32.041,166.6100,3
35912041208066,09:58:32.041,166.6100,3
35912041208066,09:58:32.041,166.6100,1
35912041854810,09:58:32.041,166.6100,100
35931806201860,09:58:51.806,166.5600,4
35952407771359,09:59:12.407,166.5000,100
35952407771359,09:59:12.407,166.5000,100
35952408168751,09:59:12.408,166.4800,73
35952408241533,09:59:12.408,166.4800,27
35969803656278,09:59:29.803,166.4200,17
35969803665253,09:59:29.803,166.4200,83
35969805182095,09:59:29.805,166.3800,100
35969820250137,09:59:29.820,166.3000,100
35969820276794,09:59:29.820,166.3000,100
35969820345196,09:59:29.820,166.2900,3
35969820350072,09:59:29.820,166.2900,3
35969820351564,09:59:29.820,166.2900,3
35977791850641,09:59:37.791,166.2500,100
35987016747048,09:59:47.016,166.3400,5
35987746317725,09:59:47.746,166.2600,100
35990044005248,09:59:50.044,166.2200,75
36000484915720,10:00:00.484,166.3500,5
36000484915720,10:00:00.484,166.3500,1
36000486282481,10:00:00.486,166.3600,100
36001312659398,10:00:01.312,166.3500,100
36001312768133,10:00:01.312,166.3500,100
36001312844679,10:00:01.312,166.3500,100
36001312921035,10:00:01.312,166.3500,100
36011268933911,10:00:11.268,166.3700,33
36011268938789,10:00:11.268,166.3700,67
36011268938789,10:00:11.268,166.3500,100
36011268938789,10:00:11.268,166.3500,33
36011268941239,10:00:11.268,166.3500,67
36011268941239,10:00:11.268,166.3500,94
36040178483556,10:00:40.178,166.3600,100
36056255545173,10:00:56.255,166.4900,24
36056255579906,10:00:56.255,166.4900,76
36056255601330,10:00:56.255,166.5100,3
36056255601330,10:00:56.255,166.5200,2
36070295423984,10:01:10.295,166.4300,80
36071243873121,10:01:11.243,166.4200,12
36071244044380,10:01:11.244,166.4200,88
36105779481028,10:01:45.779,166.4500,6
36111355093817,10:01:51.355,166.4500,94
36111355093817,10:01:51.355,166.4400,6
36111355134613,10:01:51.355,166.4400,94
36112545683155,10:01:52.545,166.4500,100
36113546689669,10:01:53.546,166.5000,100
36117274886577,10:01:57.274,166.4800,100
36134302430522,10:02:14.302,166.4500,12
36134302751413,10:02:14.302,166.4500,24
36134302804521,10:02:14.302,166.4500,12
36134302949191,10:02:14.302,166.4500,6
36134303200814,10:02:14.303,166.4500,18
36134303302862,10:02:14.303,166.4500,6
36134303456277,10:02:14.303,166.4500,20
36134303758476,10:02:14.303,166.4500,2
36134303758476,10:02:14.303,166.4400,4
36134303862676,10:02:14.303,166.4400,6
36134303887903,10:02:14.303,166.4400,38
36134304055800,10:02:14.304,166.4400,6
36134304394987,10:02:14.304,166.4400,24
36134308181845,10:02:14.308,166.4400,6
36134308321244,10:02:14.308,166.4400,6
36134308517013,10:02:14.308,166.4400,6
36134308726232,10:02:14.308,166.4400,4
36141173477540,10:02:21.173,166.4600,6
36141173517586,10:02:21.173,166.4600,6
36141173627953,10:02:21.173,166.4600,6
36141174611188,10:02:21.174,166.4600,6
36160965144378,10:02:40.965,166.5500,100
36166686684657,10:02:46.686,166.4500,100
36167090948751,10:02:47.090,166.4400,6
36167687627421,10:02:47.687,166.4300,100
36167687741041,10:02:47.687,166.4400,11
36167687741041,10:02:47.687,166.4500,89
36167687813010,10:02:47.687,166.4400,100
36167688020198,10:02:47.688,166.4300,100
36167688073737,10:02:47.688,166.4500,11
36167688604278,10:02:47.688,166.4400,10
36167688746072,10:02:47.688,166.4500,10
36167688971982,10:02:47.688,166.4500,10
36167693719305,10:02:47.693,166.4300,100
36168688727748,10:02:48.688,166.4500,18
36168688766551,10:02:48.688,166.4500,71
36177996157006,10:02:57.996,166.4600,100
36189644275979,10:03:09.644,166.4500,11
36189644275979,10:03:09.644,166.4500,89
36189644339445,10:03:09.644,166.4500,100
36189644358853,10:03:09.644,166.4500,11
36196996136983,10:03:16.996,166.4500,75
36198371895966,10:03:18.371,166.5200,3
36198371895966,10:03:18.371,166.5200,3
36198371895966,10:03:18.371,166.5200,2
36198371895966,10:03:18.371,166.5200,2
36198371895966,10:03:18.371,166.5200,90
36198371936759,10:03:18.371,166.5200,10
36207371359033,10:03:27.371,166.5100,8
36233108736086,10:03:53.108,166.5100,92
36290132844358,10:04:50.132,166.5600,100
36290133217289,10:04:50.133,166.5100,10
36290133220789,10:04:50.133,166.5100,10
36290133279692,10:04:50.133,166.5400,100
36290133734448,10:04:50.133,166.5000,10
36326482896990,10:05:26.482,166.3800,2
36326482947029,10:05:26.482,166.3800,4
36326482947029,10:05:26.482,166.3800,3
36326534907398,10:05:26.534,166.4000,2
36332491137996,10:05:32.491,166.4500,2
36332491137996,10:05:32.491,166.4500,3
36332491137996,10:05:32.491,166.4500,3
36332491329830,10:05:32.491,166.4800,100
36332515877454,10:05:32.515,166.4200,100
36332516235280,10:05:32.516,166.4200,100
36421643916427,10:07:01.643,166.3500,100
36422839740503,10:07:02.839,166.3500,100
36425059676566,10:07:05.059,166.3500,100
36426411879982,10:07:06.411,166.3500,100
36427412612241,10:07:07.412,166.3500,10
36427412904263,10:07:07.412,166.3500,4
36427412931706,10:07:07.412,166.3500,6
36427413282069,10:07:07.413,166.3700,10
36427418378383,10:07:07.418,166.3500,10
36427418378383,10:07:07.418,166.3500,10
36427418378383,10:07:07.418,166.3500,10
36437360976777,10:07:17.360,166.2900,106
36437368911464,10:07:17.368,166.2800,100
36437368911464,10:07:17.368,166.2800,6
36437771257638,10:07:17.771,166.2700,100
36445545052094,10:07:25.545,166.2700,100
36446411434514,10:07:26.411,166.2100,100
36446419128245,10:07:26.419,166.2000,25
36446419133494,10:07:26.419,166.2000,75
36446419133494,10:07:26.419,166.2000,25
36446419153324,10:07:26.419,166.2000,27
36459026465484,10:07:39.026,166.3000,100
36471788634121,10:07:51.788,166.3100,100
36471788634121,10:07:51.788,166.3100,8
36471788707107,10:07:51.788,166.3200,4
36471788707107,10:07:51.788,166.3200,3
36471788707107,10:07:51.788,166.3200,1
36471788707107,10:07:51.788,166.3200,1
36479550541336,10:07:59.550,166.3200,100
36480551536024,10:08:00.551,166.3200,71
36480551555333,10:08:00.551,166.3400,100
36480551605669,10:08:00.551,166.3200,29
36480551974162,10:08:00.551,166.3400,10
36480557065510,10:08:00.557,166.3200,10
36480557065510,10:08:00.557,166.3200,10
36489945390953,10:08:09.945,166.3200,4
36504588457717,10:08:24.588,166.3200,96
36504588457717,10:08:24.588,166.3200,6
36505589497228,10:08:25.589,166.3400,72
36505589525611,10:08:25.589,166.3400,20
36505590092464,10:08:25.590,166.3400,80
36505590190449,10:08:25.590,166.3400,20
36505590190449,10:08:25.590,166.3400,10
36515600439100,10:08:35.600,166.3500,100
36515600784315,10:08:35.600,166.3200,100
36516601426788,10:08:36.601,166.3700,100
36516601785257,10:08:36.601,166.3800,100
36518888379912,10:08:38.888,166.3500,100
36518888442854,10:08:38.888,166.3500,33
36518888490630,10:08:38.888,166.3500,67
36519889326924,10:08:39.889,166.3500,100
36519889352584,10:08:39.889,166.3500,100
36537749544048,10:08:57.749,166.4400,3
36537750220867,10:08:57.750,166.4400,100
36555540606650,10:09:15.540,166.4500,100
36570312986170,10:09:30.312,166.4600,100
36570313016236,10:09:30.313,166.4700,1
36637958976306,10:10:37.958,166.5800,2
36637958976306,10:10:37.958,166.5800,2
36637958976306,10:10:37.958,166.5800,1
36637958976306,10:10:37.958,166.5800,1
36637960378275,10:10:37.960,166.5900,3
36680377556038,10:11:20.377,166.6000,100
36680377556038,10:11:20.377,166.5900,70
36700245300751,10:11:40.245,166.6000,100
36708691330625,10:11:48.691,166.6800,100
36708691330625,10:11:48.691,166.7100,38
36708691454496,10:11:48.691,166.7100,62
36708691454496,10:11:48.691,166.7100,3
36709092705850,10:11:49.092,166.7100,3
36712298471209,10:11:52.298,166.6500,100
36712303927049,10:11:52.303,166.6000,55
36734762926581,10:12:14.762,166.6700,50
36759552427727,10:12:39.552,166.7900,2
36759552427727,10:12:39.552,166.7900,98
36774565906942,10:12:54.565,166.7700,100
36779649099040,10:12:59.649,166.7700,100
36779671688421,10:12:59.671,166.7900,2
36779671688421,10:12:59.671,166.7900,2
36779672279757,10:12:59.672,166.8600,1
36795818458216,10:13:15.818,166.8200,10
36795818807109,10:13:15.818,166.8300,2
36807416144630,10:13:27.416,166.7900,100
36807416144630,10:13:27.416,166.7800,100
36807416844443,10:13:27.416,166.7800,100
36825026353010,10:13:45.026,166.7400,100
36825026353010,10:13:45.026,166.7400,5
36825026355803,10:13:45.026,166.7400,10
36825026355803,10:13:45.026,166.7400,23
36825026358879,10:13:45.026,166.7400,7
36825210940534,10:13:45.210,166.7000,50
36828039582821,10:13:48.039,166.7000,16
36828039586008,10:13:48.039,166.7000,34
36828039586008,10:13:48.039,166.6700,66
36828039593788,10:13:48.039,166.6700,34
36854818981272,10:14:14.818,166.6700,100
36854818981272,10:14:14.818,166.6700,3
36893480833635,10:14:53.480,166.7600,1
36893480833635,10:14:53.480,166.7600,100
36893480913499,10:14:53.480,166.7600,100
36902647290825,10:15:02.647,166.6700,100
36902647290825,10:15:02.647,166.6700,100
37003773001545,10:16:43.773,166.7600,100
37003773383478,10:16:43.773,166.7700,100
37003773383478,10:16:43.773,166.7700,2
37003773383478,10:16:43.773,166.7700,4
37003773383478,10:16:43.773,166.7700,2
37003773383478,10:16:43.773,166.7700,1
37003773421121,10:16:43.773,166.7600,100
37003773971136,10:16:43.773,166.7600,100
37003774138005,10:16:43.774,166.7600,100
37003783056792,10:16:43.783,166.7600,96
37003868295427,10:16:43.868,166.8000,1
37033610534887,10:17:13.610,166.6400,4
37033610534887,10:17:13.610,166.6400,18
37035503386991,10:17:15.503,166.6400,100
37035503463030,10:17:15.503,166.6400,100
37060536483853,10:17:40.536,166.6400,100
37069187236311,10:17:49.187,166.6400,55
37069187236311,10:17:49.187,166.5800,45
37075985226785,10:17:55.985,166.5800,5
37075985865609,10:17:55.985,166.5800,100
37092626506279,10:18:12.626,166.6100,1
37092626679909,10:18:12.626,166.5100,100
37092626679909,10:18:12.626,166.5100,100
37092626679909,10:18:12.626,166.5100,6
37097980634800,10:18:17.980,166.4400,100
37098106487667,10:18:18.106,166.4000,50
37098981633865,10:18:18.981,166.4400,100
37099982570160,10:18:19.982,166.4300,7
37099982570160,10:18:19.982,166.4300,1
37100230855057,10:18:20.230,166.4400,92
37113226251858,10:18:33.226,166.4300,3
37130591726261,10:18:50.591,166.3200,6
37130591835858,10:18:50.591,166.3200,6
37130592076218,10:18:50.592,166.3200,12
37130592695608,10:18:50.592,166.3700,100
37140985429483,10:19:00.985,166.4100,100
37140985429483,10:19:00.985,166.4100,7
37140985744356,10:19:00.985,166.4100,100
37140986091118,10:19:00.986,166.4100,100
37140990516657,10:19:00.990,166.4000,100
37141336138777,10:19:01.336,166.3600,100
37164722338546,10:19:24.722,166.3900,50
37164848982917,10:19:24.848,166.3800,100
37165851616509,10:19:25.851,166.3800,100
37167875530553,10:19:27.875,166.3800,100
37170728449468,10:19:30.728,166.3800,50
37170728473903,10:19:30.728,166.3800,50
37187226022898,10:19:47.226,166.4300,87
37187226058737,10:19:47.226,166.4300,10
37204739909903,10:20:04.739,166.5400,100
37221419692747,10:20:21.419,166.5400,100
37221419912259,10:20:21.419,166.5600,3
37221419912259,10:20:21.419,166.5700,3
37221419912259,10:20:21.419,166.5700,1
37221420222465,10:20:21.420,166.5600,100
37229989990918,10:20:29.989,166.6000,21
37229990452525,10:20:29.990,166.6000,79
37229990452525,10:20:29.990,166.6000,21
37230011535541,10:20:30.011,166.6300,10
37230023526405,10:20:30.023,166.6000,10
37230023526405,10:20:30.023,166.6000,10
37230343725674,10:20:30.343,166.5300,100
37231995706263,10:20:31.995,166.6000,90
37239340716705,10:20:39.340,166.5600,100
37270991311652,10:21:10.991,166.5600,100
37270993043103,10:21:10.993,166.5600,100
37273264503069,10:21:13.264,166.5600,100
37295651226054,10:21:35.651,166.6600,1
37295651226054,10:21:35.651,166.6600,2
37295651226054,10:21:35.651,166.6600,2
37312208205005,10:21:52.208,166.7000,17
37312208230196,10:21:52.208,166.7000,83
37344532104401,10:22:24.532,166.7900,7
37359308112175,10:22:39.308,166.8400,3
37359308112175,10:22:39.308,166.8400,97
37378598807082,10:22:58.598,166.7700,100
37378599570862,10:22:58.599,166.7700,100
37378599837962,10:22:58.599,166.7300,100
37378601701074,10:22:58.601,166.7200,100
37379601218041,10:22:59.601,166.7300,100
37379601224424,10:22:59.601,166.7300,100
37386351843410,10:23:06.351,166.7600,100
37401588954074,10:23:21.588,166.8700,6
37401589093904,10:23:21.589,166.8700,78
37401589624162,10:23:21.589,166.8700,4
37401589905059,10:23:21.589,166.8700,18
37401589905059,10:23:21.589,166.8700,82
37401608704533,10:23:21.608,166.9500,1
37401608704533,10:23:21.608,166.9500,99
37401608714890,10:23:21.608,166.9500,1
37401608784959,10:23:21.608,166.9500,100
37401608870599,10:23:21.608,166.9100,10
37401610128145,10:23:21.610,167.0000,100
37401619013198,10:23:21.619,167.0700,100
37401619013198,10:23:21.619,167.0800,100
37401619013198,10:23:21.619,167.0800,50
37401619650595,10:23:21.619,167.0800,50
37401619655991,10:23:21.619,167.0800,50
37401620498597,10:23:21.620,167.0800,50
37401620614131,10:23:21.620,167.0800,50
37494172410854,10:24:54.172,166.9100,100
37494172410854,10:24:54.172,166.9000,100
37494172410854,10:24:54.172,166.9000,100
37494172410854,10:24:54.172,166.9000,5
37494172410854,10:24:54.172,166.9000,95
37494172442020,10:24:54.172,166.9000,5
37494172466689,10:24:54.172,166.8900,20
37494173083511,10:24:54.173,166.8900,53
37494173432324,10:24:54.173,166.8900,4
37494173459751,10:24:54.173,166.8900,23
37495173433222,10:24:55.173,166.9000,100
37495174912526,10:24:55.174,166.9400,3
37498084697877,10:24:58.084,166.9000,100
37498084697877,10:24:58.084,166.9000,100
37536957408368,10:25:36.957,166.7800,100
37543815323479,10:25:43.815,166.7700,100
37546819574562,10:25:46.819,166.7700,45
37546819574562,10:25:46.819,166.7600,55
37568012146439,10:26:08.012,166.7900,100
37568012606481,10:26:08.012,166.7500,47
37570125401717,10:26:10.125,166.7500,12
37570125427304,10:26:10.125,166.7500,6
37570125507782,10:26:10.125,166.7500,6
37570126296703,10:26:10.126,166.7500,29
37570126296703,10:26:10.126,166.7500,6
37598218509278,10:26:38.218,166.8400,5
37598218509278,10:26:38.218,166.8400,3
37598218509278,10:26:38.218,166.8400,2
37598218537901,10:26:38.218,166.8400,3
37598218673596,10:26:38.218,166.8400,10
37598218919266,10:26:38.218,166.8400,10
37610285990864,10:26:50.285,166.8800,5
37610286025587,10:26:50.286,166.8800,95
37610286025587,10:26:50.286,166.8800,100
37633007504032,10:27:13.007,166.8800,200
37633007666728,10:27:13.007,166.8900,100
37661837335309,10:27:41.837,166.9300,24
37661837335309,10:27:41.837,166.9500,100
37661837335309,10:27:41.837,166.9600,3
37661837335309,10:27:41.837,166.9600,100
37670615967304,10:27:50.615,167.0300,1
37737042476099,10:28:57.042,167.0300,30
37737043414289,10:28:57.043,167.0300,100
37737043414289,10:28:57.043,167.0400,100
37737043414289,10:28:57.043,167.0400,100
37737043929598,10:28:57.043,167.0500,1
37737066442352,10:28:57.066,167.0400,10
37747581815743,10:29:07.581,167.0500,20
37747581917916,10:29:07.581,167.0500,79
37747581917916,10:29:07.581,167.0500,2
37748622813160,10:29:08.622,167.0100,19
37748622813160,10:29:08.622,167.0100,44
37748622874645,10:29:08.622,167.0100,7
37748622880185,10:29:08.622,167.0100,93
37748622967430,10:29:08.622,167.0200,100
37748623164206,10:29:08.623,167.0100,100
37748623164206,10:29:08.623,167.0100,100
37748623346336,10:29:08.623,167.0000,5
37748623346336,10:29:08.623,167.0000,7
37748623347251,10:29:08.623,167.0000,93
37793125464572,10:29:53.125,166.9700,6
37793125756027,10:29:53.125,166.9700,6
37793125845762,10:29:53.125,166.9700,6
37793125942305,10:29:53.125,166.9700,6
37807125152415,10:30:07.125,166.9700,12
37807125481221,10:30:07.125,166.9700,6
37807126246873,10:30:07.126,166.9700,6
37868621475509,10:31:08.621,167.0400,100
37906943327497,10:31:46.943,166.9100,5
37906943327497,10:31:46.943,166.9100,138
37906943393569,10:31:46.943,166.8900,64
37906943433085,10:31:46.943,166.8900,36
37907899595110,10:31:47.899,166.9500,3
37907899595110,10:31:47.899,166.9500,97
37907899966083,10:31:47.899,166.9500,3
37908004767725,10:31:48.004,166.9600,96
37908004958033,10:31:48.004,166.9600,4
37995287606209,10:33:15.287,167.0300,5
37995287606209,10:33:15.287,167.0300,3
37995287606209,10:33:15.287,167.0300,2
37995287606209,10:33:15.287,167.0300,4
38059922095392,10:34:19.922,166.9400,100
38059922095392,10:34:19.922,166.9300,37
38059922299467,10:34:19.922,166.9300,63
38059922299467,10:34:19.922,166.9300,100
38059922299467,10:34:19.922,166.9300,5
38059924272564,10:34:19.924,166.9200,100
38074595875126,10:34:34.595,166.9800,15
38110333832369,10:35:10.333,167.0000,3
38110333832369,10:35:10.333,167.0000,1
38110338931472,10:35:10.338,167.0000,10
38110339115339,10:35:10.339,166.9700,10
38110339338307,10:35:10.339,166.9700,10
38178680553733,10:36:18.680,167.0300,100
38178680587677,10:36:18.680,167.0400,100
38178680587677,10:36:18.680,167.0400,3
38221789585459,10:37:01.789,167.1200,1
38221789585459,10:37:01.789,167.1200,2
38221789611326,10:37:01.789,167.1300,100
38221789614715,10:37:01.789,167.1300,5
38221789617707,10:37:01.789,167.1300,51
38221789617707,10:37:01.789,167.1300,44
38221792212635,10:37:01.792,167.1300,56
38234266388974,10:37:14.266,167.0900,100
38234689220620,10:37:14.689,167.0800,100
38253182232425,10:37:33.182,167.0400,5
38253182549901,10:37:33.182,167.0200,24
38253183526803,10:37:33.183,167.0100,4
38253183873611,10:37:33.183,167.0100,96
38253183873611,10:37:33.183,167.0100,4
38253184352778,10:37:33.184,167.0000,100
38253184352778,10:37:33.184,167.0000,100
38253184352778,10:37:33.184,167.0000,100
38266074277364,10:37:46.074,167.0000,60
38266074277364,10:37:46.074,166.9700,40
38266074760811,10:37:46.074,166.9700,60
38305924680391,10:38:25.924,167.0200,100
38309051842675,10:38:29.051,166.9700,100
38309051870584,10:38:29.051,166.9700,4
38309052204163,10:38:29.052,166.9700,4
38358638759870,10:39:18.638,167.0200,28
38358638759870,10:39:18.638,167.0400,72
38383156359213,10:39:43.156,166.9400,100
38383156475737,10:39:43.156,166.9300,73
38383156552540,10:39:43.156,166.9300,27
38490772696452,10:41:30.772,167.0000,14
38490772696452,10:41:30.772,167.0200,86
38490772734292,10:41:30.772,167.0200,14
38490772734292,10:41:30.772,167.0200,1
38490772734292,10:41:30.772,167.0200,6
38490772734292,10:41:30.772,167.0200,3
38490772734292,10:41:30.772,167.0200,4
38490808945262,10:41:30.808,166.9900,16
38497492297086,10:41:37.492,167.0800,17
38532354207675,10:42:12.354,167.1500,2
38532354207675,10:42:12.354,167.1700,100
38532354207675,10:42:12.354,167.1800,100
38543823599124,10:42:23.823,167.2000,44
38543823607708,10:42:23.823,167.2000,56
38543823607708,10:42:23.823,167.2000,44
38543823631759,10:42:23.823,167.2000,56
38543823695790,10:42:23.823,167.2000,100
38543823696404,10:42:23.823,167.2000,29
38543823709872,10:42:23.823,167.2000,3
38543823758201,10:42:23.823,167.2000,100
38543823837427,10:42:23.823,167.2000,100
38543824183164,10:42:23.824,167.2000,56
38543824255226,10:42:23.824,167.2000,44
38543827936990,10:42:23.827,167.2000,100
38543828043653,10:42:23.828,167.2000,100
38543828169677,10:42:23.828,167.2000,100
38543828490841,10:42:23.828,167.2000,100
38543834253097,10:42:23.834,167.2000,100
38547945128664,10:42:27.945,167.2000,100
38547945243412,10:42:27.945,167.2000,4
38547945243412,10:42:27.945,167.2000,100
38547964617454,10:42:27.964,167.2100,100
38549241648349,10:42:29.241,167.2000,100
38550350293979,10:42:30.350,167.2200,100
38553022162503,10:42:33.022,167.2100,6
38558242984556,10:42:38.242,167.2400,100
38559243985859,10:42:39.243,167.2400,100
38559244024694,10:42:39.244,167.2400,100
38589084255074,10:43:09.084,167.2100,27
38696749782923,10:44:56.749,167.3200,52
38696749812423,10:44:56.749,167.3200,48
38696749812423,10:44:56.749,167.3200,100
38696749812423,10:44:56.749,167.3200,2
38696749812423,10:44:56.749,167.3200,5
38696749812423,10:44:56.749,167.3200,3
38696749812423,10:44:56.749,167.3200,1
38822501589983,10:47:02.501,167.3500,100
38822501641297,10:47:02.501,167.2900,90
38824282084071,10:47:04.282,167.2800,2
38824282084071,10:47:04.282,167.2800,100
38824282084071,10:47:04.282,167.2700,100
38824282084071,10:47:04.282,167.2700,3
38824282118801,10:47:04.282,167.2700,70
38824282126310,10:47:04.282,167.2700,27
38824282126310,10:47:04.282,167.2700,5
38824282140995,10:47:04.282,167.2600,54
38824282693431,10:47:04.282,167.2600,4
38824283182903,10:47:04.283,167.2600,42
38824452438713,10:47:04.452,167.3400,100
38853017519445,10:47:33.017,167.3000,100
38853090191822,10:47:33.090,167.3000,19
38854476487802,10:47:34.476,167.3000,25
38854476513084,10:47:34.476,167.3000,75
38856514150769,10:47:36.514,167.2600,5
38857594029691,10:47:37.594,167.2600,95
38857594029691,10:47:37.594,167.2600,100
38859228505475,10:47:39.228,167.2600,4
38859228505475,10:47:39.228,167.2600,4
38893543908316,10:48:13.543,167.2100,2
38893543908316,10:48:13.543,167.2000,100
38893543908316,10:48:13.543,167.2000,100
38893543908316,10:48:13.543,167.2000,3
38893544329863,10:48:13.544,167.2000,2
38893544329863,10:48:13.544,167.2000,100
38893544391554,10:48:13.544,167.2000,27
38893544430327,10:48:13.544,167.2000,73
38893544497705,10:48:13.544,167.2000,100
38893544497705,10:48:13.544,167.2000,2
38893544716006,10:48:13.544,167.2000,100
38893544716006,10:48:13.544,167.2000,2
38893545708001,10:48:13.545,167.2000,96
38893546160422,10:48:13.546,167.2000,4
38893546160422,10:48:13.546,167.2000,96
38893547977916,10:48:13.547,167.2000,4
38893547977916,10:48:13.547,167.2000,96
38893548013671,10:48:13.548,167.2000,4
38893549044131,10:48:13.549,167.2000,100
38893549044131,10:48:13.549,167.2000,577
38893918433363,10:48:13.918,167.2000,81
38893918470807,10:48:13.918,167.2000,19
38893918470807,10:48:13.918,167.2000,100
38902052796831,10:48:22.052,167.1600,50
38902052839322,10:48:22.052,167.1600,50
38902167498555,10:48:22.167,167.1800,100
38916706522227,10:48:36.706,167.2000,100
38916706553916,10:48:36.706,167.2100,100
38916706553916,10:48:36.706,167.2100,10
38916706553916,10:48:36.706,167.2100,3
38927703224477,10:48:47.703,167.2200,20
38927703254015,10:48:47.703,167.2200,80
38927703254015,10:48:47.703,167.2200,100
38949296127186,10:49:09.296,167.1700,17
38993408008913,10:49:53.408,167.1600,2
38993408008913,10:49:53.408,167.1500,98
38993408024133,10:49:53.408,167.1500,2
38993408024133,10:49:53.408,167.1500,85
38993408026133,10:49:53.408,167.1500,15
38993408026133,10:49:53.408,167.1400,13
38993408026133,10:49:53.408,167.1400,32
38993408076139,10:49:53.408,167.1400,68
38993408546444,10:49:53.408,167.1300,100
39052980296337,10:50:52.980,167.0800,6
39052980322924,10:50:52.980,167.0800,94
39052980322924,10:50:52.980,167.0800,5
39052980322924,10:50:52.980,167.0800,20
39056539441754,10:50:56.539,167.1100,7
39179788544749,10:52:59.788,167.0200,60
39179788544749,10:52:59.788,167.0000,100
39179788544749,10:52:59.788,167.0000,100
39179788544749,10:52:59.788,167.0000,5
39179788544749,10:52:59.788,167.0000,40
39179788561298,10:52:59.788,167.0000,60
39179788681426,10:52:59.788,166.9900,2
39179788682237,10:52:59.788,166.9900,32
39179788918061,10:52:59.788,166.9900,59
39179788923178,10:52:59.788,166.9900,7
39179788923178,10:52:59.788,166.9900,43
39179788931241,10:52:59.788,166.9900,57
39179805071402,10:52:59.805,166.9400,46
39179805674459,10:52:59.805,166.9400,54
39182008725389,10:53:02.008,166.9600,15
39182008725389,10:53:02.008,166.9700,4
39182008752474,10:53:02.008,166.9700,15
39184974556793,10:53:04.974,166.9500,4
39184974556793,10:53:04.974,166.9800,96
39184974585090,10:53:04.974,166.9800,4
39184974585090,10:53:04.974,166.9800,100
39184974664861,10:53:04.974,166.9800,100
39226806081642,10:53:46.806,167.0100,100
39226806081642,10:53:46.806,167.0100,3
39226806081642,10:53:46.806,167.0100,6
39226806081642,10:53:46.806,167.0100,3
39226806081642,10:53:46.806,167.0100,2
39226806081642,10:53:46.806,167.0100,1
39226806081642,10:53:46.806,167.0100,49
39226806113350,10:53:46.806,167.0100,51
39244460166196,10:54:04.460,167.0000,2
39292555893781,10:54:52.555,167.0800,10
39335277633993,10:55:35.277,167.1900,100
39335277928203,10:55:35.277,167.1900,4
39335277928203,10:55:35.277,167.1900,2
39335277928203,10:55:35.277,167.1900,1
39337108569799,10:55:37.108,167.2000,100
39356924527329,10:55:56.924,167.2400,1
39398630422592,10:56:38.630,167.1400,4
39398630446223,10:56:38.630,167.1400,94
39398631608918,10:56:38.631,167.1200,66
39398631686649,10:56:38.631,167.1200,34
39398660785999,10:56:38.660,167.0700,100
39403271755866,10:56:43.271,167.0500,65
39403273503401,10:56:43.273,167.0400,100
39403273504654,10:56:43.273,167.0500,35
39403273695687,10:56:43.273,167.0400,100
39403273913559,10:56:43.273,167.0400,2
39421308276424,10:57:01.308,167.0600,100
39421445570798,10:57:01.445,167.1200,2
39421445570798,10:57:01.445,167.1200,2
39421445570798,10:57:01.445,167.1200,100
39428474648607,10:57:08.474,167.1600,1
39456278054221,10:57:36.278,167.0600,100
39456278100240,10:57:36.278,167.0600,9
39456278132949,10:57:36.278,167.0600,100
39456278461106,10:57:36.278,167.0600,100
39456289897981,10:57:36.289,167.0600,100
39490789192907,10:58:10.789,167.2000,1
39490789192907,10:58:10.789,167.2000,9
39490789222016,10:58:10.789,167.2000,91
39490789222016,10:58:10.789,167.2000,2
39531144352361,10:58:51.144,167.0700,4
39531144378686,10:58:51.144,167.0700,96
39531144378686,10:58:51.144,167.0700,4
39531144488334,10:58:51.144,167.0600,100
39531144771770,10:58:51.144,167.0600,100
39531144821258,10:58:51.144,167.0600,100
39531145027558,10:58:51.145,167.0600,2
39535735548396,10:58:55.735,167.1300,3
39536862825935,10:58:56.862,167.1400,100
39574845703473,10:59:34.845,167.0900,100
39579178821270,10:59:39.178,167.1800,100
39581221309290,10:59:41.221,167.1200,100
39603374599026,11:00:03.374,167.1900,100
39603374636618,11:00:03.374,167.1900,28
39603374652360,11:00:03.374,167.1900,62
39604672190189,11:00:04.672,167.1900,10
39604672190189,11:00:04.672,167.1900,2
39604672190189,11:00:04.672,167.1900,100
39632317318224,11:00:32.317,167.1300,4
39632319107495,11:00:32.319,167.1100,100
39632338048081,11:00:32.338,167.0600,98
39632338048081,11:00:32.338,167.0600,100
39632338794454,11:00:32.338,167.0600,100
39632339171646,11:00:32.339,167.0600,100
39632339171646,11:00:32.339,167.0600,100
39632339199270,11:00:32.339,167.0600,50
39632339261356,11:00:32.339,167.0600,100
39632342520141,11:00:32.342,167.0600,100
39632342868442,11:00:32.342,167.0600,100
39632344843265,11:00:32.344,167.0600,100
39632344845681,11:00:32.344,167.0600,50
39632344988428,11:00:32.344,167.0600,100
39632699846554,11:00:32.699,167.0600,100
39632715311411,11:00:32.715,167.0700,25
39662943594857,11:01:02.943,167.1900,54
39662943709281,11:01:02.943,167.2000,40
39662943709281,11:01:02.943,167.2000,59
39662943709281,11:01:02.943,167.2000,66
39662943720782,11:01:02.943,167.2000,32
39662943720782,11:01:02.943,167.2000,68
39662943780832,11:01:02.943,167.2000,32
39662943780832,11:01:02.943,167.2000,4
39662943780832,11:01:02.943,167.2000,100
39662951461123,11:01:02.951,167.2400,100
39663392687486,11:01:03.392,167.2800,100
39663392687486,11:01:03.392,167.2800,100
39727261922743,11:02:07.261,167.4700,2
39727263602592,11:02:07.263,167.4900,100
39727263602592,11:02:07.263,167.5000,15
39727263630163,11:02:07.263,167.5000,85
39727263630163,11:02:07.263,167.5000,15
39743513721989,11:02:23.513,167.3600,18
39744538842874,11:02:24.538,167.4000,100
39778043151748,11:02:58.043,167.3600,100
39789710012951,11:03:09.710,167.3300,4
39869028008667,11:04:29.028,167.2800,13
39869028008667,11:04:29.028,167.2800,5
39869028008667,11:04:29.028,167.2800,2
39869028008667,11:04:29.028,167.2800,1
39869028008667,11:04:29.028,167.2800,1
39890561152592,11:04:50.561,167.1800,4
39890562240552,11:04:50.562,167.1700,100
39890562307855,11:04:50.562,167.1700,100
39890591528762,11:04:50.591,167.1600,15
39890591555948,11:04:50.591,167.1600,85
39890672268317,11:04:50.672,167.1500,7
40040022113601,11:07:20.022,167.0900,5
40042824817199,11:07:22.824,167.0600,30
40044563350399,11:07:24.563,167.0600,70
40044563350399,11:07:24.563,167.0600,30
40050374099224,11:07:30.374,167.0600,70
40050374099224,11:07:30.374,167.0600,30
40050443596060,11:07:30.443,167.0600,70
40050443596060,11:07:30.443,167.0600,30
40050443880236,11:07:30.443,167.0600,70
40052884291378,11:07:32.884,167.0700,100
40063390996759,11:07:43.390,167.0600,100
40089757510562,11:08:09.757,167.0600,100
40089757574315,11:08:09.757,167.0600,5
40089757601547,11:08:09.757,167.0600,100
40089757868177,11:08:09.757,167.0600,100
40089757951166,11:08:09.757,167.0600,5
40097397751455,11:08:17.397,167.0600,1
40099771013549,11:08:19.771,167.0600,9
40101716800325,11:08:21.716,167.0600,76
40101716800325,11:08:21.716,167.0600,3
40115867956991,11:08:35.867,167.1000,4
40115867956991,11:08:35.867,167.1000,4
40115867956991,11:08:35.867,167.1000,2
40115867956991,11:08:35.867,167.1000,13
40115867956991,11:08:35.867,167.1000,1
40162276298242,11:09:22.276,167.1000,4
40162276695801,11:09:22.276,167.1100,100
40162276734036,11:09:22.276,167.1300,100
40181282262966,11:09:41.282,167.0600,14
40181282290338,11:09:41.282,167.0600,86
40186374340925,11:09:46.374,167.1100,100
40212278949864,11:10:12.278,167.1000,6
40225669967282,11:10:25.669,167.1900,62
40225669974070,11:10:25.669,167.1900,38
40225669974070,11:10:25.669,167.1900,15
40225670046123,11:10:25.670,167.1900,62
40225670047524,11:10:25.670,167.1900,5
40225670503545,11:10:25.670,167.1900,18
40225670503545,11:10:25.670,167.1900,5
40225702401851,11:10:25.702,167.2000,5
40229887220180,11:10:29.887,167.2400,3
40229887220180,11:10:29.887,167.2500,97
40229887254699,11:10:29.887,167.2500,3
40230120577537,11:10:30.120,167.3100,100
40230121038212,11:10:30.121,167.3400,62
40260082861842,11:11:00.082,167.3000,100
40266797992833,11:11:06.797,167.3100,7
40281121802396,11:11:21.121,167.2500,100
40281121802396,11:11:21.121,167.2500,100
40310221426736,11:11:50.221,167.2900,4
40315248313150,11:11:55.248,167.3100,1
40344489462500,11:12:24.489,167.3100,3
40346090988758,11:12:26.090,167.3100,7
40411242600164,11:13:31.242,167.3600,100
40429812012294,11:13:49.812,167.3700,2
40429812012294,11:13:49.812,167.3700,2
40429812012294,11:13:49.812,167.3700,1
40455876576027,11:14:15.876,167.2900,100
40455882412639,11:14:15.882,167.2700,5
40455882412639,11:14:15.882,167.2500,100
40455882461983,11:14:15.882,167.2400,158
40455882476442,11:14:15.882,167.2400,42
40457724576044,11:14:17.724,167.2000,100
40478973840448,11:14:38.973,167.2500,68
40478973865515,11:14:38.973,167.2500,32
40478973865515,11:14:38.973,167.2500,3
40492088392241,11:14:52.088,167.1800,100
40492090349257,11:14:52.090,167.1600,100
40492090749474,11:14:52.090,167.1500,100
40492094879151,11:14:52.094,167.1400,100
40494008475376,11:14:54.008,167.1400,100
40657848262815,11:17:37.848,167.2200,1
40680161029499,11:18:00.161,167.2600,100
40680161029499,11:18:00.161,167.2700,100
40683717556789,11:18:03.717,167.2800,4
40683717556789,11:18:03.717,167.2800,1
40683717556789,11:18:03.717,167.2800,100
40683717556789,11:18:03.717,167.2800,1
40683717556789,11:18:03.717,167.2800,3
40683718084082,11:18:03.718,167.2900,5
40687281586265,11:18:07.281,167.2700,100
40687281625758,11:18:07.281,167.2600,5
40727751220566,11:18:47.751,167.2100,100
40727751220566,11:18:47.751,167.1900,1
40727751249091,11:18:47.751,167.1900,100
40766691502768,11:19:26.691,167.1400,100
40766722371834,11:19:26.722,167.2000,13
40774282058464,11:19:34.282,167.1900,13
40810932290737,11:20:10.932,167.1900,13
40810933442484,11:20:10.933,167.2100,5
40810959501200,11:20:10.959,167.2200,2
40810959501200,11:20:10.959,167.2200,2
40810959501200,11:20:10.959,167.2200,2
40810959501200,11:20:10.959,167.2200,1
40827730938745,11:20:27.730,167.2000,100
40827730938745,11:20:27.730,167.2000,100
40827730986898,11:20:27.730,167.2000,100
40827730986898,11:20:27.730,167.2000,84
40827731013983,11:20:27.731,167.2000,16
40830782155213,11:20:30.782,167.2100,1
40840837647616,11:20:40.837,167.2300,100
40853994378572,11:20:53.994,167.2600,54
40863361217412,11:21:03.361,167.2000,100
40863361370928,11:21:03.361,167.2000,5
40863361922402,11:21:03.361,167.1800,5
40894031785578,11:21:34.031,167.1700,100
40894062182828,11:21:34.062,167.1400,14
40894062232127,11:21:34.062,167.1400,86
40916536718995,11:21:56.536,167.2200,5
40918394037765,11:21:58.394,167.2300,100
40918394064009,11:21:58.394,167.2300,5
40937937760996,11:22:17.937,167.2000,70
40937938258566,11:22:17.938,167.2000,2
40948572615519,11:22:28.572,167.2800,100
40948728180906,11:22:28.728,167.2900,38
40948728198843,11:22:28.728,167.2900,62
40948728207732,11:22:28.728,167.2900,62
40963114596757,11:22:43.114,167.3800,54
40963114596757,11:22:43.114,167.3900,40
40972414062324,11:22:52.414,167.3900,1
41077011279341,11:24:37.011,167.4500,19
41077011279341,11:24:37.011,167.4500,100
41077011279341,11:24:37.011,167.4500,2
41077011279341,11:24:37.011,167.4500,2
41077011279341,11:24:37.011,167.4500,2
41077011279341,11:24:37.011,167.4500,1
41077011623718,11:24:37.011,167.4700,97
41077011632112,11:24:37.011,167.4700,3
41079388323949,11:24:39.388,167.5200,100
41094615441932,11:24:54.615,167.4900,1
41096735419717,11:24:56.735,167.4900,1
41130607137663,11:25:30.607,167.4700,63
41130607201598,11:25:30.607,167.4700,17
41130607201598,11:25:30.607,167.4200,46
41130607230618,11:25:30.607,167.4200,2
41130607230618,11:25:30.607,167.4200,5
41130607230618,11:25:30.607,167.4200,10
41143465625130,11:25:43.465,167.4200,49
41190751532055,11:26:30.751,167.4400,16
41207007967122,11:26:47.007,167.4500,4
41207007967122,11:26:47.007,167.4500,1
41207007967122,11:26:47.007,167.4500,1
41207007967122,11:26:47.007,167.4500,94
41207007997283,11:26:47.007,167.4500,6
41207007997283,11:26:47.007,167.4500,1
41207734116790,11:26:47.734,167.4400,1
41256037838923,11:27:36.037,167.3900,5
41272654154338,11:27:52.654,167.4600,2
41292661494353,11:28:12.661,167.4500,1
41292684924840,11:28:12.684,167.4700,10
41293392507897,11:28:13.392,167.4500,10
41294712333277,11:28:14.712,167.4200,100
41294712553459,11:28:14.712,167.3900,5
41324922391400,11:28:44.922,167.4600,3
41333060249832,11:28:53.060,167.4800,10
41362331906780,11:29:22.331,167.4900,1
41362331906780,11:29:22.331,167.4900,3
41381397811926,11:29:41.397,167.5200,100
41438202381023,11:30:38.202,167.4300,4
41438202381023,11:30:38.202,167.4300,1
41438202381023,11:30:38.202,167.4300,100
41438769009343,11:30:38.769,167.5300,100
41452971469806,11:30:52.971,167.5300,100
41452971495706,11:30:52.971,167.5300,100
41452971506956,11:30:52.971,167.5300,18
41452972003918,11:30:52.972,167.5400,2
41452972003918,11:30:52.972,167.5400,2
41452972003918,11:30:52.972,167.5400,1
41452972003918,11:30:52.972,167.5400,1
41499868375624,11:31:39.868,167.5900,57
41499868403705,11:31:39.868,167.5900,43
41499868403705,11:31:39.868,167.5900,100
41499868403705,11:31:39.868,167.5900,100
41499868436580,11:31:39.868,167.6000,5
41539729444094,11:32:19.729,167.5900,1
41547148253706,11:32:27.148,167.5400,100
41547148372080,11:32:27.148,167.5400,4
41547148402539,11:32:27.148,167.5400,26
41547148874304,11:32:27.148,167.5400,24
41547148874304,11:32:27.148,167.5300,76
41551206576597,11:32:31.206,167.5300,24
41551206576597,11:32:31.206,167.5200,76
41551206695119,11:32:31.206,167.5200,6
41611003526838,11:33:31.003,167.5100,1
41611030323918,11:33:31.030,167.5300,100
41611030824459,11:33:31.030,167.5400,100
41654372922100,11:34:14.372,167.5600,14
41654372954045,11:34:14.372,167.5600,59
41654372957632,11:34:14.372,167.5600,27
41654373624757,11:34:14.373,167.5700,2
41654373624757,11:34:14.373,167.5700,2
41654373624757,11:34:14.373,167.5700,1
41654373624757,11:34:14.373,167.5700,4
41654373624757,11:34:14.373,167.5700,5
41654375487976,11:34:14.375,167.6200,100
41689993932262,11:34:49.993,167.6200,55
41690022278023,11:34:50.022,167.6300,100
41704957284452,11:35:04.957,167.6800,1
41717731912800,11:35:17.731,167.6500,1
41718439689684,11:35:18.439,167.6800,50
41751115339240,11:35:51.115,167.6600,1
41780604403382,11:36:20.604,167.6300,100
41780604436087,11:36:20.604,167.6300,80
41780604554162,11:36:20.604,167.6300,20
41780604554162,11:36:20.604,167.6300,4
41780604554162,11:36:20.604,167.6300,4
41780658655545,11:36:20.658,167.6500,5
41852065054168,11:37:32.065,167.6000,10
41852065723965,11:37:32.065,167.5900,100
41871050015244,11:37:51.050,167.5500,5
41873281803249,11:37:53.281,167.5800,58
41873281833131,11:37:53.281,167.5800,42
41873282446543,11:37:53.282,167.5900,2
41873282446543,11:37:53.282,167.5900,2
41873282446543,11:37:53.282,167.5900,2
41873282446543,11:37:53.282,167.5900,2
41873282509886,11:37:53.282,167.6000,10
41873282509886,11:37:53.282,167.6000,8
41946728523345,11:39:06.728,167.5900,16
41946728525239,11:39:06.728,167.5900,29
41946728525239,11:39:06.728,167.5800,1
41946728525239,11:39:06.728,167.5800,31
41946728532320,11:39:06.728,167.5800,29
41946728899875,11:39:06.728,167.5900,10
41948082017924,11:39:08.082,167.5500,1
41949093315260,11:39:09.093,167.5500,3
41966432214113,11:39:26.432,167.6100,3
41966432214113,11:39:26.432,167.6100,5
41976013879328,11:39:36.013,167.6600,1
42016597511922,11:40:16.597,167.5800,100
42017173033036,11:40:17.173,167.5500,100
42021455743789,11:40:21.455,167.5900,2
42064004022497,11:41:04.004,167.6400,4
42073753321789,11:41:13.753,167.6100,1
42164740343129,11:42:44.740,167.6600,56
42164740366962,11:42:44.740,167.6600,44
42164740366962,11:42:44.740,167.6600,2
42164740366962,11:42:44.740,167.6600,2
42164740366962,11:42:44.740,167.6600,1
42164740366962,11:42:44.740,167.6600,1
42164740366962,11:42:44.740,167.6600,9
42164740700659,11:42:44.740,167.6600,50
42164740965664,11:42:44.740,167.6600,41
42164747735956,11:42:44.747,167.6700,10
42164747735956,11:42:44.747,167.6700,8
42167209013001,11:42:47.209,167.7200,100
42169280197667,11:42:49.280,167.7100,1
42170721278158,11:42:50.721,167.7200,100
42203418753413,11:43:23.418,167.7500,45
42203582737853,11:43:23.582,167.7600,1
42203582737853,11:43:23.582,167.7600,100
42219684841309,11:43:39.684,167.7300,1
42236584466153,11:43:56.584,167.7200,4
42236584967030,11:43:56.584,167.7000,13
42236585546016,11:43:56.585,167.7000,100
42236585604505,11:43:56.585,167.7000,87
42236585604505,11:43:56.585,167.7000,13
42236585640217,11:43:56.585,167.7000,87
42300288641141,11:45:00.288,167.7800,3
42300288641141,11:45:00.288,167.7800,100
42300288641141,11:45:00.288,167.7800,1
42300288641141,11:45:00.288,167.7800,1
42323739043928,11:45:23.739,167.8500,1
42323739043928,11:45:23.739,167.8700,29
42323739074309,11:45:23.739,167.8700,71
42323739074309,11:45:23.739,167.8700,100
42340729655155,11:45:40.729,167.8800,1
42382119365003,11:46:22.119,167.9500,1
42382119365003,11:46:22.119,167.9500,1
42386163002696,11:46:26.163,167.9150,100
42408112825417,11:46:48.112,167.9000,1
42429731016022,11:47:09.731,167.9000,1
42438237436542,11:47:18.237,167.8400,4
42438244908700,11:47:18.244,167.8200,6
42438244960184,11:47:18.244,167.8200,94
42438244960184,11:47:18.244,167.8200,6
42441244947691,11:47:21.244,167.8100,94
42441246524148,11:47:21.246,167.8100,6
42482554932128,11:48:02.554,167.9500,1
42517375567133,11:48:37.375,167.8200,100
42517375567133,11:48:37.375,167.8200,7
42517375602541,11:48:37.375,167.8200,93
42517375602541,11:48:37.375,167.8200,4
42517375635617,11:48:37.375,167.8100,100
42517375676139,11:48:37.375,167.8000,100
42517375676139,11:48:37.375,167.8000,72
42517375684024,11:48:37.375,167.8000,97
42517375708546,11:48:37.375,167.8000,31
42517375708546,11:48:37.375,167.8000,28
42524732637585,11:48:44.732,167.7900,100
42608738488938,11:50:08.738,167.7800,1
42668324082367,11:51:08.324,167.7800,1
42682517580132,11:51:22.517,167.7300,1
42694031389912,11:51:34.031,167.7300,2
42694031389912,11:51:34.031,167.7300,19
42695126947528,11:51:35.126,167.7300,49
42698387618794,11:51:38.387,167.7700,1
42705281950396,11:51:45.281,167.8000,1
42708611529284,11:51:48.611,167.8000,1
42728524755252,11:52:08.524,167.8200,55
42730284916178,11:52:10.284,167.8200,3
42749702109805,11:52:29.702,167.8200,6
42749702271055,11:52:29.702,167.8200,12
42749702463528,11:52:29.702,167.8200,6
42752969520844,11:52:32.969,167.8200,18
42758202296745,11:52:38.202,167.8400,100
42758202296745,11:52:38.202,167.8400,4
42758202296745,11:52:38.202,167.8400,3
42758202296745,11:52:38.202,167.8400,3
42758202296745,11:52:38.202,167.8400,1
42758202296745,11:52:38.202,167.8400,228
42758473864620,11:52:38.473,167.9000,8
42758473864620,11:52:38.473,167.9000,15
42758601453364,11:52:38.601,167.9100,2
42765280085622,11:52:45.280,167.9100,2
42838610658045,11:53:58.610,167.9000,75
42838610720660,11:53:58.610,167.8900,5
42838611029276,11:53:58.611,167.8900,5
42838611032060,11:53:58.611,167.8900,5
42838611037090,11:53:58.611,167.8900,50
42847405869013,11:54:07.405,167.9800,1
42848114548390,11:54:08.114,167.9900,1
42848591716658,11:54:08.591,167.9900,1
42853662672645,11:54:13.662,167.9600,1
42912473022034,11:55:12.473,167.9300,2
42977771502220,11:56:17.771,167.9600,20
43013150197939,11:56:53.150,168.0000,2
43013150197939,11:56:53.150,168.0000,2
43013150197939,11:56:53.150,168.0000,1
43013150197939,11:56:53.150,168.0000,100
43013150197939,11:56:53.150,168.0000,3
43013532776533,11:56:53.532,168.0500,100
43013532776533,11:56:53.532,168.0500,100
43018770028408,11:56:58.770,168.0800,1
43018770028408,11:56:58.770,168.0800,100
43052730516432,11:57:32.730,168.0900,1
43052730516432,11:57:32.730,168.0900,99
43052730559309,11:57:32.730,168.0900,1
43066463027877,11:57:46.463,168.0900,1
43067288974540,11:57:47.288,168.1300,2
43141759743637,11:59:01.759,168.0900,1
43141831214520,11:59:01.831,168.0500,100
43141831214520,11:59:01.831,168.0500,100
43141847352733,11:59:01.847,168.0400,100
43141847377951,11:59:01.847,168.0400,3
43224144067710,12:00:24.144,168.0300,100
43224144067710,12:00:24.144,168.0300,3
43224144067710,12:00:24.144,168.0300,1
43224144067710,12:00:24.144,168.0300,2
43224144067710,12:00:24.144,168.0300,1
43224144669623,12:00:24.144,168.0200,100
43226859916092,12:00:26.859,167.9900,100
43226859942797,12:00:26.859,167.9900,100
43226859942797,12:00:26.859,167.9900,100
43226861355868,12:00:26.861,167.9600,50
43226863271633,12:00:26.863,167.9500,33
43231453379880,12:00:31.453,167.9500,67
43231455394576,12:00:31.455,167.9300,100
43231455394576,12:00:31.455,167.9300,100
43231455400906,12:00:31.455,167.9300,100
43231455400906,12:00:31.455,167.9300,100
43231517402043,12:00:31.517,167.9500,3
43233029392246,12:00:33.029,167.9500,2
43246856722921,12:00:46.856,167.8800,100
43265303422244,12:01:05.303,167.9400,1
43265335889162,12:01:05.335,167.9400,1
43270296666628,12:01:10.296,167.9400,1
43270296666628,12:01:10.296,167.9400,2
43272158492789,12:01:12.158,167.8800,28
43274273957581,12:01:14.273,167.9400,2
43274273957581,12:01:14.273,167.9400,1
43320732029200,12:02:00.732,167.9200,1
43336011568625,12:02:16.011,167.9150,100
43342213598165,12:02:22.213,167.9400,100
43342213826885,12:02:22.213,167.9400,46
43342279257481,12:02:22.279,167.9400,54
43356828631197,12:02:36.828,167.9900,2
43356828631197,12:02:36.828,167.9900,1
43356828631197,12:02:36.828,167.9900,1
43356828972405,12:02:36.828,168.0000,15
43356828972405,12:02:36.828,168.0000,9
43388240787669,12:03:08.240,168.0100,1
43388240844600,12:03:08.240,168.0100,3
43388240845271,12:03:08.240,168.0100,1
43388241371221,12:03:08.241,168.0100,105
43388242638562,12:03:08.242,168.0200,5
43388242638562,12:03:08.242,168.0200,100
43409741078262,12:03:29.741,168.0400,1
43409741078262,12:03:29.741,168.0400,4
43409850291016,12:03:29.850,168.0300,100
43424165334203,12:03:44.165,168.0900,5
43424165334203,12:03:44.165,168.0900,4
43424165512160,12:03:44.165,168.0900,9
43424165776584,12:03:44.165,168.0900,6
43460178646806,12:04:20.178,168.0900,2
43460178646806,12:04:20.178,168.0900,4
43460178677678,12:04:20.178,168.0900,96
43460178677678,12:04:20.178,168.0900,1
43460178677678,12:04:20.178,168.0900,1
43460179002936,12:04:20.179,168.0700,10
43460379835554,12:04:20.379,168.1400,6
43460380134317,12:04:20.380,168.1400,12
43499963892300,12:04:59.963,168.0800,1
43499963892300,12:04:59.963,168.0800,2
43499989017525,12:04:59.989,168.1100,10
43500124136203,12:05:00.124,168.0800,10
43500124136203,12:05:00.124,168.0800,5
43500124282373,12:05:00.124,168.0800,5
43500124282373,12:05:00.124,168.0800,10
43500124282373,12:05:00.124,168.0800,10
43503366301008,12:05:03.366,168.1300,100
43531028447707,12:05:31.028,168.1400,100
43537868832128,12:05:37.868,168.1400,2
43537868832128,12:05:37.868,168.1400,1
43537868832128,12:05:37.868,168.1400,97
43542756127324,12:05:42.756,168.0900,100
43547135510124,12:05:47.135,168.0500,4
43547135583736,12:05:47.135,168.0500,1
43547156946279,12:05:47.156,168.0800,10
43550302062325,12:05:50.302,168.0500,10
43550302062325,12:05:50.302,168.0500,10
43550302062325,12:05:50.302,168.0500,10
43550302062325,12:05:50.302,168.0500,10
43550302062325,12:05:50.302,168.0500,10
43550302062325,12:05:50.302,168.0500,4
43567491203691,12:06:07.491,168.0000,95
43567491203691,12:06:07.491,167.9900,5
43567491231071,12:06:07.491,167.9900,295
43567491231071,12:06:07.491,167.9900,4
43567491332928,12:06:07.491,167.9900,300
43567491492618,12:06:07.491,167.9900,100
43567491533031,12:06:07.491,167.9900,200
43567491564109,12:06:07.491,167.9900,200
43581735452873,12:06:21.735,168.0100,50
43581735477379,12:06:21.735,168.0100,50
43581765808167,12:06:21.765,168.0000,3
43623646293784,12:07:03.646,168.0000,100
43626794874695,12:07:06.794,167.9600,100
43635802337377,12:07:15.802,168.0100,100
43640266171936,12:07:20.266,168.0400,100
43640266584246,12:07:20.266,168.0400,2
43640266584246,12:07:20.266,168.0400,1
43640266584246,12:07:20.266,168.0400,1
43673134605509,12:07:53.134,168.0500,100
43673134631361,12:07:53.134,168.0500,200
43673134671365,12:07:53.134,168.0500,100
43673134703505,12:07:53.134,168.0500,100
43673134711390,12:07:53.134,168.0500,19
43673135217568,12:07:53.135,168.0500,33
43673135280974,12:07:53.135,168.0500,148
43684077290600,12:08:04.077,168.0200,1
43684077683764,12:08:04.077,167.9900,3
43684077714108,12:08:04.077,167.9900,1
43694024680325,12:08:14.024,168.0300,200
43712862609052,12:08:32.862,167.9700,3
43752510001602,12:09:12.510,167.9700,100
43752510084004,12:09:12.510,167.9700,100
43752510910411,12:09:12.510,167.9700,101
43752511267600,12:09:12.511,167.9700,100
43752521731311,12:09:12.521,167.9700,3
43764054520203,12:09:24.054,168.0000,100
43764421108982,12:09:24.421,168.0100,100
43764421108982,12:09:24.421,168.0100,2
43764421108982,12:09:24.421,168.0100,1
43764421108982,12:09:24.421,168.0100,1
43764421108982,12:09:24.421,168.0100,85
43764467460340,12:09:24.467,168.0100,15
43764467460340,12:09:24.467,168.0100,2
43812284760105,12:10:12.284,168.0700,100
43822048051367,12:10:22.048,168.0700,100
43858602763381,12:10:58.602,168.0700,2
43858602763381,12:10:58.602,168.0700,98
43858602793736,12:10:58.602,168.0700,2
43858602793736,12:10:58.602,168.0700,1
43869737684923,12:11:09.737,168.1100,1
43870446334433,12:11:10.446,168.0500,100
43886867104322,12:11:26.867,168.0850,100
43915271053962,12:11:55.271,168.0800,100
43955300362207,12:12:35.300,168.0900,1
43955300544906,12:12:35.300,168.0700,97
43955300544906,12:12:35.300,168.0600,100
43955300544906,12:12:35.300,168.0600,3
43955300578685,12:12:35.300,168.0600,97
43956286313488,12:12:36.286,168.0500,4
43956286822129,12:12:36.286,168.0400,100
43956300507807,12:12:36.300,168.0300,105
43956300531964,12:12:36.300,168.0300,95
43957184189868,12:12:37.184,168.0200,100
43973844904315,12:12:53.844,168.0500,2
43973844904315,12:12:53.844,168.0500,1
43973844904315,12:12:53.844,168.0500,2
44025923478110,12:13:45.923,168.0600,5
44025923478110,12:13:45.923,168.0600,98
44025923478110,12:13:45.923,168.0600,97
44025923509549,12:13:45.923,168.0600,3
44025923509549,12:13:45.923,168.0600,2
44025923510356,12:13:45.923,168.0600,5
44025923516321,12:13:45.923,168.0600,5
44025923537477,12:13:45.923,168.0600,40
44026024922124,12:13:46.024,168.0400,100
44028953031081,12:13:48.953,168.0300,1
44060791434195,12:14:20.791,168.0200,1
44060791463144,12:14:20.791,168.0200,99
44060791463144,12:14:20.791,168.0200,4
44065219256665,12:14:25.219,168.0100,20
44075964577484,12:14:35.964,168.1000,100
44163758427694,12:16:03.758,168.1000,100
44173695343248,12:16:13.695,168.1300,100
44173698712023,12:16:13.698,168.1400,2
44173698712023,12:16:13.698,168.1400,1
44173698712023,12:16:13.698,168.1400,1
44173698712023,12:16:13.698,168.1400,2
44173742480021,12:16:13.742,168.1600,100
44173742505660,12:16:13.742,168.1600,100
44176814329772,12:16:16.814,168.1100,1
44176814329772,12:16:16.814,168.1100,100
44176814329772,12:16:16.814,168.1100,4
44225303138944,12:17:05.303,168.1600,2
44225306855170,12:17:05.306,168.1700,1
44226038741293,12:17:06.038,168.1700,1
44266730119638,12:17:46.730,168.1900,2
44266730142894,12:17:46.730,168.1900,198
44266731346636,12:17:46.731,168.2000,5
44266731400067,12:17:46.731,168.2100,100
44266733742278,12:17:46.733,168.2100,100
44320390495253,12:18:40.390,168.2200,1
44320404282026,12:18:40.404,168.1800,1
44320404282026,12:18:40.404,168.1800,4
44320404720214,12:18:40.404,168.1700,131
44320407709090,12:18:40.407,168.1800,31
44320411137175,12:18:40.411,168.1800,1
44320411161426,12:18:40.411,168.1800,99
44336294688619,12:18:56.294,168.2200,2
44336294688619,12:18:56.294,168.2200,1
44336294688619,12:18:56.294,168.2200,1
44336294688619,12:18:56.294,168.2200,55
44336295031310,12:18:56.295,168.2200,45
44369222474214,12:19:29.222,168.2700,100
44369222474214,12:19:29.222,168.2700,1
44376091713845,12:19:36.091,168.3000,100
44376091849456,12:19:36.091,168.3100,24
44376091849456,12:19:36.091,168.3100,1
44383844804708,12:19:43.844,168.3500,100
44383846217059,12:19:43.846,168.3500,16
44389774332514,12:19:49.774,168.3400,1
44440912013151,12:20:40.912,168.3700,100
44447731283510,12:20:47.731,168.4000,2
44447731283510,12:20:47.731,168.4000,100
44447877167724,12:20:47.877,168.4100,4
44449188200677,12:20:49.188,168.4100,16
44476730704109,12:21:16.730,168.4100,1
44479956784293,12:21:19.956,168.4600,1
44479956907199,12:21:19.956,168.4600,1
44497835297323,12:21:37.835,168.3700,30
44497835297323,12:21:37.835,168.3500,100
44497835297323,12:21:37.835,168.3500,70
44497835322097,12:21:37.835,168.3500,30
44497835534648,12:21:37.835,168.3400,3
44497835788995,12:21:37.835,168.3300,27
44497835827681,12:21:37.835,168.3300,21
44497839026295,12:21:37.839,168.3400,100
44497840134023,12:21:37.840,168.3400,5
44497840134023,12:21:37.840,168.3300,147
44497840160480,12:21:37.840,168.3300,5
44520302712488,12:22:00.302,168.3800,1
44521864278340,12:22:01.864,168.3800,1
44521864278340,12:22:01.864,168.3800,1
44540302238748,12:22:20.302,168.4000,300
44540302238748,12:22:20.302,168.4000,1
44540302238748,12:22:20.302,168.4000,9
44564648729673,12:22:44.648,168.3500,1
44565655712850,12:22:45.655,168.3400,100
44565655712850,12:22:45.655,168.3400,3
44582474861491,12:23:02.474,168.3000,100
44585331135332,12:23:05.331,168.3000,10
44600241510982,12:23:20.241,168.2900,100
44600241510982,12:23:20.241,168.2900,1
44600241631076,12:23:20.241,168.2800,9
44600241849766,12:23:20.241,168.2800,46
44600242811217,12:23:20.242,168.2800,45
44623938952437,12:23:43.938,168.2400,55
44623938967592,12:23:43.938,168.2400,55
44623938980487,12:23:43.938,168.2400,16
44623938980487,12:23:43.938,168.2400,1
44623938980487,12:23:43.938,168.2400,1
44732773292376,12:25:32.773,168.1800,2
44745302027161,12:25:45.302,168.1900,1
44745687606829,12:25:45.687,168.2200,100
44745688109764,12:25:45.688,168.2300,100
44745688109764,12:25:45.688,168.2300,3
44745688109764,12:25:45.688,168.2300,3
44745688109764,12:25:45.688,168.2300,1
44745688109764,12:25:45.688,168.2300,1
44747008059711,12:25:47.008,168.2000,50
44749832886206,12:25:49.832,168.2500,100
44749832916040,12:25:49.832,168.2500,9
44749832916040,12:25:49.832,168.2500,5
44749832916040,12:25:49.832,168.2500,100
44749833963158,12:25:49.833,168.2700,100
44749879060029,12:25:49.879,168.3300,4
44785775426303,12:26:25.775,168.2800,1
44811096802293,12:26:51.096,168.3400,1
44815489468741,12:26:55.489,168.3400,4
44815489468741,12:26:55.489,168.3400,2
44818758120195,12:26:58.758,168.3400,1
44818758120195,12:26:58.758,168.2900,1
44818758120195,12:26:58.758,168.2900,2
44818758120195,12:26:58.758,168.2900,99
44818758407985,12:26:58.758,168.2900,1
44818761065300,12:26:58.761,168.2700,100
44830952352721,12:27:10.952,168.3400,1
44856973190570,12:27:36.973,168.2600,100
44857001767284,12:27:37.001,168.2500,3
44857001767284,12:27:37.001,168.2500,97
44870653694576,12:27:50.653,168.2500,3
44874918822418,12:27:54.918,168.2200,100
44874943690654,12:27:54.943,168.2000,100
44877928267623,12:27:57.928,168.1700,100
44877930398983,12:27:57.930,168.1900,100
44900490650520,12:28:20.490,168.2100,100
44900491077426,12:28:20.491,168.2200,2
44915522689839,12:28:35.522,168.2700,1
44922026663752,12:28:42.026,168.2000,1
44938150010883,12:28:58.150,168.2300,30
44938400380205,12:28:58.400,168.2300,100
44938402058736,12:28:58.402,168.2300,4
44942275978135,12:29:02.275,168.1800,1
44942275978135,12:29:02.275,168.1800,3
44942275978135,12:29:02.275,168.1800,100
44961046732197,12:29:21.046,168.1400,1
44961049483818,12:29:21.049,168.1400,59
44961049483818,12:29:21.049,168.1300,41
45005937001744,12:30:05.937,168.1500,205
45012108384240,12:30:12.108,168.2400,2
45012108384240,12:30:12.108,168.2400,1
45012108384240,12:30:12.108,168.2400,1
45012108868402,12:30:12.108,168.2700,1
45034441695326,12:30:34.441,168.2500,5
45067840911844,12:31:07.840,168.1800,2
45067840911844,12:31:07.840,168.1800,1
45126616324826,12:32:06.616,168.1400,100
45126616367737,12:32:06.616,168.1400,2
45126616502726,12:32:06.616,168.1400,98
45126616502726,12:32:06.616,168.1400,3
45130010465908,12:32:10.010,168.1600,1
45130011457245,12:32:10.011,168.1600,5
45144894335174,12:32:24.894,168.1000,100
45144894365695,12:32:24.894,168.1000,100
45146619725531,12:32:26.619,168.0900,1
45146620419957,12:32:26.620,168.0800,1
45182884897876,12:33:02.884,168.0500,1
45182884897876,12:33:02.884,168.0500,99
45182884937244,12:33:02.884,168.0500,1
45182885600831,12:33:02.885,168.0200,13
45182885979655,12:33:02.885,168.0200,6
45182886047809,12:33:02.886,168.0200,9
45182886266936,12:33:02.886,168.0200,6
45182886280567,12:33:02.886,168.0200,6
45182886294007,12:33:02.886,168.0200,9
45182886335662,12:33:02.886,168.0200,4
45257888164979,12:34:17.888,168.0400,2
45277735005943,12:34:37.735,168.0400,1
45316738147365,12:35:16.738,168.0100,1
45316738694332,12:35:16.738,168.0000,500
45316738694332,12:35:16.738,168.0000,4
45316738694332,12:35:16.738,168.0000,100
45316738772240,12:35:16.738,167.9800,1
45324200605355,12:35:24.200,167.9400,1
45324773119460,12:35:24.773,167.9400,1
45366675724375,12:36:06.675,167.9800,3
45366675724375,12:36:06.675,168.0000,97
45366780630435,12:36:06.780,167.9700,1
45366806092801,12:36:06.806,167.9900,10
45371230161164,12:36:11.230,167.9700,10
45371230161164,12:36:11.230,167.9700,1
45371230161164,12:36:11.230,167.9700,1
45371230161164,12:36:11.230,167.9700,10
45371230161164,12:36:11.230,167.9700,1
45371230161164,12:36:11.230,167.9700,2
45372122597785,12:36:12.122,167.9400,100
45373039673352,12:36:13.039,167.9100,100
45375921318628,12:36:15.921,167.8800,50
45378573677176,12:36:18.573,167.9100,4
45378573677176,12:36:18.573,167.9100,3
45378573677176,12:36:18.573,167.9100,1
45378573677176,12:36:18.573,167.9100,1
45378573677176,12:36:18.573,167.9100,100
45424259636809,12:37:04.259,167.9900,100
45440883914942,12:37:20.883,168.0300,2
45455740577110,12:37:35.740,168.0500,91
45456568111514,12:37:36.568,168.0200,1
45532436458668,12:38:52.436,168.0600,4
45532436458668,12:38:52.436,168.0800,2
45532436458668,12:38:52.436,168.0800,1
45532436458668,12:38:52.436,168.0800,1
45532436458668,12:38:52.436,168.0800,1
45544730176352,12:39:04.730,168.0200,1
45562878684318,12:39:22.878,168.0100,2
45562900885613,12:39:22.900,168.0400,10
45562900974909,12:39:22.900,168.0100,10
45563222259904,12:39:23.222,168.0100,10
45581620164043,12:39:41.620,167.9700,2
45581620251512,12:39:41.620,167.9700,98
45581620251512,12:39:41.620,167.9700,100
45581620251512,12:39:41.620,167.9700,4
45581620251512,12:39:41.620,167.9700,100
45589631083132,12:39:49.631,168.0100,100
45589631518378,12:39:49.631,168.0200,2
45589631518378,12:39:49.631,168.0200,5
45590329737603,12:39:50.329,168.0200,2
45630880167816,12:40:30.880,168.0400,1
45630897430900,12:40:30.897,168.0400,1
45684985166176,12:41:24.985,168.0300,2
45693409122296,12:41:33.409,168.0400,1
45713093695537,12:41:53.093,167.9900,100
45722729005684,12:42:02.729,168.0300,1
45745881656517,12:42:25.881,168.0300,2
45752730166205,12:42:32.730,168.0700,4
45752730166205,12:42:32.730,168.0700,1
45752730166205,12:42:32.730,168.0700,1
45752730166205,12:42:32.730,168.0700,1
45752736470774,12:42:32.736,168.0900,100
45793026436269,12:43:13.026,168.1000,100
45806878746129,12:43:26.878,168.1100,1
45811731830308,12:43:31.731,168.1100,1
45829984972080,12:43:49.984,168.0500,100
45830088992998,12:43:50.088,168.0500,3
45833332647506,12:43:53.332,168.0100,100
45833333226778,12:43:53.333,167.9700,100
45833333226778,12:43:53.333,167.9700,100
45843962117430,12:44:03.962,167.9600,100
45843962117430,12:44:03.962,167.9500,3
45843988409396,12:44:03.988,167.9500,97
45843988409396,12:44:03.988,167.9500,3
45843988425847,12:44:03.988,167.9400,149
45843988438172,12:44:03.988,167.9400,52
45843990120500,12:44:03.990,167.9400,199
45864437256000,12:44:24.437,167.8400,1
45874592146277,12:44:34.592,167.8300,1
45901687828959,12:45:01.687,167.8600,300
45901690375198,12:45:01.690,167.8500,300
45901690375198,12:45:01.690,167.8000,100
45901690375198,12:45:01.690,167.7900,100
45901690375198,12:45:01.690,167.7900,100
45901690546640,12:45:01.690,167.8300,10
45901703625582,12:45:01.703,167.7400,1
45905062053076,12:45:05.062,167.7300,100
45918138496115,12:45:18.138,167.6800,1
45933478520610,12:45:33.478,167.6800,99
45933479608530,12:45:33.479,167.6700,100
45933483679753,12:45:33.483,167.6600,43
45987006847034,12:46:27.006,167.6500,2
45987006847034,12:46:27.006,167.6500,5
45987006847034,12:46:27.006,167.6500,1
45987006847034,12:46:27.006,167.6500,1
45987006847034,12:46:27.006,167.6500,100
45988321824383,12:46:28.321,167.6300,2
45989773730752,12:46:29.773,167.6300,1
45993691044839,12:46:33.691,167.6000,100
45993691044839,12:46:33.691,167.6000,6
45995339379965,12:46:35.339,167.5700,100
46019909791889,12:46:59.909,167.6100,10
46019909791889,12:46:59.909,167.6100,2
46023543510416,12:47:03.543,167.6000,100
46044546379671,12:47:24.546,167.6100,5
46044546379671,12:47:24.546,167.6100,2
46047866375498,12:47:27.866,167.5400,14
46078736115728,12:47:58.736,167.5600,1
46129914821315,12:48:49.914,167.6000,100
46129914821315,12:48:49.914,167.6000,5
46129915294633,12:48:49.915,167.6100,1
46129915294633,12:48:49.915,167.6100,1
46129915294633,12:48:49.915,167.6100,1
46129915294633,12:48:49.915,167.6100,1
46129915294633,12:48:49.915,167.6100,50
46129918777869,12:48:49.918,167.5800,10
46129918780802,12:48:49.918,167.5700,72
46129919114101,12:48:49.919,167.5700,28
46130021102369,12:48:50.021,167.5900,1
46150888267341,12:49:10.888,167.6100,10
46150888267341,12:49:10.888,167.6100,10
46150888267341,12:49:10.888,167.6100,1
46150888267341,12:49:10.888,167.6100,1
46167730442885,12:49:27.730,167.6300,1
46168027238834,12:49:28.027,167.6300,2
46168027419543,12:49:28.027,167.6300,48
46229589848842,12:50:29.589,167.6300,2
46242026144807,12:50:42.026,167.6100,1
46245007331729,12:50:45.007,167.6000,1
46248793642575,12:50:48.793,167.5600,6
46275100301042,12:51:15.100,167.5200,100
46275100301042,12:51:15.100,167.5200,100
46275103652762,12:51:15.103,167.4800,100
46275103685810,12:51:15.103,167.4800,100
46275851534961,12:51:15.851,167.4400,100
46275851537620,12:51:15.851,167.4400,100
46345737887900,12:52:25.737,167.3600,1
46345738228489,12:52:25.738,167.3400,5
46348018074169,12:52:28.018,167.3300,2
46356362911271,12:52:36.362,167.3000,8
46356363721973,12:52:36.363,167.2800,92
46356363750432,12:52:36.363,167.2800,8
46356363750432,12:52:36.363,167.2800,100
46357428962064,12:52:37.428,167.2500,13
46357428962064,12:52:37.428,167.2500,87
46371459321601,12:52:51.459,167.3200,2
46371459321601,12:52:51.459,167.3200,2
46371459321601,12:52:51.459,167.3200,3
46371459321601,12:52:51.459,167.3200,2
46371459321601,12:52:51.459,167.3200,100
46404344371269,12:53:24.344,167.3600,1
46431707021851,12:53:51.707,167.3700,1
46431707455242,12:53:51.707,167.3800,100
46469519999080,12:54:29.519,167.4100,100
46469519999080,12:54:29.519,167.4200,1
46469521763213,12:54:29.521,167.4300,5
46470171463577,12:54:30.171,167.4400,2
46483069631886,12:54:43.069,167.3900,1
46483069631886,12:54:43.069,167.3900,5
46516530154005,12:55:16.530,167.3400,51
46516530171347,12:55:16.530,167.3400,49
46516530171347,12:55:16.530,167.3300,3
46516530198945,12:55:16.530,167.3300,97
46516530198945,12:55:16.530,167.3300,8
46520301301523,12:55:20.301,167.2900,100
46525130330935,12:55:25.130,167.2100,100
46525140483288,12:55:25.140,167.2100,100
46538421962450,12:55:38.421,167.1700,4
46548425607931,12:55:48.425,167.2500,100
46550425868400,12:55:50.425,167.2500,100
46558871842613,12:55:58.871,167.2300,5
46558872476735,12:55:58.872,167.2500,5
46563244163987,12:56:03.244,167.2800,100
46566609514465,12:56:06.609,167.2300,1
46566609714157,12:56:06.609,167.1900,100
46566610461561,12:56:06.610,167.1800,100
46566611895677,12:56:06.611,167.1500,100
46566616868333,12:56:06.616,167.1500,100
46566617068809,12:56:06.617,167.1400,1
46566617231401,12:56:06.617,167.1500,3
46566617480333,12:56:06.617,167.1300,1
46566641233735,12:56:06.641,167.1500,97
46566641233735,12:56:06.641,167.1500,3
46566641264097,12:56:06.641,167.1500,97
46566641494680,12:56:06.641,167.1500,100
46566641494680,12:56:06.641,167.1500,97
46566641905209,12:56:06.641,167.1500,100
46566641905209,12:56:06.641,167.1500,100
46566641959617,12:56:06.641,167.1300,9
46566641959617,12:56:06.641,167.1300,10
46566641959617,12:56:06.641,167.1300,10
46566641959617,12:56:06.641,167.1300,10
46566642399256,12:56:06.642,167.1500,100
46567319879617,12:56:07.319,167.1500,100
46567320054512,12:56:07.320,167.1500,100
46576201755759,12:56:16.201,167.1100,8
46594925056074,12:56:34.925,167.1500,100
46594925143461,12:56:34.925,167.1500,100
46612731389713,12:56:52.731,167.1200,1
46644612358785,12:57:24.612,167.1000,100
46644625378089,12:57:24.625,167.0900,1
46644625378089,12:57:24.625,167.0900,2
46644626157737,12:57:24.626,167.0700,100
46644626157737,12:57:24.626,167.0700,2
46655414262816,12:57:35.414,167.0700,100
46655414262816,12:57:35.414,167.0700,100
46655414262816,12:57:35.414,167.0600,43
46687870289725,12:58:07.870,167.0800,1
46687870289725,12:58:07.870,167.0800,1
46687870289725,12:58:07.870,167.0800,10
46687874835650,12:58:07.874,167.0600,57
46687875492949,12:58:07.875,167.0500,1
46687875492949,12:58:07.875,167.0500,1
46687875492949,12:58:07.875,167.0500,98
46687875534528,12:58:07.875,167.0500,2
46768029601940,12:59:28.029,167.0500,1
46768029741568,12:59:28.029,167.0800,10
46768029781340,12:59:28.029,167.0500,1
46768029998541,12:59:28.029,167.0500,1
46768031241329,12:59:28.031,167.0800,5
46768031325010,12:59:28.031,167.1100,2
46768031354764,12:59:28.031,167.1100,1
46768031354764,12:59:28.031,167.1100,1
46768031354764,12:59:28.031,167.1100,4
46791729781941,12:59:51.729,167.1200,1
46791729796360,12:59:51.729,167.1200,9
46796859661653,12:59:56.859,167.1500,100
46796861058727,12:59:56.861,167.1600,5
46803889865740,13:00:03.889,167.1600,45
46803890078015,13:00:03.890,167.2100,5
46811987601129,13:00:11.987,167.2000,100
46812599033013,13:00:12.599,167.1900,100
46812631544603,13:00:12.631,167.1800,100
46812631544603,13:00:12.631,167.1800,18
46893611459842,13:01:33.611,167.2200,2
46893611459842,13:01:33.611,167.2200,1
46893611459842,13:01:33.611,167.2200,1
46893611459842,13:01:33.611,167.2200,1
46911594453613,13:01:51.594,167.2100,1
46948635661604,13:02:28.635,167.1200,100
46948635661604,13:02:28.635,167.1200,9
47010025695281,13:03:30.025,167.1800,1
47057732382718,13:04:17.732,167.1500,1
47068024873501,13:04:28.024,167.1500,2
47113712550725,13:05:13.712,167.1900,5
47115346701886,13:05:15.346,167.2000,100
47115346701886,13:05:15.346,167.2000,88
47115876599776,13:05:15.876,167.2100,2
47115876599776,13:05:15.876,167.2100,1
47115876599776,13:05:15.876,167.2100,1
47115876599776,13:05:15.876,167.2100,96
47115876629419,13:05:15.876,167.2100,4
47115876629419,13:05:15.876,167.2100,4
47129024283488,13:05:29.024,167.3000,2
47131483948058,13:05:31.483,167.2700,100
47131484554520,13:05:31.484,167.2600,14
47155741766831,13:05:55.741,167.2900,10
47161511071991,13:06:01.511,167.2500,100
47163157449277,13:06:03.157,167.2500,100
47174087756131,13:06:14.087,167.2500,68
47236102944175,13:07:16.102,167.2300,1
47248019954818,13:07:28.019,167.2300,2
47308022208573,13:08:28.022,167.2300,2
47324733187364,13:08:44.733,167.2400,1
47326067676166,13:08:46.067,167.2400,100
47340182630995,13:09:00.182,167.2100,100
47340182669351,13:09:00.182,167.2000,94
47340182671334,13:09:00.182,167.2000,6
47340182671334,13:09:00.182,167.2000,94
47340183320077,13:09:00.183,167.2000,6
47341390693555,13:09:01.390,167.2000,9
47352055889622,13:09:12.055,167.2400,40
47352055918946,13:09:12.055,167.2400,60
47352055918946,13:09:12.055,167.2400,3
47352055918946,13:09:12.055,167.2400,2
47352055918946,13:09:12.055,167.2400,1
47352055918946,13:09:12.055,167.2400,100
47352055918946,13:09:12.055,167.2400,2
47389347674678,13:09:49.347,167.2450,400
47389347709595,13:09:49.347,167.2450,300
47392523461241,13:09:52.523,167.2800,5
47392523461241,13:09:52.523,167.2800,95
47413732393869,13:10:13.732,167.2500,1
47413732745040,13:10:13.732,167.2300,40
47413732745040,13:10:13.732,167.2200,100
47413732745040,13:10:13.732,167.2200,70
47413732807452,13:10:13.732,167.2200,30
47413732807452,13:10:13.732,167.2200,3
47413732841675,13:10:13.732,167.2200,7
47429510394826,13:10:29.510,167.2600,5
47429510721534,13:10:29.510,167.2250,300
47456373257109,13:10:56.373,167.2800,5
47456373257109,13:10:56.373,167.2800,2
47456373257109,13:10:56.373,167.2800,1
47456373257109,13:10:56.373,167.2800,92
47456373286720,13:10:56.373,167.2800,8
47456373295921,13:10:56.373,167.2800,8
47456373301995,13:10:56.373,167.2800,8
47456373337530,13:10:56.373,167.2800,84
47456373730936,13:10:56.373,167.2900,1
47470354399773,13:11:10.354,167.2300,2
47470354399773,13:11:10.354,167.2300,1
47470354399773,13:11:10.354,167.2300,165
47470354432231,13:11:10.354,167.2300,35
47470354432231,13:11:10.354,167.2300,4
47470355547784,13:11:10.355,167.2000,68
47470355825553,13:11:10.355,167.2300,100
47482889683072,13:11:22.889,167.2000,79
47482890016372,13:11:22.890,167.1900,58
47482891563962,13:11:22.891,167.1900,42
47548016275825,13:12:28.016,167.2100,2
47575386134560,13:12:55.386,167.1600,1
47575386134560,13:12:55.386,167.1600,10
47575386134560,13:12:55.386,167.1600,69
47575386134560,13:12:55.386,167.1600,20
47575386162733,13:12:55.386,167.1600,80
47608016650868,13:13:28.016,167.1000,1
47608016650868,13:13:28.016,167.1000,1
47608016650868,13:13:28.016,167.1000,3
47608018339382,13:13:28.018,167.0900,1
47608018339382,13:13:28.018,167.0900,1
47614465103203,13:13:34.465,167.0500,1
47614465105936,13:13:34.465,167.0400,1
47614465105936,13:13:34.465,167.0400,1
47614465105936,13:13:34.465,167.0400,8
47614465105936,13:13:34.465,167.0400,38
47614465163995,13:13:34.465,167.0400,2
47614465191797,13:13:34.465,167.0400,60
47628903141094,13:13:48.903,167.0100,1
47628904903360,13:13:48.904,166.9800,100
47668138413313,13:14:28.138,167.0400,1
47689285905690,13:14:49.285,166.9800,2
47689286734574,13:14:49.286,166.9600,1
47689287417710,13:14:49.287,166.9400,1
47689287417710,13:14:49.287,166.9400,1
47689287417710,13:14:49.287,166.9400,3
47689287417710,13:14:49.287,166.9400,10
47689288307342,13:14:49.288,166.9200,1
47689288307342,13:14:49.288,166.9200,1
47689288307342,13:14:49.288,166.9200,8
47689288307342,13:14:49.288,166.9200,100
47718140066740,13:15:18.140,166.9800,100
47718140066740,13:15:18.140,166.9800,3
47718140066740,13:15:18.140,166.9800,2
47718140066740,13:15:18.140,166.9800,2
47718140066740,13:15:18.140,166.9800,2
47718140066740,13:15:18.140,166.9800,10
47728029313992,13:15:28.029,166.9700,1
47728771579046,13:15:28.771,166.9700,100
47769735042784,13:16:09.735,166.9800,1
47788342651090,13:16:28.342,166.9800,1
47870527649204,13:17:50.527,167.0000,2
47871802172027,13:17:51.802,166.9800,1
47871802172027,13:17:51.802,166.9800,99
47873911731818,13:17:53.911,166.9800,1
47873911890052,13:17:53.911,166.9700,100
47873911925378,13:17:53.911,166.9700,15
47888780769923,13:18:08.780,166.9600,100
47888780769923,13:18:08.780,166.9600,10
47919381156695,13:18:39.381,166.9400,100
47919381191743,13:18:39.381,166.9400,100
47920113463013,13:18:40.113,166.9600,100
47943113446828,13:19:03.113,166.9400,6
47943114738511,13:19:03.114,166.9300,4
47947108621559,13:19:07.108,166.9300,96
47947108621559,13:19:07.108,166.9300,72
47994990881573,13:19:54.990,166.9000,1
47994990881573,13:19:54.990,166.9000,1
47994991829755,13:19:54.991,166.8900,98
48013748542764,13:20:13.748,166.8900,2
48013748542764,13:20:13.748,166.8900,2
48013748542764,13:20:13.748,166.8900,10
48013748542764,13:20:13.748,166.8900,86
48013748562304,13:20:13.748,166.8900,62
48013748562304,13:20:13.748,166.8900,100
48013748630154,13:20:13.748,166.8800,1
48013748630154,13:20:13.748,166.8800,6
48013748635688,13:20:13.748,166.8700,1
48013748635688,13:20:13.748,166.8700,1
48013754743340,13:20:13.754,166.8700,100
48013754743340,13:20:13.754,166.8600,1
48013754743340,13:20:13.754,166.8600,1
48013755974931,13:20:13.755,166.8600,100
48013755974931,13:20:13.755,166.8500,2
48013759725362,13:20:13.759,166.8500,98
48013759725362,13:20:13.759,166.8500,2
48028317630726,13:20:28.317,166.8400,1
48028317630726,13:20:28.317,166.8400,1
48028915116987,13:20:28.915,166.8500,100
48034773360853,13:20:34.773,166.8900,3
48034773360853,13:20:34.773,166.8900,3
48034773360853,13:20:34.773,166.8900,2
48034773360853,13:20:34.773,166.8900,100
48034773360853,13:20:34.773,166.8900,1
48034773360853,13:20:34.773,166.8900,83
48034773392392,13:20:34.773,166.8900,17
48034773405497,13:20:34.773,166.8900,17
48034773456554,13:20:34.773,166.8900,17
48034773482133,13:20:34.773,166.8900,66
48038141862188,13:20:38.141,166.8800,100
48038141886102,13:20:38.141,166.8900,100
48045699785652,13:20:45.699,166.8400,100
48045703986476,13:20:45.703,166.8300,100
48045704039567,13:20:45.704,166.8200,2
48045704039567,13:20:45.704,166.8200,98
48045704074333,13:20:45.704,166.8200,2
48045704074333,13:20:45.704,166.8200,65
48045704109355,13:20:45.704,166.8200,35
48045792389711,13:20:45.792,166.7900,2
48045831481723,13:20:45.831,166.7800,2
48045856451736,13:20:45.856,166.7600,1
48060013558519,13:21:00.013,166.8100,5
48063996871973,13:21:03.996,166.7800,2
48087276053140,13:21:27.276,166.7600,100
48089530998753,13:21:29.530,166.7400,2
48089530998753,13:21:29.530,166.7400,8
48090708485278,13:21:30.708,166.7300,3
48109109768545,13:21:49.109,166.7200,2
48109109768545,13:21:49.109,166.7200,3
48122870396766,13:22:02.870,166.7500,6
48122870396766,13:22:02.870,166.7600,94
48122870431412,13:22:02.870,166.7600,6
48133577962869,13:22:13.577,166.7700,3
48133577962869,13:22:13.577,166.7800,97
48137564936228,13:22:17.564,166.7800,2
48137564936228,13:22:17.564,166.7800,1
48148007665437,13:22:28.007,166.7600,1
48150009849268,13:22:30.009,166.7200,100
48150009877045,13:22:30.009,166.7200,11
48150009877045,13:22:30.009,166.7200,100
48150010749460,13:22:30.010,166.6900,1
48150010749460,13:22:30.010,166.6900,4
48156977726968,13:22:36.977,166.7200,2
48156977726968,13:22:36.977,166.7400,98
48170258622278,13:22:50.258,166.7300,100
48170258622278,13:22:50.258,166.7300,100
48177670392733,13:22:57.670,166.6800,2
48177670392733,13:22:57.670,166.6800,8
48177671226548,13:22:57.671,166.6700,2
48177671226548,13:22:57.671,166.6700,18
48177671226548,13:22:57.671,166.6700,47
48177672115168,13:22:57.672,166.6600,2
48177672115168,13:22:57.672,166.6600,8
48177682043861,13:22:57.682,166.6400,2
48177682043861,13:22:57.682,166.6400,3
48179307734243,13:22:59.307,166.6300,2
48179307734243,13:22:59.307,166.6300,8
48208012894820,13:23:28.012,166.6700,1
48250509582652,13:24:10.509,166.6400,100
48250509582652,13:24:10.509,166.6400,10
48254319259198,13:24:14.319,166.6900,53
48254321122472,13:24:14.321,166.6900,47
48254586834597,13:24:14.586,166.7000,2
48254586834597,13:24:14.586,166.7000,100
48254586834597,13:24:14.586,166.7000,100
48254586834597,13:24:14.586,166.7000,1
48254586834597,13:24:14.586,166.7000,1
48254586834597,13:24:14.586,166.7000,50
48254586834597,13:24:14.586,166.7000,46
48271281133773,13:24:31.281,166.7000,54
48303729950258,13:25:03.729,166.7100,1
48328023700101,13:25:28.023,166.6800,2
48378278055809,13:26:18.278,166.6600,1
48388017825499,13:26:28.017,166.6800,2
48388626617375,13:26:28.626,166.6900,6
48388626617375,13:26:28.626,166.7100,94
48392765491244,13:26:32.765,166.6800,1
48442659823820,13:27:22.659,166.7100,35
48442659823820,13:27:22.659,166.7200,5
48442659823820,13:27:22.659,166.7200,57
48447997993041,13:27:27.997,166.7200,100
48447997993041,13:27:27.997,166.7200,87
48447998023700,13:27:27.998,166.7200,13
48449482834744,13:27:29.482,166.7100,2
48449482834744,13:27:29.482,166.7100,100
48453431533068,13:27:33.431,166.7100,100
48454173339079,13:27:34.173,166.7000,100
48454173366374,13:27:34.173,166.7000,11
48454173369024,13:27:34.173,166.7000,11
48454173395375,13:27:34.173,166.7000,11
48454173417714,13:27:34.173,166.7000,11
48454173493554,13:27:34.173,166.7000,67
48454889780698,13:27:34.889,166.7300,3
48454889780698,13:27:34.889,166.7300,1
48454889780698,13:27:34.889,166.7300,1
48454889780698,13:27:34.889,166.7300,2
48488533783837,13:28:08.533,166.6900,7
48488533783837,13:28:08.533,166.6900,10
48555516226565,13:29:15.516,166.6900,4
48666727663067,13:31:06.727,166.7300,15
48666727689310,13:31:06.727,166.7300,85
48666727689310,13:31:06.727,166.7300,100
48666728032378,13:31:06.728,166.7300,100
48666729488717,13:31:06.729,166.7300,100
48666729588392,13:31:06.729,166.7300,100
48666730081275,13:31:06.730,166.7400,1
48666730081275,13:31:06.730,166.7400,2
48666730081275,13:31:06.730,166.7400,1
48666730081275,13:31:06.730,166.7400,3
48666730081275,13:31:06.730,166.7400,53
48684219847445,13:31:24.219,166.6900,5
48684219847445,13:31:24.219,166.6900,100
48684219847445,13:31:24.219,166.6900,81
48684219877555,13:31:24.219,166.6900,19
48684219877555,13:31:24.219,166.6900,100
48684219877555,13:31:24.219,166.6900,10
48742903851595,13:32:22.903,166.7100,2
48742903851595,13:32:22.903,166.7100,5
48742903963787,13:32:22.903,166.7100,7
48818141030909,13:33:38.141,166.6600,66
48818141030909,13:33:38.141,166.6600,4
48818141030909,13:33:38.141,166.6600,100
48818150205597,13:33:38.150,166.6400,100
48829418797855,13:33:49.418,166.6000,10
48829418797855,13:33:49.418,166.6000,90
48831848934564,13:33:51.848,166.6000,10
48831848934564,13:33:51.848,166.6000,100
48882578937195,13:34:42.578,166.5600,2
48882578937195,13:34:42.578,166.5600,3
48882579021285,13:34:42.579,166.5500,11
48882579021285,13:34:42.579,166.5500,19
48882585531183,13:34:42.585,166.5100,1
48882585531183,13:34:42.585,166.5000,99
48882601952543,13:34:42.601,166.5500,100
48982806784040,13:36:22.806,166.5700,2
48982807621415,13:36:22.807,166.6000,100
48982807621415,13:36:22.807,166.6000,90
48982812607145,13:36:22.812,166.6000,100
48982814331118,13:36:22.814,166.6100,2
48982814331118,13:36:22.814,166.6100,1
48982814331118,13:36:22.814,166.6100,1
48982814331118,13:36:22.814,166.6100,4
48982825637693,13:36:22.825,166.5700,1
48982826168902,13:36:22.826,166.5600,100
48990314507395,13:36:30.314,166.5600,1
49015669912894,13:36:55.669,166.6000,1
49073290039182,13:37:53.290,166.6400,6
49073290039182,13:37:53.290,166.6600,89
49073290067905,13:37:53.290,166.6600,11
49073290113145,13:37:53.290,166.6600,11
49147608707157,13:39:07.608,166.7100,43
49147608707157,13:39:07.608,166.7100,3
49199029407616,13:39:59.029,166.6300,6
49199029407616,13:39:59.029,166.6300,11
49199029407616,13:39:59.029,166.6300,100
49199032962114,13:39:59.032,166.6200,65
49199032962114,13:39:59.032,166.6000,13
49199058292759,13:39:59.058,166.6400,83
49199058320949,13:39:59.058,166.6400,17
49208074826402,13:40:08.074,166.6700,2
49208074826402,13:40:08.074,166.6700,2
49208074826402,13:40:08.074,166.6700,1
49208074826402,13:40:08.074,166.6700,1
49208074886959,13:40:08.074,166.6800,5
49208077273591,13:40:08.077,166.7100,100
49208077273591,13:40:08.077,166.7100,100
49208156063405,13:40:08.156,166.7100,100
49291255485809,13:41:31.255,166.7400,6
49291256457911,13:41:31.256,166.7400,6
49370817775905,13:42:50.817,166.6500,3
49370817775905,13:42:50.817,166.6500,100
49370817775905,13:42:50.817,166.6500,10
49370818215649,13:42:50.818,166.6400,84
49372039238110,13:42:52.039,166.6100,5
49372074603777,13:42:52.074,166.6200,100
49377474902534,13:42:57.474,166.6400,6
49377475332729,13:42:57.475,166.6400,6
49423499054775,13:43:43.499,166.6500,100
49423499054775,13:43:43.499,166.6500,2
49423499054775,13:43:43.499,166.6500,1
49423499054775,13:43:43.499,166.6500,1
49423499054775,13:43:43.499,166.6500,3
49423500077536,13:43:43.500,166.6700,100
49424006218396,13:43:44.006,166.6500,100
49455226986555,13:44:15.226,166.6500,114
49461379872355,13:44:21.379,166.6300,14
49461380671513,13:44:21.380,166.6300,44
49461382255182,13:44:21.382,166.6300,42
49461382255182,13:44:21.382,166.6300,2
49461382293718,13:44:21.382,166.6300,3
49461382293718,13:44:21.382,166.6300,9
49461386074540,13:44:21.386,166.6700,10
49461386237621,13:44:21.386,166.6900,100
49461387538275,13:44:21.387,166.7000,84
49461387538275,13:44:21.387,166.7000,16
49461387567760,13:44:21.387,166.7000,84
49461387567760,13:44:21.387,166.7000,100
49461387785205,13:44:21.387,166.6600,5
49475428139247,13:44:35.428,166.6500,100
49476713535076,13:44:36.713,166.6900,3
49501280849458,13:45:01.280,166.6500,200
49501281384035,13:45:01.281,166.6400,50
49501281802196,13:45:01.281,166.6300,100
49501281802196,13:45:01.281,166.6300,100
49501282601432,13:45:01.282,166.6400,50
49501283678499,13:45:01.283,166.6400,50
49501295125596,13:45:01.295,166.6100,48
49513884773645,13:45:13.884,166.5900,5
49513884853200,13:45:13.884,166.6250,200
49513897717849,13:45:13.897,166.6500,100
49513897775536,13:45:13.897,166.6600,100
49513897846608,13:45:13.897,166.6600,100
49513897901829,13:45:13.897,166.6200,10
49513907581266,13:45:13.907,166.6900,2
49513907581266,13:45:13.907,166.6900,1
49513909176685,13:45:13.909,166.7000,18
49520234018137,13:45:20.234,166.7100,100
49558510927485,13:45:58.510,166.7600,38
49572879030364,13:46:12.879,166.7900,100
49580398111495,13:46:20.398,166.7900,2
49657938952988,13:47:37.938,166.8600,2
49657938952988,13:47:37.938,166.8600,1
49661703303673,13:47:41.703,166.8200,100
49661703303673,13:47:41.703,166.8200,3
49661703672192,13:47:41.703,166.8500,10
49661709825199,13:47:41.709,166.8200,10
49661709825199,13:47:41.709,166.8200,10
49661709825199,13:47:41.709,166.8200,10
49661709825199,13:47:41.709,166.8200,10
49661709825199,13:47:41.709,166.8200,9
49666105482403,13:47:46.105,166.8000,8
49726987245248,13:48:46.987,166.8500,5
49726987245248,13:48:46.987,166.8500,2
49744203748682,13:49:04.203,166.8800,1
49745918023540,13:49:05.918,166.9100,100
49761332762072,13:49:21.332,166.8700,100
49761369005953,13:49:21.369,166.9100,100
49761374121350,13:49:21.374,166.8900,10
49762606926198,13:49:22.606,166.9100,10
49762606926198,13:49:22.606,166.9100,1
49762606926198,13:49:22.606,166.9100,10
49762606926198,13:49:22.606,166.9100,1
49762606926198,13:49:22.606,166.9100,1
49796937766466,13:49:56.937,166.9400,1
49800518822600,13:50:00.518,166.9400,2
49804642434620,13:50:04.642,167.0100,13
49860196100421,13:51:00.196,167.0100,7
49860196100421,13:51:00.196,167.0100,2
49860196226316,13:51:00.196,167.0000,10
49860196226316,13:51:00.196,167.0000,8
49860196226316,13:51:00.196,167.0000,82
49860196282402,13:51:00.196,167.0000,4
49860196282402,13:51:00.196,166.9900,96
49860196309445,13:51:00.196,166.9900,4
49860196309445,13:51:00.196,166.9900,100
49860196312821,13:51:00.196,167.0100,10
49860196585403,13:51:00.196,166.9900,4
49860196880809,13:51:00.196,167.0000,44
49860197136943,13:51:00.197,167.0000,56
49860197487414,13:51:00.197,167.0100,4
49880640789249,13:51:20.640,167.0200,17
49880640789249,13:51:20.640,167.0500,64
49886183024008,13:51:26.183,166.9400,81
49911491939970,13:51:51.491,166.9400,100
49911491939970,13:51:51.491,166.9400,100
50004232503152,13:53:24.232,166.9400,146
50010012063582,13:53:30.012,167.0200,44
50010012082161,13:53:30.012,167.0200,44
50010012639317,13:53:30.012,167.0200,12
50010012966229,13:53:30.012,167.0200,40
50010013131035,13:53:30.013,167.0300,2
50010013131035,13:53:30.013,167.0300,1
50010013131035,13:53:30.013,167.0300,1
50010013131035,13:53:30.013,167.0300,1
50012052704978,13:53:32.052,167.0000,44
50013911064569,13:53:33.911,166.9900,100
50015748502043,13:53:35.748,166.9500,27
50081680173007,13:54:41.680,167.0200,1
50104736474365,13:55:04.736,166.9500,100
50104736602151,13:55:04.736,166.9500,100
50104736602151,13:55:04.736,166.9500,6
50104736602151,13:55:04.736,166.9500,7
50104736602151,13:55:04.736,166.9500,4
50104736602151,13:55:04.736,166.9500,1
50104743751087,13:55:04.743,166.9200,3
50128864941187,13:55:28.864,166.9100,44
50128864951954,13:55:28.864,166.9100,56
50128864951954,13:55:28.864,166.9100,100
50128864951954,13:55:28.864,166.9100,4
50128864996054,13:55:28.864,166.9100,1
50131085459981,13:55:31.085,166.9300,100
50148548584748,13:55:48.548,166.8800,100
50154994105784,13:55:54.994,166.8700,2
50154994105784,13:55:54.994,166.8700,4
50154994105784,13:55:54.994,166.8700,3
50154999953497,13:55:54.999,166.8600,2
50154999953497,13:55:54.999,166.8600,100
50154999953497,13:55:54.999,166.8600,98
50155000017500,13:55:55.000,166.8600,2
50155000017500,13:55:55.000,166.8600,100
50155000017500,13:55:55.000,166.8600,100
50155103931602,13:55:55.103,166.8500,10
50170812070795,13:56:10.812,166.8300,10
50170812943894,13:56:10.812,166.8200,1
50170812943894,13:56:10.812,166.8200,7
50170814646450,13:56:10.814,166.8000,1
50170814700588,13:56:10.814,166.8000,4
50187141738984,13:56:27.141,166.8200,11
50187141738984,13:56:27.141,166.8300,95
50187141783396,13:56:27.141,166.8300,5
50187141783396,13:56:27.141,166.8300,3
50187141783396,13:56:27.141,166.8300,3
50206941452079,13:56:46.941,166.8600,6
50206941452079,13:56:46.941,166.8700,94
50213275174685,13:56:53.275,166.8700,3
50213275174685,13:56:53.275,166.8800,97
50213275221285,13:56:53.275,166.8800,3
50213275221285,13:56:53.275,166.8800,1
50253188836221,13:57:33.188,166.9100,1
50253188836221,13:57:33.188,166.9100,16
50253191090613,13:57:33.191,166.9100,17
50253191288288,13:57:33.191,166.9100,15
50308726698304,13:58:28.726,166.9300,1
50308726698304,13:58:28.726,166.9300,1
50331666303130,13:58:51.666,166.8700,100
50337000538966,13:58:57.000,166.8300,7
50337001308878,13:58:57.001,166.8200,1
50337337618465,13:58:57.337,166.8000,9
50347512323715,13:59:07.512,166.8400,8
50391155413757,13:59:51.155,166.9000,15
50391155413757,13:59:51.155,166.9000,3
50391155413757,13:59:51.155,166.9000,1
50402692914288,14:00:02.692,166.8400,100
50402696939033,14:00:02.696,166.8300,100
50402698846573,14:00:02.698,166.8400,97
50402709794682,14:00:02.709,166.9500,5
50402709794682,14:00:02.709,166.9700,1
50402709794682,14:00:02.709,167.0100,94
50402722197237,14:00:02.722,166.8600,10
50402723779895,14:00:02.723,166.8000,100
50402723779895,14:00:02.723,166.7900,5
50402723779895,14:00:02.723,166.7800,1
50402723779895,14:00:02.723,166.7700,100
50402723779895,14:00:02.723,166.7700,100
50402723779895,14:00:02.723,166.7500,5
50402724198901,14:00:02.724,166.7300,100
50403907561522,14:00:03.907,166.8400,7
50405722869827,14:00:05.722,166.9200,49
50405724135124,14:00:05.724,166.9200,51
50408993688154,14:00:08.993,167.1500,100
50408993688154,14:00:08.993,167.1500,1
50408993954694,14:00:08.993,167.1500,68
50408994074950,14:00:08.994,167.1500,32
50408999787676,14:00:08.999,166.9700,11
50408999795666,14:00:08.999,166.9700,39
50422899194355,14:00:22.899,167.5600,8
50422899213673,14:00:22.899,167.5600,36
50422899220365,14:00:22.899,167.5600,56
50423324582545,14:00:23.324,167.5200,100
50423331478985,14:00:23.331,167.3900,1
50423336083979,14:00:23.336,167.3800,1
50423357520863,14:00:23.357,167.3700,10
50423357568660,14:00:23.357,167.3600,2
50423357626972,14:00:23.357,167.3500,10
50423357680327,14:00:23.357,167.3400,2
50423361233195,14:00:23.361,167.3300,5
50423361298306,14:00:23.361,167.3300,5
50423361417830,14:00:23.361,167.3300,5
50423361607410,14:00:23.361,167.3300,5
50423361788661,14:00:23.361,167.3300,5
50423361872770,14:00:23.361,167.3300,5
50423361973183,14:00:23.361,167.3300,5
50423362038899,14:00:23.362,167.3300,5
50423362152881,14:00:23.362,167.3300,5
50423362217245,14:00:23.362,167.3300,5
50423362351872,14:00:23.362,167.3300,5
50423362418100,14:00:23.362,167.3300,5
50423362500363,14:00:23.362,167.3300,5
50423362615852,14:00:23.362,167.3300,5
50423362730346,14:00:23.362,167.3300,5
50423362799630,14:00:23.362,167.3300,5
50423362915231,14:00:23.362,167.3300,5
50423362981191,14:00:23.362,167.3300,5
50423363051953,14:00:23.363,167.3300,5
50423363134699,14:00:23.363,167.3300,5
50423363200259,14:00:23.363,167.3300,5
50423363372101,14:00:23.363,167.3300,5
50423364933588,14:00:23.364,167.3300,5
50423365026945,14:00:23.365,167.3300,5
50423365091307,14:00:23.365,167.3300,5
50423365201489,14:00:23.365,167.3300,5
50423365298875,14:00:23.365,167.3300,5
50423365419656,14:00:23.365,167.3300,5
50423366047080,14:00:23.366,167.3300,5
50423366360544,14:00:23.366,167.3300,5
50423861430296,14:00:23.861,167.3000,5
50423861467615,14:00:23.861,167.2900,1
50423876873118,14:00:23.876,167.2700,2
50423877065201,14:00:23.877,167.2500,1
50426309778211,14:00:26.309,167.3600,53
50426310585120,14:00:26.310,167.3900,100
50427639983884,14:00:27.639,167.4900,53
50438644097893,14:00:38.644,167.4000,100
50444874554637,14:00:44.874,167.3600,100
50445294071375,14:00:45.294,167.3200,2
50446508838533,14:00:46.508,167.2900,1
50446511668064,14:00:46.511,167.2800,10
50446512932083,14:00:46.512,167.2500,5
50446531403610,14:00:46.531,167.2500,100
50446639454283,14:00:46.639,167.1900,10
50446640547111,14:00:46.640,167.1800,1
50447062629158,14:00:47.062,167.1700,5
50447063246685,14:00:47.063,167.1600,2
50447063474092,14:00:47.063,167.1500,5
50447069515894,14:00:47.069,167.1400,5
50460552644139,14:01:00.552,167.4900,3
50465197441747,14:01:05.197,167.6400,1
50466742907610,14:01:06.742,167.5700,51
50467488823749,14:01:07.488,167.4600,5
50467488823749,14:01:07.488,167.4600,5
50470921912468,14:01:10.921,167.4400,1
50470921944691,14:01:10.921,167.4300,5
50470921944691,14:01:10.921,167.4300,15
50471012371813,14:01:11.012,167.4200,5
50471012371813,14:01:11.012,167.4200,15
50471013219288,14:01:11.013,167.4100,1
50471389515140,14:01:11.389,167.3900,5
50471389515140,14:01:11.389,167.3900,5
50471389566988,14:01:11.389,167.3800,10
50471389566988,14:01:11.389,167.3800,100
50471397856255,14:01:11.397,167.3500,2
50471415846522,14:01:11.415,167.3300,5
50471415954609,14:01:11.415,167.3200,1
50471416005237,14:01:11.416,167.3200,9
50471962419917,14:01:11.962,167.5000,4
50471962730058,14:01:11.962,167.5000,4
50471963299856,14:01:11.963,167.5000,4
50471970250400,14:01:11.970,167.5100,4
50517008708650,14:01:57.008,167.4100,33
50517008736636,14:01:57.008,167.4100,67
50518922831241,14:01:58.922,167.4100,100
50518922875700,14:01:58.922,167.4100,4
50518922877649,14:01:58.922,167.4100,96
50518922886571,14:01:58.922,167.4100,98
50518924806931,14:01:58.924,167.4500,5
50536452810329,14:02:16.452,167.3100,10
50536453058721,14:02:16.453,167.3000,1
50536453058721,14:02:16.453,167.3000,99
50536453094569,14:02:16.453,167.3000,1
50536453094569,14:02:16.453,167.3000,100
50536453094569,14:02:16.453,167.3000,7
50536453146177,14:02:16.453,167.2900,2
50536453156638,14:02:16.453,167.2900,8
50537086545724,14:02:17.086,167.2700,1
50537826136493,14:02:17.826,167.2500,10
50537826195568,14:02:17.826,167.2400,1
50537826195568,14:02:17.826,167.2300,1
50537828336079,14:02:17.828,167.2100,5
50537828387004,14:02:17.828,167.2000,1
50537828387004,14:02:17.828,167.1800,2
50576397494241,14:02:56.397,167.3200,2
50576397494241,14:02:56.397,167.3200,6
50576397494241,14:02:56.397,167.3200,200
50576398264173,14:02:56.398,167.3200,100
50576409163787,14:02:56.409,167.3300,5
50598585662962,14:03:18.585,167.4700,1
50598585763094,14:03:18.585,167.4800,40
50598585834054,14:03:18.585,167.4800,46
50598585834657,14:03:18.585,167.4800,14
50615081947650,14:03:35.081,167.6200,2
50615081947650,14:03:35.081,167.6200,98
50615082038556,14:03:35.082,167.6200,2
50629020019623,14:03:49.020,167.6100,100
50629020019623,14:03:49.020,167.6200,1
50629020261952,14:03:49.020,167.6200,99
50629020261952,14:03:49.020,167.6200,1
50629020305577,14:03:49.020,167.6200,100
50629750718784,14:03:49.750,167.5500,3
50629750718784,14:03:49.750,167.5500,5
50647294348608,14:04:07.294,167.6200,100
50647294348608,14:04:07.294,167.6200,1
50647295822697,14:04:07.295,167.6200,100
50661398767569,14:04:21.398,167.7300,2
50691368823185,14:04:51.368,167.8300,1
50691368823185,14:04:51.368,167.8300,5
50691369209161,14:04:51.369,167.8400,25
50701023366251,14:05:01.023,167.8400,75
50715624300262,14:05:15.624,167.8400,50
50715624300262,14:05:15.624,167.8400,7
50715624303506,14:05:15.624,167.8400,50
50715624303994,14:05:15.624,167.8400,43
50715624303994,14:05:15.624,167.8400,73
50715624316218,14:05:15.624,167.8400,27
50715624318596,14:05:15.624,167.8400,1
50715624831331,14:05:15.624,167.8000,100
50716063880877,14:05:16.063,167.8400,6
50736789712074,14:05:36.789,167.6900,100
50834614640170,14:07:14.614,167.6200,46
50834614655071,14:07:14.614,167.6200,40
50834614659549,14:07:14.614,167.6200,14
50834614666454,14:07:14.614,167.6000,14
50834614695782,14:07:14.614,167.6000,86
50834615002690,14:07:14.615,167.5900,5
50836247353576,14:07:16.247,167.6100,100
50852042506834,14:07:32.042,167.6600,2
50852042506834,14:07:32.042,167.6600,8
50852042506834,14:07:32.042,167.6600,1
50852042506834,14:07:32.042,167.6600,3
50902059298576,14:08:22.059,167.6200,50
50902059301490,14:08:22.059,167.6200,46
50916725108390,14:08:36.725,167.7300,3
50916725108390,14:08:36.725,167.7300,100
50944465124462,14:09:04.465,167.8100,2
50963788492433,14:09:23.788,167.7300,20
50968223227114,14:09:28.223,167.7100,50
50968223227114,14:09:28.223,167.7000,50
50968223263655,14:09:28.223,167.7000,50
50968223301983,14:09:28.223,167.7000,100
50969076229848,14:09:29.076,167.7500,6
51030767942298,14:10:30.767,167.8000,100
51030803173904,14:10:30.803,167.8000,6
51030803173904,14:10:30.803,167.8000,1
51030803173904,14:10:30.803,167.8500,93
51030821034948,14:10:30.821,167.8400,100
51030836741604,14:10:30.836,167.8500,7
51030836741604,14:10:30.836,167.8500,93
51030872887582,14:10:30.872,167.8500,7
51030872887582,14:10:30.872,167.8800,93
51030906901808,14:10:30.906,167.8800,100
51030929382163,14:10:30.929,167.8800,100
51030944540546,14:10:30.944,167.8800,100
51030960833077,14:10:30.960,167.8800,100
51060975618114,14:11:00.975,167.8800,1
51060975618114,14:11:00.975,167.9000,46
51060975709412,14:11:00.975,167.9000,13
51060975946447,14:11:00.975,167.9000,22
51061006783374,14:11:01.006,167.8900,1
51061006950582,14:11:01.006,167.8900,1
51065500708844,14:11:05.500,167.9700,5
51065500708844,14:11:05.500,167.9700,2
51065500708844,14:11:05.500,167.9700,100
51065500708844,14:11:05.500,167.9700,100
51065502076509,14:11:05.502,168.0300,50
51065502082689,14:11:05.502,168.0300,50
51173169388399,14:12:53.169,168.1400,5
51176970116744,14:12:56.970,168.2200,1
51176970116744,14:12:56.970,168.2200,3
51176970116744,14:12:56.970,168.2200,2
51176970116744,14:12:56.970,168.2200,2
51176970116744,14:12:56.970,168.2200,24
51178973018853,14:12:58.973,168.2500,100
51213528917688,14:13:33.528,168.3000,35
51213528928964,14:13:33.528,168.3000,65
51213528928964,14:13:33.528,168.3000,4
51213528928964,14:13:33.528,168.3000,31
51213528931424,14:13:33.528,168.3000,100
51213528944308,14:13:33.528,168.3000,65
51213528950313,14:13:33.528,168.3000,65
51213528965356,14:13:33.528,168.3000,50
51213529002005,14:13:33.529,168.3000,2
51213529052475,14:13:33.529,168.3000,98
51213529052475,14:13:33.529,168.3000,2
