timestamp,time,price,volume
34200590445162,09:30:00.590,0.0000,0
34261923438914,09:31:01.923,84.6800,200
34261923438914,09:31:01.923,84.7300,200
34356312469676,09:32:36.312,84.3900,18
34356312923396,09:32:36.312,84.3900,82
34356312923396,09:32:36.312,84.3900,18
34357017764494,09:32:37.017,84.3500,100
34357017764494,09:32:37.017,84.3400,100
34357017794622,09:32:37.017,84.3400,100
34359852221409,09:32:39.852,84.4200,54
34359852232058,09:32:39.852,84.4200,46
34359852232058,09:32:39.852,84.4200,10
34359852478368,09:32:39.852,84.4400,200
34359853334049,09:32:39.853,84.4400,100
34376312171485,09:32:56.312,84.4100,100
34376312171485,09:32:56.312,84.4100,100
34376312262032,09:32:56.312,84.4100,100
34376312336543,09:32:56.312,84.4100,100
34376314413935,09:32:56.314,84.3600,100
34376314413935,09:32:56.314,84.3600,100
34378749601113,09:32:58.749,84.3350,49
34379819098553,09:32:59.819,84.2900,4
34420282837348,09:33:40.282,84.3800,100
34420329746872,09:33:40.329,84.4500,100
34423924166212,09:33:43.924,84.4700,61
34434333302551,09:33:54.333,84.4400,58
34434333745020,09:33:54.333,84.4300,100
34434334291142,09:33:54.334,84.3800,73
34434334298171,09:33:54.334,84.3800,27
34434334298171,09:33:54.334,84.3800,33
34434334303557,09:33:54.334,84.3800,67
34497157037923,09:34:57.157,84.3100,100
34497157037923,09:34:57.157,84.3100,100
34497158144672,09:34:57.158,84.3000,90
34497158685183,09:34:57.158,84.2800,6
34497158685183,09:34:57.158,84.2700,4
34497158763402,09:34:57.158,84.2700,100
34497158766800,09:34:57.158,84.2600,100
34497161804880,09:34:57.161,84.2800,100
34497174997740,09:34:57.174,84.2900,100
34498833803449,09:34:58.833,84.2600,100
34500647951835,09:35:00.647,84.2900,100
34501462386911,09:35:01.462,84.3300,100
34535392995844,09:35:35.392,84.3300,100
34571828697979,09:36:11.828,84.3900,100
34571828697979,09:36:11.828,84.3900,3
34654533106956,09:37:34.533,84.5700,100
34669847008516,09:37:49.847,84.4700,100
34669847008516,09:37:49.847,84.4700,100
34669847008516,09:37:49.847,84.4700,100
34669847055212,09:37:49.847,84.4600,100
34669847055212,09:37:49.847,84.4600,95
34669866963034,09:37:49.866,84.4400,100
34669884334298,09:37:49.884,84.4500,35
34669886210988,09:37:49.886,84.4600,65
34709148444506,09:38:29.148,84.4400,100
34709172674037,09:38:29.172,84.4200,100
34709174892576,09:38:29.174,84.4300,100
34709197689612,09:38:29.197,84.4200,100
34709197975221,09:38:29.197,84.4100,100
34728785271475,09:38:48.785,84.4200,7
34728785291101,09:38:48.785,84.4500,81
34728785294790,09:38:48.785,84.4500,19
34728788968687,09:38:48.788,84.4600,88
34728789718197,09:38:48.789,84.4600,12
34761000840236,09:39:21.000,84.4300,32
34796781381984,09:39:56.781,84.4900,100
34810670793697,09:40:10.670,84.5400,100
34810670793697,09:40:10.670,84.5400,100
34882179829459,09:41:22.179,84.5900,100
34882180087115,09:41:22.180,84.5800,100
34955647450257,09:42:35.647,84.5100,46
34955647746391,09:42:35.647,84.5000,46
34956238575826,09:42:36.238,84.4700,100
34956238575826,09:42:36.238,84.4700,100
34956238675114,09:42:36.238,84.4700,70
34956239425180,09:42:36.239,84.4900,100
34956240067129,09:42:36.240,84.4800,100
34956240128775,09:42:36.240,84.4900,100
34956240299320,09:42:36.240,84.5000,100
34957573699248,09:42:37.573,84.5000,100
35012858777603,09:43:32.858,84.4500,100
35019656352302,09:43:39.656,84.4100,100
35019656352302,09:43:39.656,84.4100,100
35051909187567,09:44:11.909,84.2800,100
35051909490538,09:44:11.909,84.3000,100
35166121070900,09:46:06.121,84.2400,100
35186834065934,09:46:26.834,84.1700,100
35215847381840,09:46:55.847,84.1800,100
35215847381840,09:46:55.847,84.1800,100
35215847381840,09:46:55.847,84.1900,97
35215847397283,09:46:55.847,84.1900,3
35215848680541,09:46:55.848,84.2300,100
35218173780690,09:46:58.173,84.1800,2
35218174069405,09:46:58.174,84.1800,100
35218175601040,09:46:58.175,84.1600,48
35218175625368,09:46:58.175,84.1600,52
35272625588001,09:47:52.625,84.1800,2
35287887983566,09:48:07.887,84.0800,8
35288371042747,09:48:08.371,84.0600,100
35288372659173,09:48:08.372,84.0500,3
35288372704724,09:48:08.372,84.0500,100
35288374751496,09:48:08.374,84.0600,100
35288381460752,09:48:08.381,84.0600,78
35289173745602,09:48:09.173,84.0600,100
35289173745602,09:48:09.173,84.0500,100
35289174963261,09:48:09.174,84.0400,100
35320423383981,09:48:40.423,84.0300,100
35320423383981,09:48:40.423,84.0000,2
35320423460334,09:48:40.423,84.0000,100
35320424725569,09:48:40.424,84.0000,60
35322175367759,09:48:42.175,83.9200,100
35381471890373,09:49:41.471,83.7900,2
35381471994850,09:49:41.471,83.8300,10
35383706515296,09:49:43.706,83.8600,1
35383706515296,09:49:43.706,83.8600,99
35383706519986,09:49:43.706,83.8600,100
35383706534301,09:49:43.706,83.8600,1
35383706650637,09:49:43.706,83.8700,73
35383706840998,09:49:43.706,83.8700,27
35417051547045,09:50:17.051,83.9000,2
35417051547045,09:50:17.051,83.9000,3
35435006087612,09:50:35.006,83.9000,7
35435538096005,09:50:35.538,83.8700,100
35502592483207,09:51:42.592,83.8200,2
35502592483207,09:51:42.592,83.8200,100
35502594212629,09:51:42.594,83.8200,100
35550841121281,09:52:30.841,83.7800,100
35550842754081,09:52:30.842,83.7800,100
35575478381197,09:52:55.478,83.8200,2
35614125318540,09:53:34.125,83.8100,2
35614125318540,09:53:34.125,83.8100,98
35651581331110,09:54:11.581,83.8700,100
35651581797743,09:54:11.581,83.8900,100
35651581797743,09:54:11.581,83.8900,28
35651581798462,09:54:11.581,83.8900,22
35651582110083,09:54:11.582,83.9000,7
35651582580455,09:54:11.582,83.8900,100
35651582604235,09:54:11.582,83.8800,100
35651582722987,09:54:11.582,83.9100,49
35651582749753,09:54:11.582,83.9100,51
35651582749753,09:54:11.582,83.9100,100
35651584049770,09:54:11.584,83.8900,10
35651584049770,09:54:11.584,83.8900,90
35651587835923,09:54:11.587,83.8900,10
35653590152116,09:54:13.590,83.8800,100
35659988148892,09:54:19.988,83.8800,2
35659998797101,09:54:19.998,83.8700,100
35659998820982,09:54:19.998,83.8700,8
35660801197452,09:54:20.801,83.9100,1
35667872200922,09:54:27.872,83.8300,100
35688188510010,09:54:48.188,83.8200,100
35707380149637,09:55:07.380,83.7900,100
35707380149637,09:55:07.380,83.7900,2
35707382126663,09:55:07.382,83.7500,100
35745511559518,09:55:45.511,83.8200,103
35745511559518,09:55:45.511,83.8200,2
35745511806360,09:55:45.511,83.8000,22
35745511808159,09:55:45.511,83.8000,78
35765407840064,09:56:05.407,83.7600,100
35942933712068,09:59:02.933,83.7400,100
35942933712068,09:59:02.933,83.7400,100
35969803303982,09:59:29.803,83.7300,100
35969803651059,09:59:29.803,83.7300,80
35969916882209,09:59:29.916,83.7300,100
35985247880241,09:59:45.247,83.7600,100
35985247885076,09:59:45.247,83.7600,100
35990356165443,09:59:50.356,83.8100,3
36008246681559,10:00:08.246,83.8100,51
36008271149165,10:00:08.271,83.8100,100
36008271178924,10:00:08.271,83.8100,100
36092530630882,10:01:32.530,83.8400,49
36092530641199,10:01:32.530,83.8400,5
36092530647242,10:01:32.530,83.8400,46
36092530647242,10:01:32.530,83.8400,23
36092530657325,10:01:32.530,83.8400,77
36092530657325,10:01:32.530,83.8400,100
36092626562982,10:01:32.626,83.8500,2
36093529912288,10:01:33.529,83.8500,200
36093529945504,10:01:33.529,83.8500,100
36093529945504,10:01:33.529,83.8600,100
36093529954558,10:01:33.529,83.8600,100
36093530508931,10:01:33.530,83.8700,100
36111355621831,10:01:51.355,83.8600,100
36123216360033,10:02:03.216,83.8300,100
36123216438335,10:02:03.216,83.8300,100
36123216600143,10:02:03.216,83.8200,3
36123216608655,10:02:03.216,83.8200,82
36123216620140,10:02:03.216,83.8200,15
36145253727186,10:02:25.253,83.8600,79
36145253734687,10:02:25.253,83.8600,21
36145277586343,10:02:25.277,83.8700,100
36166656754860,10:02:46.656,83.8300,5
36166656901562,10:02:46.656,83.8200,100
36166656901562,10:02:46.656,83.8200,100
36166686538519,10:02:46.686,83.8000,125
36166688078274,10:02:46.688,83.7800,100
36166689120601,10:02:46.689,83.7800,100
36166690829455,10:02:46.690,83.7700,100
36166695203012,10:02:46.695,83.7900,48
36285008316940,10:04:45.008,83.7600,5
36285008316940,10:04:45.008,83.7600,95
36327544824226,10:05:27.544,83.7600,100
36327544824226,10:05:27.544,83.7600,6
36327545023357,10:05:27.545,83.7500,51
36327545054044,10:05:27.545,83.7500,37
36327545058434,10:05:27.545,83.7500,12
36327545171094,10:05:27.545,83.7700,100
36337982024548,10:05:37.982,83.7900,69
36337982085609,10:05:37.982,83.8000,4
36337982085609,10:05:37.982,83.8000,1
36337982134671,10:05:37.982,83.8000,100
36337982379825,10:05:37.982,83.8000,100
36337982407153,10:05:37.982,83.8000,100
36360183134263,10:06:00.183,83.8200,100
36360183134263,10:06:00.183,83.8200,100
36360183134263,10:06:00.183,83.8200,100
36360183158033,10:06:00.183,83.8200,77
36360183169226,10:06:00.183,83.8200,69
36360183273856,10:06:00.183,83.8200,54
36372975635203,10:06:12.975,83.8400,100
36395705213239,10:06:35.705,83.8300,6
36427771454674,10:07:07.771,83.8500,5
36431063024356,10:07:11.063,83.8100,200
36431063350418,10:07:11.063,83.8100,100
36431063918971,10:07:11.063,83.8100,100
36431063927579,10:07:11.063,83.8000,100
36437360162895,10:07:17.360,83.7900,100
36451623574691,10:07:31.623,83.7700,200
36451623574691,10:07:31.623,83.7700,100
36451623626843,10:07:31.623,83.7600,18
36451651209526,10:07:31.651,83.7500,100
36452218448598,10:07:32.218,83.7500,100
36455727767372,10:07:35.727,83.7300,100
36455727767372,10:07:35.727,83.7300,100
36455728343965,10:07:35.728,83.7400,100
36465945189904,10:07:45.945,83.7600,100
36465945685920,10:07:45.945,83.7700,100
36465945768526,10:07:45.945,83.7700,100
36465945825794,10:07:45.945,83.7700,100
36465946699790,10:07:45.946,83.7600,100
36465946699790,10:07:45.946,83.7600,100
36465946699790,10:07:45.946,83.7600,100
36465946699790,10:07:45.946,83.7600,10
36470023591563,10:07:50.023,83.7400,100
36488814019603,10:08:08.814,83.7600,100
36488814019603,10:08:08.814,83.7600,100
36488814097071,10:08:08.814,83.7600,100
36488817068641,10:08:08.817,83.7700,100
36488823837935,10:08:08.823,83.7700,100
36488843690324,10:08:08.843,83.7700,94
36488843738560,10:08:08.843,83.7700,6
36604838101300,10:10:04.838,83.7900,100
36696148961956,10:11:36.148,83.8300,100
36705900880340,10:11:45.900,83.8500,12
36705904893470,10:11:45.904,83.8500,100
36709067225666,10:11:49.067,83.8900,70
36743032509174,10:12:23.032,83.8500,100
36743032509174,10:12:23.032,83.8500,100
36743032509174,10:12:23.032,83.8500,6
36743033447582,10:12:23.033,83.8400,39
36743033478614,10:12:23.033,83.8400,69
36743036658174,10:12:23.036,83.8400,92
36743036658174,10:12:23.036,83.8400,8
36743036700032,10:12:23.036,83.8400,92
36743045075934,10:12:23.045,83.8300,100
36743045656281,10:12:23.045,83.8300,100
36743045656281,10:12:23.045,83.8300,100
36743089303374,10:12:23.089,83.8400,100
36743737622742,10:12:23.737,83.8300,100
36759204111381,10:12:39.204,83.8300,100
36759204111381,10:12:39.204,83.8300,100
36778547388038,10:12:58.547,83.8400,100
36785582930931,10:13:05.582,83.7900,100
36813607670035,10:13:33.607,83.7900,88
36815858636750,10:13:35.858,83.7600,100
36815858636750,10:13:35.858,83.7600,100
36815880858762,10:13:35.880,83.7800,10
36815880858762,10:13:35.880,83.7800,90
36815880884253,10:13:35.880,83.7800,10
36825005418807,10:13:45.005,83.8000,2
36873154023859,10:14:33.154,83.8200,100
36873154557446,10:14:33.154,83.8200,15
36880770675898,10:14:40.770,83.8100,200
36880770675898,10:14:40.770,83.8100,100
36880771345049,10:14:40.771,83.8200,24
36880771348426,10:14:40.771,83.8200,76
36902647733600,10:15:02.647,83.7900,100
36902653248739,10:15:02.653,83.7900,100
36902662004305,10:15:02.662,83.7900,100
36902662471964,10:15:02.662,83.7900,100
36909030558255,10:15:09.030,83.7900,7
36909030562824,10:15:09.030,83.7900,69
36909030580025,10:15:09.030,83.7900,24
36909030580025,10:15:09.030,83.7900,46
36933923643337,10:15:33.923,83.7600,100
36953578827486,10:15:53.578,83.7600,100
37039548221916,10:17:19.548,83.7400,7
37039548784624,10:17:19.548,83.7300,100
37039548784624,10:17:19.548,83.7300,100
37039548999773,10:17:19.548,83.7300,100
37039549431990,10:17:19.549,83.7400,100
37039552762591,10:17:19.552,83.7300,100
37049697223859,10:17:29.697,83.7000,100
37049697223859,10:17:29.697,83.7000,100
37054777491819,10:17:34.777,83.7200,100
37054777491819,10:17:34.777,83.7200,40
37054777496497,10:17:34.777,83.7200,60
37064543083407,10:17:44.543,83.7400,100
37064543163932,10:17:44.543,83.7400,100
37064543235395,10:17:44.543,83.7400,100
37065016186970,10:17:45.016,83.7400,100
37066283303433,10:17:46.283,83.7300,100
37087380006608,10:18:07.380,83.7200,100
37087380052221,10:18:07.380,83.7200,7
37087380052221,10:18:07.380,83.7200,100
37087394411613,10:18:07.394,83.7000,100
37087394478127,10:18:07.394,83.7000,100
37087394640665,10:18:07.394,83.6900,77
37089862304906,10:18:09.862,83.7100,100
37092324352916,10:18:12.324,83.7100,200
37092324991061,10:18:12.324,83.7100,100
37098471313661,10:18:18.471,83.7200,100
37099732078078,10:18:19.732,83.7200,68
37113286573386,10:18:33.286,83.7300,3
37141277251293,10:19:01.277,83.7100,100
37148399269251,10:19:08.399,83.7000,100
37148400404336,10:19:08.400,83.7100,10
37150985074956,10:19:10.985,83.7200,77
37150985106299,10:19:10.985,83.7200,23
37150985106299,10:19:10.985,83.7200,100
37150985106299,10:19:10.985,83.7200,100
37150985106299,10:19:10.985,83.7200,100
37150985106299,10:19:10.985,83.7200,97
37150985153463,10:19:10.985,83.7200,400
37150985340284,10:19:10.985,83.7300,100
37150985340284,10:19:10.985,83.7300,2
37150985342335,10:19:10.985,83.7300,70
37150985359259,10:19:10.985,83.7300,28
37150985359259,10:19:10.985,83.7300,70
37150985843116,10:19:10.985,83.7300,9
37150985863172,10:19:10.985,83.7300,91
37150985863172,10:19:10.985,83.7300,60
37150985863172,10:19:10.985,83.7300,100
37150985863172,10:19:10.985,83.7300,9
37150985865610,10:19:10.985,83.7300,260
37150985927216,10:19:10.985,83.7300,61
37150988215683,10:19:10.988,83.7400,100
37152835065623,10:19:12.835,83.7400,100
37153293809396,10:19:13.293,83.7400,100
37193364163648,10:19:53.364,83.7400,69
37193364194648,10:19:53.364,83.7400,31
37221307519888,10:20:21.307,83.7600,88
37229377238929,10:20:29.377,83.7500,100
37301645272277,10:21:41.645,83.7300,100
37301645272277,10:21:41.645,83.7300,6
37301645272277,10:21:41.645,83.7300,100
37316893843344,10:21:56.893,83.7100,100
37326696428910,10:22:06.696,83.7300,100
37326697522082,10:22:06.697,83.7400,5
37377709153258,10:22:57.709,83.7100,82
37377709239407,10:22:57.709,83.7100,18
37377710482673,10:22:57.710,83.7000,100
37380345146266,10:23:00.345,83.6900,100
37382588902256,10:23:02.588,83.6800,8
37382595144773,10:23:02.595,83.6700,100
37382727840666,10:23:02.727,83.6700,57
37382727881927,10:23:02.727,83.6700,43
37382727881927,10:23:02.727,83.6600,57
37382728039048,10:23:02.728,83.6600,43
37383588965107,10:23:03.588,83.6600,10
37386695382776,10:23:06.695,83.6700,100
37393415004861,10:23:13.415,83.6500,100
37417290970804,10:23:37.290,83.6500,100
37417290970804,10:23:37.290,83.6500,100
37437375462509,10:23:57.375,83.6300,7
37437375470236,10:23:57.375,83.6300,69
37437375481401,10:23:57.375,83.6300,24
37443942728348,10:24:03.942,83.6300,2
37446746159332,10:24:06.746,83.6200,100
37446746159332,10:24:06.746,83.6200,8
37473734902045,10:24:33.734,83.6300,33
37473736919597,10:24:33.736,83.6500,67
37512477723627,10:25:12.477,83.6400,100
37516487115089,10:25:16.487,83.6800,100
37545003426183,10:25:45.003,83.6700,100
37545003426183,10:25:45.003,83.6700,100
37550211001716,10:25:50.211,83.6700,100
37550212192919,10:25:50.212,83.6500,100
37550212192919,10:25:50.212,83.6500,100
37550212192919,10:25:50.212,83.6500,100
37581954655067,10:26:21.954,83.6700,100
37581954655067,10:26:21.954,83.6700,100
37581954655067,10:26:21.954,83.6700,100
37583902952702,10:26:23.902,83.6900,100
37649159436878,10:27:29.159,83.7500,100
37649159453013,10:27:29.159,83.7600,28
37649159455490,10:27:29.159,83.7600,72
37649259095778,10:27:29.259,83.7500,100
37649259479544,10:27:29.259,83.7400,100
37649262597585,10:27:29.262,83.7400,100
37649262597585,10:27:29.262,83.7400,100
37681626260815,10:28:01.626,83.7600,100
37681626299111,10:28:01.626,83.7600,100
37731929777592,10:28:51.929,83.8000,1
37753792672703,10:29:13.792,83.7800,100
37787547491350,10:29:47.547,83.7900,100
37787547491350,10:29:47.547,83.7900,100
37788597561378,10:29:48.597,83.8000,100
37811817385816,10:30:11.817,83.8100,100
37811817385816,10:30:11.817,83.8100,5
37811817385816,10:30:11.817,83.8100,100
37813871023324,10:30:13.871,83.8000,100
37813871023324,10:30:13.871,83.8000,100
37813871080212,10:30:13.871,83.8000,6
37813871482619,10:30:13.871,83.7900,31
37813871485038,10:30:13.871,83.7900,58
37813871495969,10:30:13.871,83.7900,11
37813871495969,10:30:13.871,83.7900,47
37834585326833,10:30:34.585,83.7900,100
37846209858834,10:30:46.209,83.8000,40
37853342183712,10:30:53.342,83.7800,100
37853342183712,10:30:53.342,83.7800,100
37858289768736,10:30:58.289,83.8000,60
37858289768736,10:30:58.289,83.8000,100
37858289768736,10:30:58.289,83.8000,100
37858289768736,10:30:58.289,83.8000,100
37858289898027,10:30:58.289,83.8000,100
37858289928378,10:30:58.289,83.8000,100
37858289936029,10:30:58.289,83.8000,100
37858289978920,10:30:58.289,83.8000,100
37858290481194,10:30:58.290,83.8000,100
37858290587846,10:30:58.290,83.8000,100
37869348281193,10:31:09.348,83.8000,100
37871856193472,10:31:11.856,83.7900,100
37877144061267,10:31:17.144,83.7800,93
37877144370815,10:31:17.144,83.7800,7
37894077235642,10:31:34.077,83.8000,100
37896231561210,10:31:36.231,83.8000,100
37896231587277,10:31:36.231,83.8000,100
37896231587277,10:31:36.231,83.8000,100
37896566028869,10:31:36.566,83.8000,100
37902475439456,10:31:42.475,83.8100,100
37929032542148,10:32:09.032,83.8050,200
37940120388247,10:32:20.120,83.8200,100
37940126130423,10:32:20.126,83.8200,100
37940126130423,10:32:20.126,83.8200,100
37940912595029,10:32:20.912,83.8200,100
37943469122375,10:32:23.469,83.8300,100
37943470785293,10:32:23.470,83.8300,100
37943929396673,10:32:23.929,83.8400,2
37944661973706,10:32:24.661,83.8400,100
37944663259554,10:32:24.663,83.8400,100
37944663276252,10:32:24.663,83.8400,80
37944663282963,10:32:24.663,83.8400,100
37944663344091,10:32:24.663,83.8400,18
37947354988291,10:32:27.354,83.8500,100
37947355031035,10:32:27.355,83.8500,100
37947355210708,10:32:27.355,83.8500,100
37949249251145,10:32:29.249,83.8500,7
37950543196622,10:32:30.543,83.8500,100
37997817294149,10:33:17.817,83.8800,100
37997817294149,10:33:17.817,83.8800,100
38006577889132,10:33:26.577,83.9200,45
38006577955845,10:33:26.577,83.9200,25
38027958004341,10:33:47.958,83.9500,9
38027958642213,10:33:47.958,83.9600,100
38028128921895,10:33:48.128,83.9800,100
38028128921895,10:33:48.128,83.9800,100
38032422131899,10:33:52.422,83.9800,100
38052109819839,10:34:12.109,83.9400,95
38052109850607,10:34:12.109,83.9400,5
38052109850607,10:34:12.109,83.9400,5
38053421794864,10:34:13.421,83.9400,100
38053421794864,10:34:13.421,83.9400,100
38054502491239,10:34:14.502,83.9400,100
38054502491239,10:34:14.502,83.9400,46
38056066095567,10:34:16.066,83.9400,100
38060141637768,10:34:20.141,83.9300,100
38060141637768,10:34:20.141,83.9300,100
38060141637768,10:34:20.141,83.9300,100
38066207377882,10:34:26.207,83.9300,100
38089945705833,10:34:49.945,83.9500,100
38089945713050,10:34:49.945,83.9600,25
38089945830969,10:34:49.945,83.9600,37
38089945836537,10:34:49.945,83.9600,38
38161999732743,10:36:01.999,83.9550,100
38161999732743,10:36:01.999,83.9550,100
38162001882000,10:36:02.001,83.9400,10
38162001882000,10:36:02.001,83.9400,100
38162001882000,10:36:02.001,83.9400,6
38162023538538,10:36:02.023,83.9300,100
38162023538538,10:36:02.023,83.9300,100
38188637961338,10:36:28.637,83.9300,100
38188721681731,10:36:28.721,83.9300,7
38188721681731,10:36:28.721,83.9300,100
38189021579728,10:36:29.021,83.9200,100
38189021579728,10:36:29.021,83.9200,4
38189021579728,10:36:29.021,83.9200,100
38189021579728,10:36:29.021,83.9200,100
38189021579728,10:36:29.021,83.9200,100
38189021579728,10:36:29.021,83.9200,100
38189021970542,10:36:29.021,83.9200,100
38192259632017,10:36:32.259,83.9100,100
38192259641374,10:36:32.259,83.9100,100
38202108906563,10:36:42.108,83.9100,100
38202108906563,10:36:42.108,83.9000,100
38219260701067,10:36:59.260,83.9000,25
38219260713208,10:36:59.260,83.9000,65
38219260780934,10:36:59.260,83.9000,10
38231127635825,10:37:11.127,83.8900,100
38234235492684,10:37:14.235,83.8800,100
38234235614683,10:37:14.235,83.8700,63
38234235680442,10:37:14.235,83.8700,37
38234235680442,10:37:14.235,83.8700,100
38234235912531,10:37:14.235,83.8700,100
38234291003899,10:37:14.291,83.8600,100
38234363464978,10:37:14.363,83.8500,100
38235023414662,10:37:15.023,83.8500,100
38245341807484,10:37:25.341,83.8200,100
38248074272889,10:37:28.074,83.8200,100
38248074272889,10:37:28.074,83.8200,100
38248074272889,10:37:28.074,83.8200,200
38248074272889,10:37:28.074,83.8200,100
38248074272889,10:37:28.074,83.8200,100
38248074272889,10:37:28.074,83.8200,89
38248074288975,10:37:28.074,83.8200,11
38253872550214,10:37:33.872,83.8200,100
38253872596850,10:37:33.872,83.8200,100
38253872596850,10:37:33.872,83.8300,100
38253872596850,10:37:33.872,83.8300,10
38253872846078,10:37:33.872,83.8200,10
38253873524770,10:37:33.873,83.8400,100
38253873524770,10:37:33.873,83.8400,100
38253873524770,10:37:33.873,83.8400,100
38256101476939,10:37:36.101,83.8400,100
38256101480004,10:37:36.101,83.8400,100
38256101515008,10:37:36.101,83.8400,100
38256101573248,10:37:36.101,83.8400,100
38256101599733,10:37:36.101,83.8400,100
38256101761769,10:37:36.101,83.8400,100
38256104102405,10:37:36.104,83.8400,200
38256580753434,10:37:36.580,83.8400,100
38256580808067,10:37:36.580,83.8400,100
38256586766260,10:37:36.586,83.8400,61
38256586790223,10:37:36.586,83.8400,39
38256586842644,10:37:36.586,83.8400,100
38256586950576,10:37:36.586,83.8400,100
38256586950576,10:37:36.586,83.8400,100
38256586950576,10:37:36.586,83.8400,200
38256587272909,10:37:36.587,83.8400,100
38256609973380,10:37:36.609,83.8400,100
38256610142982,10:37:36.610,83.8400,100
38256610945894,10:37:36.610,83.8400,200
38265065923093,10:37:45.065,83.8200,100
38278998134765,10:37:58.998,83.7800,100
38284328551878,10:38:04.328,83.7800,100
38284329010324,10:38:04.329,83.7800,100
38284329097341,10:38:04.329,83.7900,100
38301424942092,10:38:21.424,83.8200,32
38301424971471,10:38:21.424,83.8100,100
38301424971471,10:38:21.424,83.8200,68
38301424974161,10:38:21.424,83.8100,100
38301424974161,10:38:21.424,83.8200,68
38301424974933,10:38:21.424,83.8200,32
38301424974933,10:38:21.424,83.8200,168
38301426988749,10:38:21.426,83.8200,100
38301538229693,10:38:21.538,83.8000,100
38301538464651,10:38:21.538,83.8000,100
38301541426690,10:38:21.541,83.7900,100
38301541965009,10:38:21.541,83.7800,96
38302500726765,10:38:22.500,83.7800,4
38302501830474,10:38:22.501,83.7700,8
38302993201968,10:38:22.993,83.7700,28
38302993239382,10:38:22.993,83.7700,44
38302993368539,10:38:22.993,83.7700,28
38311737147800,10:38:31.737,83.8000,6
38344505043088,10:39:04.505,83.8000,2
38352567661837,10:39:12.567,83.8000,1
38358147806719,10:39:18.147,83.7800,5
38358147806719,10:39:18.147,83.7800,95
38358148168972,10:39:18.148,83.7800,5
38358494773221,10:39:18.494,83.7700,100
38401047476024,10:40:01.047,83.7050,100
38401047476024,10:40:01.047,83.7200,100
38401047476024,10:40:01.047,83.7200,100
38401047517404,10:40:01.047,83.7200,100
38415912944359,10:40:15.912,83.7200,200
38415915157280,10:40:15.915,83.7300,100
38415915157280,10:40:15.915,83.7300,100
38415915183024,10:40:15.915,83.7300,100
38415915976556,10:40:15.915,83.7400,30
38415916024382,10:40:15.916,83.7400,70
38416916791823,10:40:16.916,83.7300,100
38417918460376,10:40:17.918,83.7200,8
38417918460376,10:40:17.918,83.7200,200
38420147354633,10:40:20.147,83.7100,40
38420147397395,10:40:20.147,83.7100,60
38420151213597,10:40:20.151,83.7100,100
38425101882890,10:40:25.101,83.7000,80
38444914812004,10:40:44.914,83.6900,100
38444914812004,10:40:44.914,83.6900,100
38444914812004,10:40:44.914,83.6900,100
38444918212175,10:40:44.918,83.6800,100
38444918212175,10:40:44.918,83.6800,100
38444918212175,10:40:44.918,83.6800,100
38444918212175,10:40:44.918,83.6800,100
38444923240314,10:40:44.923,83.6800,7
38449791848790,10:40:49.791,83.6600,100
38449791848790,10:40:49.791,83.6600,200
38461808866877,10:41:01.808,83.6800,100
38461808866877,10:41:01.808,83.6800,100
38462810510043,10:41:02.810,83.6800,100
38466537793584,10:41:06.537,83.6500,100
38466538039539,10:41:06.538,83.6400,100
38470254950113,10:41:10.254,83.6300,100
38470502478981,10:41:10.502,83.6200,100
38470502478981,10:41:10.502,83.6200,100
38471103446530,10:41:11.103,83.6200,100
38471103446530,10:41:11.103,83.6200,100
38471103676554,10:41:11.103,83.6200,100
38471108031295,10:41:11.108,83.6200,100
38485803468273,10:41:25.803,83.6300,100
38485803468273,10:41:25.803,83.6300,100
38485898992327,10:41:25.898,83.6300,100
38494925138674,10:41:34.925,83.6300,100
38524294144896,10:42:04.294,83.6400,100
38524294144896,10:42:04.294,83.6400,100
38524388350425,10:42:04.388,83.6400,100
38524388350425,10:42:04.388,83.6400,100
38539952404453,10:42:19.952,83.6200,4
38539952554522,10:42:19.952,83.6200,4
38539952554522,10:42:19.952,83.6200,100
38569439976152,10:42:49.439,83.6100,4
38570893748804,10:42:50.893,83.6000,24
38570893773397,10:42:50.893,83.6000,76
38605466271974,10:43:25.466,83.6000,100
38605466271974,10:43:25.466,83.6000,100
38605466271974,10:43:25.466,83.6000,100
38605468286467,10:43:25.468,83.6100,100
38605468875191,10:43:25.468,83.6100,100
38605468941409,10:43:25.468,83.6100,88
38626139718472,10:43:46.139,83.6300,100
38626139718472,10:43:46.139,83.6300,100
38657472520430,10:44:17.472,83.6800,100
38657472520430,10:44:17.472,83.6800,12
38657473708794,10:44:17.473,83.6800,100
38696755228656,10:44:56.755,83.7200,400
38696755998867,10:44:56.755,83.7300,100
38696755998867,10:44:56.755,83.7300,100
38696764536491,10:44:56.764,83.7300,100
38709102694082,10:45:09.102,83.7200,1
38739611909422,10:45:39.611,83.7200,100
38739611909422,10:45:39.611,83.7200,100
38739611909422,10:45:39.611,83.7200,200
38740013189856,10:45:40.013,83.7100,100
38740013189856,10:45:40.013,83.7100,100
38787056863360,10:46:27.056,83.7200,100
38787056863360,10:46:27.056,83.7200,100
38796447708777,10:46:36.447,83.7100,237
38796447708777,10:46:36.447,83.7100,7
38796447708777,10:46:36.447,83.7100,100
38796595204779,10:46:36.595,83.7000,100
38796595204779,10:46:36.595,83.7000,100
38796595204779,10:46:36.595,83.7000,100
38796595285653,10:46:36.595,83.7000,100
38796595344632,10:46:36.595,83.7000,100
38796731423347,10:46:36.731,83.7000,100
38822310861043,10:47:02.310,83.6700,11
38822311001158,10:47:02.311,83.6700,89
38856159274571,10:47:36.159,83.6300,100
38856159274571,10:47:36.159,83.6300,100
38856159347751,10:47:36.159,83.6300,5
38856159347751,10:47:36.159,83.6300,7
38856648483647,10:47:36.648,83.6200,100
38912551981854,10:48:32.551,83.5800,7
38912551981854,10:48:32.551,83.5800,7
38912552664436,10:48:32.552,83.5700,100
38912552664436,10:48:32.552,83.5700,4
38917751586388,10:48:37.751,83.5600,100
38917752190766,10:48:37.752,83.5700,100
38918179077301,10:48:38.179,83.5800,100
39000243733423,10:50:00.243,83.5500,100
39002314345730,10:50:02.314,83.5700,100
39002314504638,10:50:02.314,83.5700,34
39002314507389,10:50:02.314,83.5700,47
39060028979099,10:51:00.028,83.5600,7
39060028979099,10:51:00.028,83.5600,93
39060028988535,10:51:00.028,83.5600,7
39071182466086,10:51:11.182,83.5300,96
39092081992299,10:51:32.081,83.5400,100
39092081992299,10:51:32.081,83.5400,100
39092082435337,10:51:32.082,83.5400,16
39092082460638,10:51:32.082,83.5400,84
39094107898752,10:51:34.107,83.5500,100
39095160611876,10:51:35.160,83.5500,100
39095160611876,10:51:35.160,83.5500,100
39101610205512,10:51:41.610,83.5600,100
39180649626577,10:53:00.649,83.5600,100
39180649626577,10:53:00.649,83.5600,5
39180649626577,10:53:00.649,83.5600,100
39180652096960,10:53:00.652,83.5500,100
39188152798096,10:53:08.152,83.5300,100
39233123932367,10:53:53.123,83.5300,100
39270025205821,10:54:30.025,83.5200,100
39270025205821,10:54:30.025,83.5200,7
39270025205821,10:54:30.025,83.5200,100
39270025206781,10:54:30.025,83.5200,100
39270025519560,10:54:30.025,83.5200,100
39270027314757,10:54:30.027,83.5200,100
39286358352048,10:54:46.358,83.5200,100
39296632868952,10:54:56.632,83.5300,100
39298908078973,10:54:58.908,83.5300,100
39303047492546,10:55:03.047,83.5400,100
39303047492546,10:55:03.047,83.5400,64
39303047495205,10:55:03.047,83.5400,36
39303047495205,10:55:03.047,83.5400,29
39303047519827,10:55:03.047,83.5400,71
39358072879444,10:55:58.072,83.5900,100
39358072879444,10:55:58.072,83.5900,29
39384387128611,10:56:24.387,83.6000,100
39384387153658,10:56:24.387,83.6000,100
39390946681215,10:56:30.946,83.6000,100
39398632016435,10:56:38.632,83.6000,8
39398632016435,10:56:38.632,83.6000,6
39398632017529,10:56:38.632,83.6000,94
39415430991819,10:56:55.430,83.6200,100
39415430991819,10:56:55.430,83.6200,100
39422541743015,10:57:02.541,83.6300,31
39422541764402,10:57:02.541,83.6300,3
39422541766604,10:57:02.541,83.6300,65
39422541774044,10:57:02.541,83.6300,100
39422541853147,10:57:02.541,83.6400,100
39435001516338,10:57:15.001,83.6300,100
39435003256585,10:57:15.003,83.6200,100
39438685304342,10:57:18.685,83.6100,100
39466651596259,10:57:46.651,83.5900,100
39466651596259,10:57:46.651,83.5900,20
39466651596259,10:57:46.651,83.5900,100
39466651596259,10:57:46.651,83.5900,100
39466652787982,10:57:46.652,83.5900,100
39466653329542,10:57:46.653,83.5900,2
39483553104648,10:58:03.553,83.5900,100
39483553401826,10:58:03.553,83.5900,100
39483553408302,10:58:03.553,83.5900,100
39501608940349,10:58:21.608,83.5900,100
39501706994952,10:58:21.706,83.5800,100
39501707060195,10:58:21.707,83.5800,100
39501707107148,10:58:21.707,83.5800,7
39501741432031,10:58:21.741,83.5800,100
39501741432031,10:58:21.741,83.5800,28
39501741488234,10:58:21.741,83.5800,72
39501742889459,10:58:21.742,83.5800,100
39505295847591,10:58:25.295,83.5700,40
39505295847591,10:58:25.295,83.5700,100
39518855766087,10:58:38.855,83.5600,100
39556033289283,10:59:16.033,83.5500,100
39567682946706,10:59:27.682,83.5600,100
39567683144217,10:59:27.683,83.5600,30
39567683146124,10:59:27.683,83.5600,100
39567683298152,10:59:27.683,83.5600,70
39567988373468,10:59:27.988,83.5700,100
39567988398836,10:59:27.988,83.5700,100
39567988398836,10:59:27.988,83.5700,54
39567988445205,10:59:27.988,83.5700,54
39572774568228,10:59:32.774,83.5700,100
39601008349889,11:00:01.008,83.5900,100
39601233334634,11:00:01.233,83.5900,110
39601233376272,11:00:01.233,83.5900,56
39601233436222,11:00:01.233,83.5900,134
39601233436222,11:00:01.233,83.6000,56
39601233510890,11:00:01.233,83.6000,44
39601233510890,11:00:01.233,83.6000,53
39601233605793,11:00:01.233,83.6000,62
39601233635839,11:00:01.233,83.6000,85
39601233635839,11:00:01.233,83.6000,15
39601233984020,11:00:01.233,83.6000,85
39601234018396,11:00:01.234,83.6000,56
39601235122138,11:00:01.235,83.6000,17
39601240837104,11:00:01.240,83.6000,27
39602089641350,11:00:02.089,83.6100,12
39633120991248,11:00:33.120,83.5900,7
39641294839673,11:00:41.294,83.6000,88
39641294932968,11:00:41.294,83.6000,5
39641294957246,11:00:41.294,83.6000,7
39662803877535,11:01:02.803,83.6200,100
39662864191610,11:01:02.864,83.6300,70
39662941560311,11:01:02.941,83.6400,100
39662941661199,11:01:02.941,83.6400,100
39663086203086,11:01:03.086,83.6500,2
39663310070989,11:01:03.310,83.6500,98
39663310070989,11:01:03.310,83.6600,2
39663310464313,11:01:03.310,83.6600,98
39663310464313,11:01:03.310,83.6600,2
39663310699973,11:01:03.310,83.6600,98
39663462455955,11:01:03.462,83.7100,100
39663463477267,11:01:03.463,83.7200,100
39663623350371,11:01:03.623,83.7100,100
39663623438097,11:01:03.623,83.7100,48
39663623461427,11:01:03.623,83.7100,52
39674275951882,11:01:14.275,83.7000,100
39680654575671,11:01:20.654,83.6900,100
39781652669877,11:03:01.652,83.8300,100
39789498466398,11:03:09.498,83.8100,7
39789732125501,11:03:09.732,83.8100,72
39789732157207,11:03:09.732,83.8100,28
39789732166791,11:03:09.732,83.8100,100
39791531618310,11:03:11.531,83.8000,24
39791531638198,11:03:11.531,83.8000,76
39791531638198,11:03:11.531,83.8000,36
39791531664813,11:03:11.531,83.8000,64
39791531664813,11:03:11.531,83.8000,100
39825253545173,11:03:45.253,83.8300,1
39833096315473,11:03:53.096,83.8000,15
39859476738843,11:04:19.476,83.8000,85
39859476738843,11:04:19.476,83.8000,1
39860068880381,11:04:20.068,83.8000,4
39895024478166,11:04:55.024,83.7900,100
39897601918318,11:04:57.601,83.7700,100
39897601918318,11:04:57.601,83.7700,100
39897601918318,11:04:57.601,83.7700,100
39965226150268,11:06:05.226,83.8200,33
39965226287990,11:06:05.226,83.8050,100
39970478256105,11:06:10.478,83.8000,7
39970478256105,11:06:10.478,83.8000,100
39984384112767,11:06:24.384,83.8000,14
39990947382335,11:06:30.947,83.8000,15
39990947390994,11:06:30.947,83.8000,56
39990947406456,11:06:30.947,83.8000,15
39990947406456,11:06:30.947,83.8000,41
39990947418283,11:06:30.947,83.8000,6
39990947419613,11:06:30.947,83.8000,33
39990947433884,11:06:30.947,83.8000,20
39990947433884,11:06:30.947,83.8000,42
39990947436625,11:06:30.947,83.8000,58
39990947436625,11:06:30.947,83.8100,4
39990947451700,11:06:30.947,83.8100,96
40032791415567,11:07:12.791,83.8100,100
40032792868319,11:07:12.792,83.8000,100
40032792868319,11:07:12.792,83.8000,100
40032795785627,11:07:12.795,83.7900,88
40032795809563,11:07:12.795,83.7900,12
40057017244411,11:07:37.017,83.7700,6
40057017270454,11:07:37.017,83.7700,94
40125719332763,11:08:45.719,83.8000,88
40125720457053,11:08:45.720,83.8000,12
40125720457053,11:08:45.720,83.8000,7
40125720494036,11:08:45.720,83.8000,74
40142851180186,11:09:02.851,83.8000,19
40148822846668,11:09:08.822,83.7900,7
40148822846668,11:09:08.822,83.7900,100
40148822846668,11:09:08.822,83.7900,100
40148823260675,11:09:08.823,83.7800,100
40148823260675,11:09:08.823,83.7800,100
40148823260675,11:09:08.823,83.7800,10
40148823305782,11:09:08.823,83.7800,90
40148823305782,11:09:08.823,83.7800,100
40148823794805,11:09:08.823,83.7800,100
40160340744359,11:09:20.340,83.8100,100
40244365851146,11:10:44.365,83.8300,5
40244365851146,11:10:44.365,83.8300,206
40244365854915,11:10:44.365,83.8300,83
40244365854915,11:10:44.365,83.8300,12
40265681343094,11:11:05.681,83.8400,36
40265681376545,11:11:05.681,83.8400,45
40265681391675,11:11:05.681,83.8400,19
40265681391675,11:11:05.681,83.8400,46
40265681396805,11:11:05.681,83.8400,54
40265681883050,11:11:05.681,83.8500,2
40270359817455,11:11:10.359,83.8300,100
40281059726166,11:11:21.059,83.8300,100
40281059726166,11:11:21.059,83.8300,100
40281063141629,11:11:21.063,83.8200,100
40281063141629,11:11:21.063,83.8200,100
40281063141629,11:11:21.063,83.8200,100
40281063141629,11:11:21.063,83.8200,100
40281074819750,11:11:21.074,83.8100,100
40281074819750,11:11:21.074,83.8100,100
40281074819750,11:11:21.074,83.8100,100
40281082724584,11:11:21.082,83.8000,100
40281083220514,11:11:21.083,83.8000,100
40283619586700,11:11:23.619,83.8100,100
40347881555871,11:12:27.881,83.8400,21
40373742662170,11:12:53.742,83.8300,100
40373742662170,11:12:53.742,83.8300,100
40373742662170,11:12:53.742,83.8300,5
40373745497065,11:12:53.745,83.8200,100
40373745497065,11:12:53.745,83.8200,100
40373745497065,11:12:53.745,83.8200,11
40373745529627,11:12:53.745,83.8200,89
40373745529627,11:12:53.745,83.8200,11
40373745535401,11:12:53.745,83.8200,89
40373745535401,11:12:53.745,83.8200,100
40373745535401,11:12:53.745,83.8200,100
40373745535401,11:12:53.745,83.8200,100
40373745535401,11:12:53.745,83.8200,100
40373750372655,11:12:53.750,83.8100,100
40374272330386,11:12:54.272,83.8000,100
40385048925309,11:13:05.048,83.8000,100
40385048925309,11:13:05.048,83.8000,100
40385050426614,11:13:05.050,83.8000,100
40385050426614,11:13:05.050,83.8000,100
40407459910424,11:13:27.459,83.7800,20
40445880263936,11:14:05.880,83.7800,7
40463224795589,11:14:23.224,83.8000,100
40463224795589,11:14:23.224,83.8000,100
40463224795589,11:14:23.224,83.8000,100
40463224795589,11:14:23.224,83.8000,66
40463224818884,11:14:23.224,83.8000,186
40463224830510,11:14:23.224,83.8000,14
40482624653111,11:14:42.624,83.8100,200
40482624670370,11:14:42.624,83.8100,100
40518468897079,11:15:18.468,83.7900,100
40518468897079,11:15:18.468,83.7800,100
40518468940018,11:15:18.468,83.7800,100
40518468940018,11:15:18.468,83.7800,50
40518469804336,11:15:18.469,83.7700,100
40518477307649,11:15:18.477,83.7600,36
40518477307649,11:15:18.477,83.7600,100
40518477307649,11:15:18.477,83.7600,100
40518477338704,11:15:18.477,83.7600,100
40518479437896,11:15:18.479,83.7500,7
40518479995163,11:15:18.479,83.7500,4
40518480303260,11:15:18.480,83.7500,96
40551594269694,11:15:51.594,83.7400,100
40551594630978,11:15:51.594,83.7400,42
40556961391332,11:15:56.961,83.7400,100
40563231837066,11:16:03.231,83.7200,100
40570059965029,11:16:10.059,83.7100,100
40572386320027,11:16:12.386,83.7100,7
40582806185557,11:16:22.806,83.6900,91
40592688444503,11:16:32.688,83.7000,100
40592688444503,11:16:32.688,83.7000,100
40592688470514,11:16:32.688,83.7000,100
40592688477469,11:16:32.688,83.7000,100
40619112924440,11:16:59.112,83.7200,100
40632096603189,11:17:12.096,83.7300,80
40632096687750,11:17:12.096,83.7300,20
40632096687750,11:17:12.096,83.7300,100
40707473450605,11:18:27.473,83.8000,135
40707474954425,11:18:27.474,83.7900,66
40767036562376,11:19:27.036,83.8400,7
40767036873136,11:19:27.036,83.8300,73
40767036939352,11:19:27.036,83.8300,27
40767036939352,11:19:27.036,83.8300,73
40896734778121,11:21:36.734,83.8700,300
40896738194414,11:21:36.738,83.8500,100
40896738194414,11:21:36.738,83.8500,100
40901614112577,11:21:41.614,83.8500,100
40913794390390,11:21:53.794,83.8500,100
40915364509553,11:21:55.364,83.8500,300
40916754901017,11:21:56.754,83.8600,5
40928304534352,11:22:08.304,83.8400,100
40928304534352,11:22:08.304,83.8400,7
40928304534352,11:22:08.304,83.8400,5
40931505728189,11:22:11.505,83.8300,100
40932945045257,11:22:12.945,83.8300,119
40932945051718,11:22:12.945,83.8300,81
40989431122222,11:23:09.431,83.8300,100
40989431403259,11:23:09.431,83.8300,173
40989431403259,11:23:09.431,83.8300,7
40990513884250,11:23:10.513,83.8200,7
40994426542878,11:23:14.426,83.8300,100
40994426571772,11:23:14.426,83.8300,128
40994426693123,11:23:14.426,83.8200,100
40994426693123,11:23:14.426,83.8200,75
40998239061442,11:23:18.239,83.8200,7
40998239061442,11:23:18.239,83.8200,100
40998239061442,11:23:18.239,83.8200,100
40998709657229,11:23:18.709,83.8200,100
40998709657229,11:23:18.709,83.8200,143
40998709657229,11:23:18.709,83.8200,57
40998709688630,11:23:18.709,83.8200,43
40998709688630,11:23:18.709,83.8200,100
41011389551890,11:23:31.389,83.8300,20
41011389577475,11:23:31.389,83.8300,180
41023655345696,11:23:43.655,83.8500,161
41023655345696,11:23:43.655,83.8500,39
41023655372942,11:23:43.655,83.8500,61
41062155858111,11:24:22.155,83.9200,100
41069697480139,11:24:29.697,83.9000,5
41069697480139,11:24:29.697,83.9000,95
41124147187615,11:25:24.147,83.9100,100
41138029296562,11:25:38.029,83.9200,2
41190023853866,11:26:30.023,83.9000,5
41190023853866,11:26:30.023,83.9000,95
41243764931039,11:27:23.764,83.9200,100
41244737138468,11:27:24.737,83.9200,100
41284322217621,11:28:04.322,83.9200,91
41294984445196,11:28:14.984,83.9100,5
41294984445196,11:28:14.984,83.9100,5
41294984445196,11:28:14.984,83.9100,100
41294984445196,11:28:14.984,83.9100,100
41299325108561,11:28:19.325,83.9000,100
41299325136719,11:28:19.325,83.9000,100
41312107552594,11:28:32.107,83.9100,100
41312107552594,11:28:32.107,83.9100,100
41395593786813,11:29:55.593,83.9000,240
41395593786813,11:29:55.593,83.9000,100
41395593786813,11:29:55.593,83.9000,100
41403960124875,11:30:03.960,83.9000,100
41403960748749,11:30:03.960,83.9100,100
41403960748749,11:30:03.960,83.9100,100
41403961056919,11:30:03.961,83.9100,100
41403961105511,11:30:03.961,83.9100,88
41403961144141,11:30:03.961,83.9100,12
41404008679700,11:30:04.008,83.9100,100
41404008704964,11:30:04.008,83.9100,100
41408303909181,11:30:08.303,83.9200,100
41409267592199,11:30:09.267,83.9200,55
41415247799602,11:30:15.247,83.9100,5
41444530391708,11:30:44.530,83.9000,59
41444530402259,11:30:44.530,83.9000,96
41444530443903,11:30:44.530,83.9000,51
41444530449493,11:30:44.530,83.9000,25
41444530449493,11:30:44.530,83.9000,100
41444530449493,11:30:44.530,83.9000,21
41453577003355,11:30:53.577,83.9000,100
41472589752188,11:31:12.589,83.9000,100
41472644092910,11:31:12.644,83.9100,100
41480063754394,11:31:20.063,83.9100,83
41480063790050,11:31:20.063,83.9100,17
41480063790050,11:31:20.063,83.9100,42
41480063796830,11:31:20.063,83.9100,58
41490920352571,11:31:30.920,83.9100,59
41490920352571,11:31:30.920,83.9100,7
41504782916123,11:31:44.782,83.9100,1
41510621832629,11:31:50.621,83.9000,100
41510622670436,11:31:50.622,83.8900,100
41510622670436,11:31:50.622,83.8900,2
41510623580136,11:31:50.623,83.8900,98
41510623580136,11:31:50.623,83.8900,18
41513749954221,11:31:53.749,83.8950,100
41518003649467,11:31:58.003,83.8900,31
41518003750986,11:31:58.003,83.8900,69
41518003750986,11:31:58.003,83.8900,100
41538332104560,11:32:18.332,83.8800,100
41538332104560,11:32:18.332,83.8800,17
41538332264840,11:32:18.332,83.8800,83
41538332264840,11:32:18.332,83.8800,41
41538332395645,11:32:18.332,83.8800,40
41538353991063,11:32:18.353,83.8800,119
41538353991063,11:32:18.353,83.8800,5
41554469084086,11:32:34.469,83.8700,100
41586516284322,11:33:06.516,83.8800,100
41586516284322,11:33:06.516,83.8800,100
41589553645482,11:33:09.553,83.8900,100
41589553645482,11:33:09.553,83.8900,100
41589569787884,11:33:09.569,83.8900,50
41660658925997,11:34:20.658,83.9000,1
41660659422635,11:34:20.659,83.9000,99
41678583074689,11:34:38.583,83.9200,72
41691620376240,11:34:51.620,83.9300,70
41707870332726,11:35:07.870,83.9300,2
41707870375366,11:35:07.870,83.9300,98
41723416714920,11:35:23.416,83.9200,100
41723416880896,11:35:23.416,83.9200,200
41723418040127,11:35:23.418,83.9100,100
41723418040127,11:35:23.418,83.9100,100
41734450267195,11:35:34.450,83.9300,100
41734450267195,11:35:34.450,83.9300,43
41750020463373,11:35:50.020,83.9200,5
41773118699526,11:36:13.118,83.9200,5
41773118699526,11:36:13.118,83.9200,100
41773609223453,11:36:13.609,83.9100,4
41773609223453,11:36:13.609,83.9100,100
41773812758899,11:36:13.812,83.9000,100
41773812758899,11:36:13.812,83.9000,40
41775550989417,11:36:15.550,83.8900,100
41776166009154,11:36:16.166,83.8800,100
41776166672443,11:36:16.166,83.8800,80
41782496798496,11:36:22.496,83.9000,100
41782496798496,11:36:22.496,83.9000,100
41782497076241,11:36:22.497,83.9100,100
41782497076241,11:36:22.497,83.9100,9
41799253939824,11:36:39.253,83.9200,100
41799253939824,11:36:39.253,83.9200,100
41802864668944,11:36:42.864,83.9300,87
41803032039274,11:36:43.032,83.9300,100
41806063955051,11:36:46.063,83.9300,100
41854245646273,11:37:34.245,83.9300,300
41854245674117,11:37:34.245,83.9300,300
41854245983593,11:37:34.245,83.9300,300
41854246328458,11:37:34.246,83.9300,100
41855637419997,11:37:35.637,83.9300,100
41855637419997,11:37:35.637,83.9300,100
41855637419997,11:37:35.637,83.9300,100
41855638295940,11:37:35.638,83.9400,100
41856193106939,11:37:36.193,83.9400,100
41861108009045,11:37:41.108,83.9600,100
41866017765694,11:37:46.017,83.9600,100
41921017814281,11:38:41.017,83.9700,100
42004435958394,11:40:04.435,83.9700,100
42004435993843,11:40:04.435,83.9700,100
42004436786023,11:40:04.436,83.9800,100
42004436786023,11:40:04.436,83.9800,10
42004436811217,11:40:04.436,83.9800,90
42004436821374,11:40:04.436,83.9800,90
42004436845739,11:40:04.436,83.9800,10
42008707438789,11:40:08.707,83.9900,53
42008708377656,11:40:08.708,83.9900,47
42017529184378,11:40:17.529,83.9950,100
42017529184378,11:40:17.529,83.9900,100
42020750390825,11:40:20.750,84.0000,100
42020750390825,11:40:20.750,84.0000,100
42025116162731,11:40:25.116,84.0200,100
42025116162731,11:40:25.116,84.0200,100
42027091937910,11:40:27.091,84.0450,100
42027091937910,11:40:27.091,84.0300,100
42027091937910,11:40:27.091,84.0300,100
42027093254719,11:40:27.093,84.0200,6
42027093598355,11:40:27.093,84.0200,100
42027093977307,11:40:27.093,84.0100,100
42027096861848,11:40:27.096,84.0100,100
42074389631312,11:41:14.389,84.0200,100
42074389877442,11:41:14.389,84.0200,16
42074390028890,11:41:14.390,84.0200,84
42074396556672,11:41:14.396,84.0250,100
42084204593831,11:41:24.204,84.0250,100
42084204593831,11:41:24.204,84.0200,5
42084204593831,11:41:24.204,84.0200,95
42084204621846,11:41:24.204,84.0200,5
42084206187728,11:41:24.206,84.0100,100
42084206187728,11:41:24.206,84.0100,100
42084206187728,11:41:24.206,84.0100,100
42084206187728,11:41:24.206,84.0100,100
42084206187728,11:41:24.206,84.0100,100
42084206234095,11:41:24.206,84.0100,100
42084206245924,11:41:24.206,84.0100,100
42084206256284,11:41:24.206,84.0100,100
42085730174945,11:41:25.730,84.0000,100
42085730174945,11:41:25.730,84.0000,100
42086165911174,11:41:26.165,83.9700,100
42086165911174,11:41:26.165,83.9700,100
42115567027748,11:41:55.567,83.9600,100
42115567027748,11:41:55.567,83.9600,100
42115579855405,11:41:55.579,83.9600,88
42121623547374,11:42:01.623,83.9600,12
42123957531709,11:42:03.957,83.9800,100
42151995963245,11:42:31.995,83.9800,87
42151996033719,11:42:31.996,83.9800,13
42151996033719,11:42:31.996,83.9800,74
42151996171984,11:42:31.996,83.9800,26
42164740817003,11:42:44.740,84.0200,100
42183660659483,11:43:03.660,84.0300,100
42210003622302,11:43:30.003,84.0300,4
42210006027413,11:43:30.006,84.0200,100
42210007207224,11:43:30.007,84.0100,100
42210007207224,11:43:30.007,84.0100,100
42210026888678,11:43:30.026,84.0200,100
42210026888678,11:43:30.026,84.0200,100
42210026888678,11:43:30.026,84.0300,52
42213790753960,11:43:33.790,84.0000,10
42238740033644,11:43:58.740,83.9900,100
42238762289559,11:43:58.762,83.9800,18
42241087694640,11:44:01.087,83.9800,100
42265545477164,11:44:25.545,83.9900,100
42265545478428,11:44:25.545,83.9900,100
42265545485548,11:44:25.545,83.9900,100
42265545516642,11:44:25.545,83.9900,70
42265546111136,11:44:25.546,84.0000,10
42269992850168,11:44:29.992,84.0000,100
42272598559209,11:44:32.598,84.0100,100
42273599719971,11:44:33.599,84.0200,100
42277095916224,11:44:37.095,84.0200,100
42277095916224,11:44:37.095,84.0200,100
42277095949773,11:44:37.095,84.0200,100
42277095949773,11:44:37.095,84.0200,5
42277097149475,11:44:37.097,84.0100,68
42277097174669,11:44:37.097,84.0100,32
42315308471224,11:45:15.308,84.0100,100
42315308471224,11:45:15.308,84.0100,100
42322512278717,11:45:22.512,84.0100,100
42322512279363,11:45:22.512,84.0100,40
42322512328352,11:45:22.512,84.0100,60
42322512328352,11:45:22.512,84.0100,100
42379072151232,11:46:19.072,84.0200,100
42379072151232,11:46:19.072,84.0200,37
42379072182245,11:46:19.072,84.0200,63
42379078000983,11:46:19.078,84.0200,100
42384752233240,11:46:24.752,84.0100,100
42384752260465,11:46:24.752,84.0100,100
42384753658518,11:46:24.753,84.0000,100
42384753658518,11:46:24.753,84.0000,100
42384758773388,11:46:24.758,83.9900,200
42384764689419,11:46:24.764,83.9900,100
42387439408550,11:46:27.439,83.9900,100
42387493037618,11:46:27.493,84.0000,100
42409927754289,11:46:49.927,83.9800,5
42409927754289,11:46:49.927,83.9800,95
42409927779722,11:46:49.927,83.9800,151
42438565424922,11:47:18.565,83.9900,104
42473686881771,11:47:53.686,84.0100,29
42473686927343,11:47:53.686,84.0100,171
42473686927343,11:47:53.686,84.0100,100
42475021578634,11:47:55.021,84.0100,7
42507008238654,11:48:27.008,84.0200,100
42524463870032,11:48:44.463,84.0200,195
42535017318392,11:48:55.017,84.0100,5
42535017318392,11:48:55.017,84.0100,100
42535017423023,11:48:55.017,84.0100,100
42535066466287,11:48:55.066,84.0100,45
42607692608782,11:50:07.692,84.0000,100
42607692608782,11:50:07.692,84.0000,5
42690533677089,11:51:30.533,83.9800,100
42690533677089,11:51:30.533,83.9800,4
42690533677089,11:51:30.533,83.9800,100
42690533705001,11:51:30.533,83.9800,100
42690579100589,11:51:30.579,83.9800,100
42690579100589,11:51:30.579,83.9800,6
42690798335140,11:51:30.798,83.9800,15
42690800067277,11:51:30.800,83.9900,100
42703106273665,11:51:43.106,84.0000,100
42745632362176,11:52:25.632,84.0400,9
42745632362176,11:52:25.632,84.0400,91
42747042146122,11:52:27.042,84.0400,9
42754118491487,11:52:34.118,84.0600,100
42754417537063,11:52:34.417,84.0700,100
42767732685961,11:52:47.732,84.0700,5
42772635059152,11:52:52.635,84.0700,100
42772635059152,11:52:52.635,84.0700,100
42772639657146,11:52:52.639,84.0700,100
42772639657146,11:52:52.639,84.0700,100
42772639657146,11:52:52.639,84.0700,63
42777676296112,11:52:57.676,84.0600,100
42777676296112,11:52:57.676,84.0600,100
42784872292352,11:53:04.872,84.0500,100
42785492243139,11:53:05.492,84.0400,49
42785492243139,11:53:05.492,84.0400,4
42785492243139,11:53:05.492,84.0400,52
42787265646688,11:53:07.265,84.0500,100
42789223232831,11:53:09.223,84.0400,48
42789223232831,11:53:09.223,84.0400,52
42790395415975,11:53:10.395,84.0400,48
42790395415975,11:53:10.395,84.0400,52
42790396609130,11:53:10.396,84.0400,48
42798493425703,11:53:18.493,84.0500,100
42798493425703,11:53:18.493,84.0500,100
42798493425703,11:53:18.493,84.0500,100
42800569261939,11:53:20.569,84.0600,100
42800569261939,11:53:20.569,84.0600,100
42809017438606,11:53:29.017,84.0800,100
42818789138872,11:53:38.789,84.0900,41
42818789149591,11:53:38.789,84.0900,5
42818789165135,11:53:38.789,84.0900,54
42826935827442,11:53:46.935,84.1000,1
42845909951280,11:54:05.909,84.1000,50
42847693656886,11:54:07.693,84.1000,49
42847693656886,11:54:07.693,84.1000,1
42884040605208,11:54:44.040,84.0800,5
42884040605208,11:54:44.040,84.0800,9
42884543114243,11:54:44.543,84.0800,91
42884543114243,11:54:44.543,84.0800,100
42903221802337,11:55:03.221,84.0900,100
42907520894209,11:55:07.520,84.1100,55
42911821117673,11:55:11.821,84.1000,100
42912473067629,11:55:12.473,84.1000,3
42943151292240,11:55:43.151,84.1100,100
42954272531096,11:55:54.272,84.1200,200
42954272531096,11:55:54.272,84.1200,7
42954273319059,11:55:54.273,84.1300,10
42954273350655,11:55:54.273,84.1300,10
42954273359940,11:55:54.273,84.1300,10
42954273650265,11:55:54.273,84.1300,100
42963609157055,11:56:03.609,84.1200,3
42963609157055,11:56:03.609,84.1200,3
43014148032065,11:56:54.148,84.1200,194
43014148032065,11:56:54.148,84.1200,100
43014148032065,11:56:54.148,84.1200,100
43014148032065,11:56:54.148,84.1200,4
43014148032065,11:56:54.148,84.1200,6
43014148059343,11:56:54.148,84.1200,100
43014148624697,11:56:54.148,84.1200,100
43014148624697,11:56:54.148,84.1200,100
43028642282926,11:57:08.642,84.1200,100
43028642600971,11:57:08.642,84.1200,100
43028642600971,11:57:08.642,84.1200,100
43028679903845,11:57:08.679,84.1200,100
43055029476517,11:57:35.029,84.1200,291
43055029476517,11:57:35.029,84.1200,9
43055029476517,11:57:35.029,84.1200,100
43055031709458,11:57:35.031,84.1100,100
43055031709458,11:57:35.031,84.1100,200
43055031709458,11:57:35.031,84.1100,100
43055032166928,11:57:35.032,84.1100,100
43055032174446,11:57:35.032,84.1100,100
43055035227097,11:57:35.035,84.1100,67
43055038756245,11:57:35.038,84.1100,21
43055038818527,11:57:35.038,84.1100,79
43055038818527,11:57:35.038,84.1100,7
43083233517427,11:58:03.233,84.1200,7
43135483639056,11:58:55.483,84.1100,200
43135483639056,11:58:55.483,84.1100,100
43135483639056,11:58:55.483,84.1100,5
43135483639056,11:58:55.483,84.1100,100
43144007914315,11:59:04.007,84.1000,100
43144007914315,11:59:04.007,84.1000,39
43149273560759,11:59:09.273,84.0900,200
43150045614599,11:59:10.045,84.0800,20
43153310120253,11:59:13.310,84.0700,80
43160588717159,11:59:20.588,84.0500,100
43198808407738,11:59:58.808,84.0500,100
43198808407738,11:59:58.808,84.0500,100
43214694495480,12:00:14.694,84.0600,20
43261627871249,12:01:01.627,84.0600,30
43268553592571,12:01:08.553,84.0600,300
43285284233343,12:01:25.284,84.0600,100
43285284233343,12:01:25.284,84.0600,100
43290080259058,12:01:30.080,84.0500,100
43290080259058,12:01:30.080,84.0500,100
43290080259058,12:01:30.080,84.0500,100
43290080259058,12:01:30.080,84.0500,5
43290080601589,12:01:30.080,84.0500,2
43290080722298,12:01:30.080,84.0500,2
43290081046472,12:01:30.081,84.0500,96
43290081046472,12:01:30.081,84.0500,4
43290085561303,12:01:30.085,84.0500,66
43292139553298,12:01:32.139,84.0500,96
43295697833708,12:01:35.697,84.0400,18
43295697833708,12:01:35.697,84.0400,82
43320182413550,12:02:00.182,84.0500,34
43320182413550,12:02:00.182,84.0500,4
43333722954650,12:02:13.722,84.0600,100
43333722954650,12:02:13.722,84.0600,100
43333722954650,12:02:13.722,84.0600,70
43333722954650,12:02:13.722,84.0600,30
43333722982228,12:02:13.722,84.0600,70
43335051632307,12:02:15.051,84.0700,100
43335051632307,12:02:15.051,84.0700,100
43335051664374,12:02:15.051,84.0700,100
43335051694892,12:02:15.051,84.0700,96
43335051696293,12:02:15.051,84.0700,4
43335051726232,12:02:15.051,84.0700,75
43335051860928,12:02:15.051,84.0700,25
43356344142619,12:02:36.344,84.1000,9
43356344256911,12:02:36.344,84.1000,7
43356344696097,12:02:36.344,84.1000,93
43356657806043,12:02:36.657,84.1100,2
43356657968468,12:02:36.657,84.1100,5
43356667484686,12:02:36.667,84.1200,100
43382121695595,12:03:02.121,84.1400,100
43382121960102,12:03:02.121,84.1500,100
43388240962430,12:03:08.240,84.1700,3
43436641586799,12:03:56.641,84.1500,5
43436641586799,12:03:56.641,84.1500,11
43436641586799,12:03:56.641,84.1500,158
43436642818666,12:03:56.642,84.1400,100
43436647271825,12:03:56.647,84.1400,20
43436647916361,12:03:56.647,84.1400,80
43436647916361,12:03:56.647,84.1500,20
43446628616170,12:04:06.628,84.1300,100
43446628785668,12:04:06.628,84.1300,200
43446628785668,12:04:06.628,84.1300,5
43473580648179,12:04:33.580,84.1350,100
43485024671230,12:04:45.024,84.1300,68
43485024711807,12:04:45.024,84.1300,32
43485024711807,12:04:45.024,84.1300,100
43485518752413,12:04:45.518,84.1200,100
43485518752413,12:04:45.518,84.1200,22
43485518795238,12:04:45.518,84.1200,78
43485518795238,12:04:45.518,84.1200,32
43485519343215,12:04:45.519,84.1200,68
43485519381104,12:04:45.519,84.1200,100
43487086635086,12:04:47.086,84.1400,7
43487086635086,12:04:47.086,84.1400,93
43487087246529,12:04:47.087,84.1300,100
43499118192730,12:04:59.118,84.1400,100
43499118707831,12:04:59.118,84.1400,100
43499121372619,12:04:59.121,84.1400,100
43499121463556,12:04:59.121,84.1400,88
43499121508579,12:04:59.121,84.1400,12
43499121549828,12:04:59.121,84.1400,12
43533788357084,12:05:33.788,84.1200,100
43533788432298,12:05:33.788,84.1200,100
43543731359504,12:05:43.731,84.1300,100
43549923903553,12:05:49.923,84.1200,100
43549924936725,12:05:49.924,84.1200,43
43552449060789,12:05:52.449,84.1100,100
43552449060789,12:05:52.449,84.1100,56
43552449086865,12:05:52.449,84.1100,144
43552449086865,12:05:52.449,84.1100,100
43554428991501,12:05:54.428,84.1000,100
43554934207786,12:05:54.934,84.0900,100
43555440620177,12:05:55.440,84.0700,100
43567574244715,12:06:07.574,84.0700,24
43600866718164,12:06:40.866,84.0700,100
43615027564128,12:06:55.027,84.0600,100
43615028081408,12:06:55.028,84.0600,5
43639789505354,12:07:19.789,84.0700,100
43639789505354,12:07:19.789,84.0700,200
43639789505354,12:07:19.789,84.0700,200
43647178479855,12:07:27.178,84.0800,113
43647178479855,12:07:27.178,84.0800,37
43647178978356,12:07:27.178,84.0800,100
43647181085002,12:07:27.181,84.0800,200
43647188576383,12:07:27.188,84.0800,100
43647218607045,12:07:27.218,84.0950,73
43647218607045,12:07:27.218,84.1000,7
43647218607045,12:07:27.218,84.1000,100
43656706362928,12:07:36.706,84.0800,100
43656707386328,12:07:36.707,84.0700,100
43656707386328,12:07:36.707,84.0700,100
43656710244003,12:07:36.710,84.0700,100
43656712963274,12:07:36.712,84.0650,100
43656712963274,12:07:36.712,84.0600,100
43656712963274,12:07:36.712,84.0600,100
43656713412054,12:07:36.713,84.0600,100
43656715682161,12:07:36.715,84.0700,100
43656720204700,12:07:36.720,84.0700,100
43665156101906,12:07:45.156,84.0800,100
43665156482029,12:07:45.156,84.0800,73
43665156506338,12:07:45.156,84.0800,27
43667101306523,12:07:47.101,84.0900,100
43667101306523,12:07:47.101,84.0900,100
43667857131780,12:07:47.857,84.1100,7
43747479307125,12:09:07.479,84.1300,100
43747479983327,12:09:07.479,84.1400,100
43752517010539,12:09:12.517,84.1200,100
43752517010539,12:09:12.517,84.1200,100
43756897815395,12:09:16.897,84.1200,59
43809890789290,12:10:09.890,84.1400,100
43809892368318,12:10:09.892,84.1500,10
43809892368318,12:10:09.892,84.1500,100
43809892368318,12:10:09.892,84.1500,100
43810005723253,12:10:10.005,84.1600,100
43810005763649,12:10:10.005,84.1600,9
43812344655025,12:10:12.344,84.1550,1
43868003856413,12:11:08.003,84.1600,19
43888773819275,12:11:28.773,84.1600,5
43888773819275,12:11:28.773,84.1600,100
43888774150259,12:11:28.774,84.1600,55
43917022373705,12:11:57.022,84.1600,200
43917022373705,12:11:57.022,84.1600,100
43917025594190,12:11:57.025,84.1600,100
43918726571982,12:11:58.726,84.1600,100
43939030732187,12:12:19.030,84.1550,5
43939030830096,12:12:19.030,84.1550,5
43939030955104,12:12:19.030,84.1550,5
43939031186945,12:12:19.031,84.1500,5
43939033413047,12:12:19.033,84.1500,100
43939033413047,12:12:19.033,84.1500,57
43942597220507,12:12:22.597,84.1450,100
43942597220507,12:12:22.597,84.1400,100
43942597220507,12:12:22.597,84.1400,100
43942597220507,12:12:22.597,84.1400,100
43942597249774,12:12:22.597,84.1400,100
43942597984697,12:12:22.597,84.1400,100
43942598692461,12:12:22.598,84.1400,100
43942603110094,12:12:22.603,84.1300,100
43942603134787,12:12:22.603,84.1300,10
43943456409230,12:12:23.456,84.1200,100
43943456409230,12:12:23.456,84.1200,25
43943456458286,12:12:23.456,84.1200,75
43943456960937,12:12:23.456,84.1200,100
43956966582401,12:12:36.966,84.0800,100
43956975450528,12:12:36.975,84.0700,1
43961418040987,12:12:41.418,84.0900,32
43964000395811,12:12:44.000,84.0900,100
43964000419531,12:12:44.000,84.0900,100
43986747817158,12:13:06.747,84.1100,9
43986747849510,12:13:06.747,84.1100,91
43986747849510,12:13:06.747,84.1100,94
43986747874798,12:13:06.747,84.1100,6
44049242162233,12:14:09.242,84.1000,200
44049242162233,12:14:09.242,84.1000,100
44049242162233,12:14:09.242,84.1000,5
44049248068240,12:14:09.248,84.0800,100
44071216716957,12:14:31.216,84.0800,100
44087245468428,12:14:47.245,84.0800,55
44087245473002,12:14:47.245,84.0800,45
44087245473002,12:14:47.245,84.0800,10
44087245515681,12:14:47.245,84.0800,22
44130947896179,12:15:30.947,84.0800,7
44130947951520,12:15:30.947,84.0800,61
44130947951520,12:15:30.947,84.0800,39
44130948076430,12:15:30.948,84.0800,55
44130963179074,12:15:30.963,84.0800,6
44130963179074,12:15:30.963,84.0800,107
44131004909647,12:15:31.004,84.0700,100
44131004909647,12:15:31.004,84.0700,100
44131004909647,12:15:31.004,84.0700,100
44131004909647,12:15:31.004,84.0700,93
44131005765860,12:15:31.005,84.0700,100
44139678623079,12:15:39.678,84.0900,50
44139678623079,12:15:39.678,84.0900,26
44139678623079,12:15:39.678,84.0900,100
44140634163837,12:15:40.634,84.1000,100
44140634682959,12:15:40.634,84.1000,100
44144255538995,12:15:44.255,84.1000,100
44144255538995,12:15:44.255,84.1000,100
44144255538995,12:15:44.255,84.1000,74
44144255564905,12:15:44.255,84.1000,26
44165090560152,12:16:05.090,84.1000,100
44271227500186,12:17:51.227,84.1300,4
44280168788577,12:18:00.168,84.1500,100
44281626766081,12:18:01.626,84.1600,5
44281626789705,12:18:01.626,84.1600,95
44295517450374,12:18:15.517,84.1600,100
44301479913642,12:18:21.479,84.1700,97
44301479913642,12:18:21.479,84.1700,100
44320761487107,12:18:40.761,84.1800,100
44320761487107,12:18:40.761,84.1800,100
44320809582466,12:18:40.809,84.1700,45
44320863581898,12:18:40.863,84.1700,55
44320863581898,12:18:40.863,84.1700,45
44320863616787,12:18:40.863,84.1700,55
44320863616787,12:18:40.863,84.1700,100
44320863616787,12:18:40.863,84.1700,30
44320863655113,12:18:40.863,84.1700,70
44331856780825,12:18:51.856,84.1700,100
44331856780825,12:18:51.856,84.1700,100
44360032862040,12:19:20.032,84.1600,100
44360032862040,12:19:20.032,84.1600,100
44360032862040,12:19:20.032,84.1600,5
44372529676518,12:19:32.529,84.1800,100
44372529676518,12:19:32.529,84.1800,300
44372529805290,12:19:32.529,84.1800,100
44372529808919,12:19:32.529,84.1800,100
44372529960210,12:19:32.529,84.1800,60
44372529991088,12:19:32.529,84.1800,40
44376097303084,12:19:36.097,84.1900,100
44376097330805,12:19:36.097,84.1900,9
44376097346077,12:19:36.097,84.1900,9
44376097400806,12:19:36.097,84.1900,9
44376097578325,12:19:36.097,84.1900,9
44391638844450,12:19:51.638,84.1900,100
44394222395665,12:19:54.222,84.1700,100
44394222395665,12:19:54.222,84.1700,200
44416160983592,12:20:16.160,84.1700,10
44417611290330,12:20:17.611,84.1700,90
44417619275155,12:20:17.619,84.1600,5
44417619275155,12:20:17.619,84.1600,95
44417619648200,12:20:17.619,84.1600,5
44479956911619,12:21:19.956,84.1800,1
44490529672493,12:21:30.529,84.1600,300
44490529672493,12:21:30.529,84.1600,8
44498023000768,12:21:38.023,84.1500,100
44498023000768,12:21:38.023,84.1500,100
44499525457200,12:21:39.525,84.1700,84
44500067232852,12:21:40.067,84.1700,16
44517934024149,12:21:57.934,84.1800,100
44517934024149,12:21:57.934,84.1800,100
44517934377923,12:21:57.934,84.1900,98
44517955303973,12:21:57.955,84.1800,7
44541101187941,12:22:21.101,84.1900,100
44566121478049,12:22:46.121,84.2000,70
44568653082844,12:22:48.653,84.1900,300
44568653082844,12:22:48.653,84.1900,100
44568653082844,12:22:48.653,84.1900,100
44568653082844,12:22:48.653,84.1900,5
44568653116579,12:22:48.653,84.1900,100
44588476485381,12:23:08.476,84.1700,100
44588478952461,12:23:08.478,84.1600,100
44588481493367,12:23:08.481,84.1600,96
44588481513814,12:23:08.481,84.1600,4
44588482511044,12:23:08.482,84.1600,100
44588482511044,12:23:08.482,84.1600,100
44588482552669,12:23:08.482,84.1600,100
44588490477105,12:23:08.490,84.1600,100
44589770143100,12:23:09.770,84.1600,20
44589772104343,12:23:09.772,84.1500,100
44589774536079,12:23:09.774,84.1400,200
44589774536079,12:23:09.774,84.1400,100
44589778645081,12:23:09.778,84.1300,100
44592479963609,12:23:12.479,84.1200,40
44599237483060,12:23:19.237,84.1000,100
44599237483060,12:23:19.237,84.1000,100
44641922430019,12:24:01.922,84.0500,139
44641922788094,12:24:01.922,84.0500,161
44641922788094,12:24:01.922,84.0500,100
44641923208002,12:24:01.923,84.0500,100
44673962410561,12:24:33.962,84.0400,100
44673963364902,12:24:33.963,84.0400,39
44673963364902,12:24:33.963,84.0400,61
44673963451754,12:24:33.963,84.0400,5
44673963555978,12:24:33.963,84.0400,95
44673963555978,12:24:33.963,84.0400,5
44673978971135,12:24:33.978,84.0400,100
44683594845297,12:24:43.594,84.0500,100
44683597089718,12:24:43.597,84.0600,100
44683597118687,12:24:43.597,84.0600,100
44683600396653,12:24:43.600,84.0700,100
44683600897188,12:24:43.600,84.0700,100
44683600897188,12:24:43.600,84.0700,100
44683600898132,12:24:43.600,84.0700,96
44689064621569,12:24:49.064,84.0700,95
44689064621569,12:24:49.064,84.0700,100
44689064621569,12:24:49.064,84.0700,105
44689066180118,12:24:49.066,84.0600,100
44689070409861,12:24:49.070,84.0600,48
44689080027057,12:24:49.080,84.0600,52
44689080519588,12:24:49.080,84.0500,100
44732846885031,12:25:32.846,84.0600,300
44817664174099,12:26:57.664,84.0700,24
44817664174099,12:26:57.664,84.0700,76
44817664526745,12:26:57.664,84.0700,24
44817664999738,12:26:57.664,84.0700,100
44870448786176,12:27:50.448,84.0500,225
44870448786176,12:27:50.448,84.0500,5
44870448786176,12:27:50.448,84.0500,100
44870449646326,12:27:50.449,84.0400,100
44870449646326,12:27:50.449,84.0400,100
44870449646326,12:27:50.449,84.0400,100
44870449646326,12:27:50.449,84.0400,79
44870449678119,12:27:50.449,84.0400,21
44870449678119,12:27:50.449,84.0400,100
44873766082998,12:27:53.766,84.0200,100
44873766115443,12:27:53.766,84.0200,157
44873766115443,12:27:53.766,84.0200,43
44873767287434,12:27:53.767,84.0000,100
44894801110152,12:28:14.801,84.0100,100
44894801110152,12:28:14.801,84.0100,100
44894801110152,12:28:14.801,84.0100,4
44935672496714,12:28:55.672,84.0300,43
44938053664388,12:28:58.053,84.0400,36
45014638785533,12:30:14.638,84.0700,92
45014645188547,12:30:14.645,84.0700,5
45029891696324,12:30:29.891,84.0700,70
45047914064014,12:30:47.914,84.0600,6
45047914391099,12:30:47.914,84.0600,100
45047914391099,12:30:47.914,84.0600,100
45047914391099,12:30:47.914,84.0500,100
45047914391099,12:30:47.914,84.0500,100
45047945080462,12:30:47.945,84.0600,100
45047975964741,12:30:47.975,84.0600,100
45047975964741,12:30:47.975,84.0600,100
45047976579150,12:30:47.976,84.0600,63
45050475887149,12:30:50.475,84.0600,100
45050475912262,12:30:50.475,84.0600,37
45055632159677,12:30:55.632,84.0600,37
45055632159677,12:30:55.632,84.0600,111
45055632159677,12:30:55.632,84.0600,57
45055632159677,12:30:55.632,84.0600,100
45055632159677,12:30:55.632,84.0600,43
45055632176710,12:30:55.632,84.0600,100
45067840643956,12:31:07.840,84.0600,100
45067840643956,12:31:07.840,84.0600,100
45067840857680,12:31:07.840,84.0600,5
45143640999869,12:32:23.640,84.0600,100
45143641005160,12:32:23.641,84.0600,100
45144765813624,12:32:24.765,84.0600,100
45147655174809,12:32:27.655,84.0500,94
45147655212823,12:32:27.655,84.0500,6
45147655212823,12:32:27.655,84.0500,100
45147655212823,12:32:27.655,84.0500,256
45147655212823,12:32:27.655,84.0500,5
45165479938878,12:32:45.479,84.0500,100
45165480296112,12:32:45.480,84.0500,1
45194534864912,12:33:14.534,84.0500,97
45194534893399,12:33:14.534,84.0500,3
45194534893399,12:33:14.534,84.0500,59
45201562171166,12:33:21.562,84.0700,100
45203429421539,12:33:23.429,84.0800,100
45203429953433,12:33:23.429,84.0900,100
45208246554675,12:33:28.246,84.1000,100
45279281412509,12:34:39.281,84.0700,100
45279281483008,12:34:39.281,84.0700,5
45279281483008,12:34:39.281,84.0700,100
45279281483008,12:34:39.281,84.0700,100
45280569115318,12:34:40.569,84.0600,100
45280569115318,12:34:40.569,84.0600,234
45280570457621,12:34:40.570,84.0500,100
45293333458966,12:34:53.333,84.0400,100
45293333566857,12:34:53.333,84.0400,100
45302679404288,12:35:02.679,84.0500,18
45372125664834,12:36:12.125,84.0300,100
45372125664834,12:36:12.125,84.0300,100
45372125813275,12:36:12.125,84.0300,5
45374553137114,12:36:14.553,84.0050,100
45374553137114,12:36:14.553,84.0000,100
45374553558212,12:36:14.553,84.0000,100
45374553939230,12:36:14.553,83.9900,100
45374619884362,12:36:14.619,83.9900,100
45379873326585,12:36:19.873,83.9700,20
45379873326585,12:36:19.873,83.9700,100
45428027477506,12:37:08.027,83.9900,6
45428027480988,12:37:08.027,83.9900,52
45428027517083,12:37:08.027,83.9900,2
45428027517083,12:37:08.027,83.9900,46
45428027550166,12:37:08.027,83.9900,54
45428027550166,12:37:08.027,83.9900,82
45428027550166,12:37:08.027,83.9900,100
45428034600009,12:37:08.034,83.9900,55
45428924581648,12:37:08.924,83.9900,45
45428999781277,12:37:08.999,83.9900,200
45585029949544,12:39:45.029,83.9800,100
45585029949544,12:39:45.029,83.9800,100
45585029949544,12:39:45.029,83.9800,5
45599342019906,12:39:59.342,83.9800,100
45599342019906,12:39:59.342,83.9800,5
45599342019906,12:39:59.342,83.9800,50
45603227153101,12:40:03.227,83.9900,100
45603227192077,12:40:03.227,83.9900,100
45607196992153,12:40:07.196,84.0000,25
45607197428765,12:40:07.197,84.0000,75
45607197617486,12:40:07.197,84.0000,75
45607198091731,12:40:07.198,84.0050,25
45613751312984,12:40:13.751,84.0100,95
45631784315420,12:40:31.784,84.0050,105
45631784336864,12:40:31.784,84.0050,70
45631784336864,12:40:31.784,84.0000,5
45631784336864,12:40:31.784,84.0000,30
45631784338610,12:40:31.784,84.0000,70
45631786973629,12:40:31.786,84.0000,100
45640578124217,12:40:40.578,84.0000,100
45640579988423,12:40:40.579,84.0000,100
45680383156067,12:41:20.383,84.0150,100
45705720827294,12:41:45.720,84.0300,100
45708548078590,12:41:48.548,84.0150,48
45708550280853,12:41:48.550,84.0150,52
45708550502184,12:41:48.550,84.0000,6
45708554697375,12:41:48.554,84.0000,20
45708554763134,12:41:48.554,84.0000,74
45708554763134,12:41:48.554,84.0000,26
45708554948825,12:41:48.554,84.0000,74
45708554948825,12:41:48.554,84.0000,26
45708555077870,12:41:48.555,84.0000,26
45721454269301,12:42:01.454,83.9800,100
45724940223210,12:42:04.940,83.9700,100
45725524616809,12:42:05.524,83.9600,68
45725524668491,12:42:05.524,83.9600,32
45725524668491,12:42:05.524,83.9600,5
45732824448084,12:42:12.824,83.9400,100
45732824531189,12:42:12.824,83.9500,10
45732824638513,12:42:12.824,83.9500,100
45732875913118,12:42:12.875,83.9500,10
45732875913118,12:42:12.875,83.9500,100
45838213962492,12:43:58.213,83.9500,1
45843962581235,12:44:03.962,83.9350,52
45843963065768,12:44:03.963,83.9350,43
45843963960249,12:44:03.963,83.9350,5
45843963960249,12:44:03.963,83.9200,90
45843965441836,12:44:03.965,83.9200,5
45843968393303,12:44:03.968,83.9200,5
45843968393303,12:44:03.968,83.9200,100
45843968393303,12:44:03.968,83.9200,100
45843968393303,12:44:03.968,83.9200,5
45875022818518,12:44:35.022,83.9150,100
45875022818518,12:44:35.022,83.9100,100
45875023995725,12:44:35.023,83.9100,100
45888013189840,12:44:48.013,83.9000,100
45893326115016,12:44:53.326,83.9000,100
45893327327990,12:44:53.327,83.9100,100
45893339988851,12:44:53.339,83.9100,16
45893340064392,12:44:53.340,83.9100,84
45893340243694,12:44:53.340,83.9200,100
45948016377637,12:45:48.016,83.9300,70
45948019357684,12:45:48.019,83.9250,1
45968791342163,12:46:08.791,83.9150,99
45968791342163,12:46:08.791,83.9000,100
45968791342163,12:46:08.791,83.9000,6
45993691378119,12:46:33.691,83.9050,1
45993691378119,12:46:33.691,83.9000,94
45993691378119,12:46:33.691,83.9000,4
45993691728214,12:46:33.691,83.9000,1
46022583493812,12:47:02.583,83.9100,100
46044883642735,12:47:24.883,83.9300,100
46046180396539,12:47:26.180,83.9300,100
46046180462063,12:47:26.180,83.9300,10
46046181376894,12:47:26.181,83.9200,10
46070031308064,12:47:50.031,83.9200,100
46130324621001,12:48:50.324,83.9200,100
46130324631915,12:48:50.324,83.9200,99
46141895567368,12:49:01.895,83.9200,1
46141895567368,12:49:01.895,83.9300,100
46141895567368,12:49:01.895,83.9300,99
46141895803325,12:49:01.895,83.9300,1
46141895803325,12:49:01.895,83.9300,62
46141895831839,12:49:01.895,83.9300,38
46141895831839,12:49:01.895,83.9300,100
46191277199063,12:49:51.277,83.9400,100
46191278892544,12:49:51.278,83.9550,100
46191280887517,12:49:51.280,83.9550,100
46191280887517,12:49:51.280,83.9400,100
46212684928041,12:50:12.684,83.9700,11
46213495789777,12:50:13.495,83.9750,2
46249226405237,12:50:49.226,83.9900,10
46249226502234,12:50:49.226,84.0000,5
46249228654811,12:50:49.228,84.0000,15
46273769629666,12:51:13.769,84.0100,50
46273769629666,12:51:13.769,84.0100,4
46277787471426,12:51:17.787,84.0200,2
46277787471426,12:51:17.787,84.0200,98
46298184531353,12:51:38.184,84.0300,100
46300254441757,12:51:40.254,84.0400,10
46300254441757,12:51:40.254,84.0400,12
46328413951761,12:52:08.413,84.0450,100
46328413951761,12:52:08.413,84.0300,5
46328413951761,12:52:08.413,84.0300,5
46328414188772,12:52:08.414,84.0300,52
46328414260065,12:52:08.414,84.0300,43
46328414260065,12:52:08.414,84.0300,5
46328415496953,12:52:08.415,84.0200,12
46328415496953,12:52:08.415,84.0200,100
46328415496953,12:52:08.415,84.0200,100
46328419181152,12:52:08.419,84.0200,139
46328433134071,12:52:08.433,84.0200,39
46330433679462,12:52:10.433,84.0200,61
46339546811587,12:52:19.546,84.0000,100
46347560665875,12:52:27.560,84.0100,100
46395667880329,12:53:15.667,84.0200,100
46395667880329,12:53:15.667,84.0200,100
46396591523719,12:53:16.591,84.0250,100
46396591523719,12:53:16.591,84.0200,100
46396591523719,12:53:16.591,84.0200,100
46396591523719,12:53:16.591,84.0200,100
46396591523719,12:53:16.591,84.0200,100
46396591579537,12:53:16.591,84.0200,100
46396591602043,12:53:16.591,84.0200,100
46397898305727,12:53:17.898,84.0100,88
46397898350716,12:53:17.898,84.0100,12
46397898350716,12:53:17.898,84.0100,100
46404467412199,12:53:24.467,84.0000,100
46412418177605,12:53:32.418,84.0000,100
46425173524310,12:53:45.173,83.9900,100
46425173549854,12:53:45.173,83.9900,100
46431629099748,12:53:51.629,83.9850,100
46445392489286,12:54:05.392,83.9800,5
46457842678888,12:54:17.842,83.9700,100
46457842768285,12:54:17.842,83.9700,100
46464588285559,12:54:24.588,83.9650,100
46464588285559,12:54:24.588,83.9600,100
46464588285559,12:54:24.588,83.9600,100
46464588315944,12:54:24.588,83.9600,100
46471438016323,12:54:31.438,83.9500,100
46471438016323,12:54:31.438,83.9500,100
46472638208377,12:54:32.638,83.9600,16
46502322995554,12:55:02.322,83.9500,10
46502323025594,12:55:02.323,83.9500,90
46502323025594,12:55:02.323,83.9500,57
46502323025594,12:55:02.323,83.9500,100
46502323025594,12:55:02.323,83.9500,200
46502323837600,12:55:02.323,83.9600,84
46502323837600,12:55:02.323,83.9600,4
46502323864750,12:55:02.323,83.9600,96
46502323864750,12:55:02.323,83.9600,100
46502323876584,12:55:02.323,83.9600,100
46502826819761,12:55:02.826,83.9700,100
46511411836742,12:55:11.411,83.9800,70
46512020543852,12:55:12.020,83.9800,30
46535019525038,12:55:35.019,83.9400,100
46535019525038,12:55:35.019,83.9400,100
46535019525038,12:55:35.019,83.9400,100
46538360585394,12:55:38.360,83.9300,4
46567089550643,12:56:07.089,83.9400,100
46567089556323,12:56:07.089,83.9400,100
46567090099859,12:56:07.090,83.9500,6
46568431185649,12:56:08.431,83.9400,46
46583998989802,12:56:23.998,83.9500,2
46583998993690,12:56:23.998,83.9500,51
46583999033118,12:56:23.999,83.9500,47
46583999033118,12:56:23.999,83.9500,100
46620002653830,12:57:00.002,83.9600,100
46620003048229,12:57:00.003,83.9600,13
46628849571624,12:57:08.849,83.9500,5
46628849571624,12:57:08.849,83.9500,100
46731376121490,12:58:51.376,83.9700,100
46743770015027,12:59:03.770,83.9800,100
46743770042504,12:59:03.770,83.9800,12
46748350057667,12:59:08.350,83.9800,100
46748350057667,12:59:08.350,83.9800,98
46748351541807,12:59:08.351,83.9800,100
46763025587088,12:59:23.025,83.9800,5
46763025587088,12:59:23.025,83.9800,95
46763025940618,12:59:23.025,83.9800,5
46763768440967,12:59:23.768,83.9800,100
46783778165224,12:59:43.778,83.9700,100
46783778165224,12:59:43.778,83.9700,100
46813793719830,13:00:13.793,83.9600,5
46817437075884,13:00:17.437,83.9500,100
46817437075884,13:00:17.437,83.9500,200
46817437917504,13:00:17.437,83.9500,66
46821341624480,13:00:21.341,83.9500,3
46825005094397,13:00:25.005,83.9500,97
46825005094397,13:00:25.005,83.9500,100
46825005094397,13:00:25.005,83.9500,100
46825005186887,13:00:25.005,83.9400,100
46825005186887,13:00:25.005,83.9400,100
46825005678815,13:00:25.005,83.9450,200
46825006881631,13:00:25.006,83.9600,55
46825006881631,13:00:25.006,83.9600,100
46825010368130,13:00:25.010,83.9600,9
46830005221579,13:00:30.005,83.9500,100
46834924262582,13:00:34.924,83.9600,100
46862081147673,13:01:02.081,83.9800,100
46905006045440,13:01:45.006,83.9800,100
46932839319080,13:02:12.839,83.9600,100
46932839319080,13:02:12.839,83.9600,100
46932839319080,13:02:12.839,83.9600,200
46991560076380,13:03:11.560,83.9700,5
46992966903221,13:03:12.966,83.9700,100
47014668306349,13:03:34.668,83.9600,100
47014688521523,13:03:34.688,83.9500,100
47014688521523,13:03:34.688,83.9500,100
47014688521523,13:03:34.688,83.9500,100
47031939022669,13:03:51.939,83.9500,22
47031939031973,13:03:51.939,83.9500,50
47031939031973,13:03:51.939,83.9500,46
47031939603795,13:03:51.939,83.9500,54
47031939654000,13:03:51.939,83.9500,100
47103568996917,13:05:03.568,83.9600,88
47111188674243,13:05:11.188,83.9700,100
47215853724605,13:06:55.853,83.9900,100
47215853724605,13:06:55.853,83.9900,4
47217461719823,13:06:57.461,83.9900,96
47217461719823,13:06:57.461,83.9900,100
47217640376972,13:06:57.640,83.9900,100
47234189926519,13:07:14.189,84.0200,100
47249709098568,13:07:29.709,84.0300,100
47249709698957,13:07:29.709,84.0300,5
47260437118419,13:07:40.437,84.0300,200
47260445855198,13:07:40.445,84.0400,100
47260445855198,13:07:40.445,84.0400,100
47260445876436,13:07:40.445,84.0400,100
47260447531824,13:07:40.447,84.0500,100
47260447531824,13:07:40.447,84.0500,100
47264197406237,13:07:44.197,84.0400,200
47264197406237,13:07:44.197,84.0400,100
47264197406237,13:07:44.197,84.0400,100
47265501772465,13:07:45.501,84.0300,100
47265501772465,13:07:45.501,84.0300,100
47265501772465,13:07:45.501,84.0300,5
47283544070562,13:08:03.544,84.0300,18
47426648965034,13:10:26.648,84.0400,16
47441239606077,13:10:41.239,84.0400,84
47445575019017,13:10:45.575,84.0400,5
47445575019017,13:10:45.575,84.0400,100
47448098350584,13:10:48.098,84.0500,100
47448098350584,13:10:48.098,84.0500,100
47463038174066,13:11:03.038,84.0700,100
47466196433728,13:11:06.196,84.0800,20
47472211947186,13:11:12.211,84.0800,100
47473641277877,13:11:13.641,84.1000,100
47484472311198,13:11:24.472,84.1050,100
47530315951331,13:12:10.315,84.1200,100
47535502137849,13:12:15.502,84.1200,100
47535502137849,13:12:15.502,84.1200,100
47573773309372,13:12:53.773,84.1200,40
47582840674904,13:13:02.840,84.1100,100
47582840674904,13:13:02.840,84.1100,100
47582840674904,13:13:02.840,84.1100,5
47582840674904,13:13:02.840,84.1100,1
47582840674904,13:13:02.840,84.1100,100
47582843317397,13:13:02.843,84.1000,100
47582843317397,13:13:02.843,84.1000,100
47582864214038,13:13:02.864,84.1000,100
47582981579787,13:13:02.981,84.1000,100
47584161616366,13:13:04.161,84.0900,100
47584162646531,13:13:04.162,84.0800,100
47584162676683,13:13:04.162,84.0800,100
47584757747228,13:13:04.757,84.0700,200
47584757798275,13:13:04.757,84.0700,100
47586163408828,13:13:06.163,84.0600,100
47590659037828,13:13:10.659,84.0400,100
47590877287063,13:13:10.877,84.0400,100
47592447690397,13:13:12.447,84.0500,75
47628378748422,13:13:48.378,84.0300,65
47628378801162,13:13:48.378,84.0300,35
47628378897346,13:13:48.378,84.0300,100
47628379251845,13:13:48.379,84.0300,100
47644445472915,13:14:04.445,84.0400,100
47644445472915,13:14:04.445,84.0400,100
47644446006378,13:14:04.446,84.0500,1
47705692421715,13:15:05.692,84.0300,20
47705692421715,13:15:05.692,84.0300,80
47705692428722,13:15:05.692,84.0300,20
47705692453962,13:15:05.692,84.0300,20
47705696174761,13:15:05.696,84.0300,100
47710076797619,13:15:10.076,84.0300,100
47737106957467,13:15:37.106,84.0400,100
47737106989665,13:15:37.106,84.0400,100
47737108054349,13:15:37.108,84.0500,99
47785412957415,13:16:25.412,84.0400,70
47785413126036,13:16:25.413,84.0400,22
47785413149867,13:16:25.413,84.0400,8
47797342105928,13:16:37.342,84.0400,100
47926616592456,13:18:46.616,84.0500,257
47926616624329,13:18:46.616,84.0500,100
47926618041925,13:18:46.618,84.0400,100
47926618041925,13:18:46.618,84.0400,100
47926618041925,13:18:46.618,84.0400,5
47926618041925,13:18:46.618,84.0400,100
47939193373605,13:18:59.193,84.0500,100
48016713352021,13:20:16.713,84.0300,12
48017525730227,13:20:17.525,84.0300,88
48017525730227,13:20:17.525,84.0300,5
48017525730227,13:20:17.525,84.0300,100
48017525730227,13:20:17.525,84.0300,100
48018945306872,13:20:18.945,84.0300,48
48019582615928,13:20:19.582,84.0300,76
48019582642076,13:20:19.582,84.0300,24
48019582642076,13:20:19.582,84.0300,96
48019582651124,13:20:19.582,84.0300,4
48019582651124,13:20:19.582,84.0300,100
48028124137844,13:20:28.124,84.0400,100
48045751791298,13:20:45.751,84.0400,100
48045755125446,13:20:45.755,84.0400,100
48045755135828,13:20:45.755,84.0400,16
48045755168956,13:20:45.755,84.0400,84
48045832544201,13:20:45.832,84.0300,100
48045832544201,13:20:45.832,84.0300,100
48045832544201,13:20:45.832,84.0300,100
48045832544201,13:20:45.832,84.0300,100
48045832718336,13:20:45.832,84.0300,100
48045832785807,13:20:45.832,84.0300,200
48045832943957,13:20:45.832,84.0300,100
48045845805991,13:20:45.845,84.0300,100
48045862145731,13:20:45.862,84.0300,42
48047216371625,13:20:47.216,84.0300,7
48047216461924,13:20:47.216,84.0300,100
48049064461280,13:20:49.064,84.0300,7
48051080179281,13:20:51.080,84.0400,7
48059483067249,13:20:59.483,84.0500,100
48059483067249,13:20:59.483,84.0500,100
48059483140315,13:20:59.483,84.0500,100
48059483316691,13:20:59.483,84.0500,100
48059505126735,13:20:59.505,84.0600,100
48059505133752,13:20:59.505,84.0600,100
48061485807653,13:21:01.485,84.0700,7
48064457877892,13:21:04.457,84.0850,100
48069571847300,13:21:09.571,84.0850,100
48069571847300,13:21:09.571,84.0800,100
48103777030676,13:21:43.777,84.0800,18
48103777056185,13:21:43.777,84.0800,82
48103777064776,13:21:43.777,84.0800,82
48103777354030,13:21:43.777,84.0800,18
48107454773391,13:21:47.454,84.0900,7
48143080263864,13:22:23.080,84.0900,100
48143080280772,13:22:23.080,84.0800,3
48143080280772,13:22:23.080,84.0800,100
48143110800769,13:22:23.110,84.0800,100
48161553301159,13:22:41.553,84.0700,100
48178737985305,13:22:58.737,84.0500,100
48178738621359,13:22:58.738,84.0400,20
48178738621359,13:22:58.738,84.0400,100
48180857182527,13:23:00.857,84.0300,100
48181850518065,13:23:01.850,84.0300,22
48181850536699,13:23:01.850,84.0300,78
48181851961008,13:23:01.851,84.0300,96
48182095327549,13:23:02.095,84.0300,4
48184151794913,13:23:04.151,84.0400,100
48202624377636,13:23:22.624,84.0500,100
48202624377636,13:23:22.624,84.0500,37
48202624407332,13:23:22.624,84.0500,63
48202624407332,13:23:22.624,84.0500,100
48217279926514,13:23:37.279,84.0600,7
48240723383822,13:24:00.723,84.0700,81
48240723413777,13:24:00.723,84.0700,19
48264294628119,13:24:24.294,84.0800,7
48269408348551,13:24:29.408,84.0800,100
48269409193565,13:24:29.409,84.0800,100
48271216841499,13:24:31.216,84.1000,100
48274091401179,13:24:34.091,84.1000,100
48274091401179,13:24:34.091,84.1000,100
48274091426681,13:24:34.091,84.1000,100
48276057800936,13:24:36.057,84.1100,100
48300802317249,13:25:00.802,84.1000,3
48300802317249,13:25:00.802,84.1000,100
48300802319275,13:25:00.802,84.1000,12
48325104798551,13:25:25.104,84.1100,100
48325105123979,13:25:25.105,84.1100,7
48326841045932,13:25:26.841,84.1200,16
48337445891825,13:25:37.445,84.1200,7
48362270093995,13:26:02.270,84.1300,20
48362270093995,13:26:02.270,84.1300,1
48366424682505,13:26:06.424,84.1300,4
48372689937336,13:26:12.689,84.1200,100
48377433310711,13:26:17.433,84.1100,100
48379207898488,13:26:19.207,84.1100,76
48379207922796,13:26:19.207,84.1100,11
48393639095042,13:26:33.639,84.1200,100
48404920184597,13:26:44.920,84.1300,20
48445462842194,13:27:25.462,84.1200,100
48445462842194,13:27:25.462,84.1200,100
48445463231803,13:27:25.463,84.1200,1
48445463272088,13:27:25.463,84.1200,99
48445463272088,13:27:25.463,84.1200,100
48460541255899,13:27:40.541,84.1300,75
48460541255899,13:27:40.541,84.1300,100
48460541255899,13:27:40.541,84.1300,25
48460541290425,13:27:40.541,84.1300,75
48460552970893,13:27:40.552,84.1400,20
48460552970893,13:27:40.552,84.1400,80
48460552970893,13:27:40.552,84.1400,100
48461063532497,13:27:41.063,84.1500,100
48463643443719,13:27:43.643,84.1600,10
48463643443719,13:27:43.643,84.1600,100
48463643443719,13:27:43.643,84.1600,90
48463643472810,13:27:43.643,84.1600,10
48488534032350,13:28:08.534,84.1600,75
48488534032350,13:28:08.534,84.1600,100
48488534032350,13:28:08.534,84.1600,100
48488534032350,13:28:08.534,84.1600,2
48488554910722,13:28:08.554,84.1500,100
48488554910722,13:28:08.554,84.1500,100
48488555100077,13:28:08.555,84.1600,97
48488568363826,13:28:08.568,84.1600,99
48488568363826,13:28:08.568,84.1600,1
48490497919793,13:28:10.497,84.1600,76
48491597971168,13:28:11.597,84.1600,24
48563790112285,13:29:23.790,84.1800,10
48563790112285,13:29:23.790,84.1800,59
48563790502452,13:29:23.790,84.1800,31
48563790502452,13:29:23.790,84.1800,100
48563790502452,13:29:23.790,84.1800,23
48563790541668,13:29:23.790,84.1800,77
48563790541668,13:29:23.790,84.1800,100
48563791304886,13:29:23.791,84.1900,100
48563791359322,13:29:23.791,84.1900,100
48571513839840,13:29:31.513,84.2000,74
48571513883000,13:29:31.513,84.2000,26
48579450760300,13:29:39.450,84.2000,100
48579450760300,13:29:39.450,84.2000,100
48579450760300,13:29:39.450,84.2000,100
48579450760300,13:29:39.450,84.2000,100
48579450760300,13:29:39.450,84.2000,100
48579451317753,13:29:39.451,84.1900,100
48579454681679,13:29:39.454,84.1900,100
48595530687720,13:29:55.530,84.1800,86
48595530712180,13:29:55.530,84.1800,14
48595531067997,13:29:55.531,84.1800,88
48595531173307,13:29:55.531,84.1800,12
48595531404640,13:29:55.531,84.1800,12
48595531469604,13:29:55.531,84.1800,100
48595531569513,13:29:55.531,84.1800,100
48596040777154,13:29:56.040,84.1900,93
48596040777154,13:29:56.040,84.1900,100
48625988621256,13:30:25.988,84.2100,100
48625988621256,13:30:25.988,84.2100,100
48628119444059,13:30:28.119,84.2100,88
48636553820203,13:30:36.553,84.2000,200
48636553820203,13:30:36.553,84.2000,100
48636553820203,13:30:36.553,84.2000,100
48659171343207,13:30:59.171,84.2000,12
48659171448858,13:30:59.171,84.2000,88
48659171448858,13:30:59.171,84.2000,100
48659171448858,13:30:59.171,84.2000,100
48661673731871,13:31:01.673,84.2000,2
48680942157824,13:31:20.942,84.2000,100
48680942157824,13:31:20.942,84.2000,100
48693310831968,13:31:33.310,84.1900,100
48693563546577,13:31:33.563,84.1900,3
48693571288702,13:31:33.571,84.1900,100
48693571692166,13:31:33.571,84.1900,297
48693582077640,13:31:33.582,84.1900,72
48695441769459,13:31:35.441,84.1900,28
48695441769459,13:31:35.441,84.1900,72
48695531441275,13:31:35.531,84.1900,28
48720013525318,13:32:00.013,84.1900,100
48720013525318,13:32:00.013,84.1900,100
48720033425918,13:32:00.033,84.1900,100
48722644619711,13:32:02.644,84.2000,100
48723146373796,13:32:03.146,84.2000,100
48741402722593,13:32:21.402,84.2200,100
48741403291286,13:32:21.403,84.2200,100
48768790388928,13:32:48.790,84.2300,100
48768791046465,13:32:48.791,84.2300,100
48768791053895,13:32:48.791,84.2300,1
48768791366869,13:32:48.791,84.2300,99
48768791366869,13:32:48.791,84.2300,1
48768791405670,13:32:48.791,84.2300,99
48785675070101,13:33:05.675,84.2200,100
48785675070101,13:33:05.675,84.2200,5
48785675070101,13:33:05.675,84.2200,2
48785675070101,13:33:05.675,84.2200,93
48785675170650,13:33:05.675,84.2200,7
48817207625396,13:33:37.207,84.2100,88
48817207639919,13:33:37.207,84.2100,12
48819756774216,13:33:39.756,84.2100,12
48819756774216,13:33:39.756,84.2100,88
48832484471336,13:33:52.484,84.2000,29
48833178174003,13:33:53.178,84.2000,71
48833178174003,13:33:53.178,84.2000,12
48837858855449,13:33:57.858,84.2000,25
48964336506315,13:36:04.336,84.2200,100
48964336506315,13:36:04.336,84.2200,75
48964336965036,13:36:04.336,84.2200,10
49008014407631,13:36:48.014,84.2200,36
49015670013777,13:36:55.670,84.2300,1
49037620566855,13:37:17.620,84.2300,1
49037620566855,13:37:17.620,84.2300,16
49037620566855,13:37:17.620,84.2300,17
49050012471163,13:37:30.012,84.2200,100
49050012471163,13:37:30.012,84.2200,100
49050012471163,13:37:30.012,84.2200,100
49050012471163,13:37:30.012,84.2200,3
49050012471163,13:37:30.012,84.2200,100
49050012471163,13:37:30.012,84.2200,100
49051591057467,13:37:31.591,84.2200,100
49051591057467,13:37:31.591,84.2200,100
49139805579935,13:38:59.805,84.2300,100
49139805579935,13:38:59.805,84.2300,100
49139805579935,13:38:59.805,84.2300,100
49174334030893,13:39:34.334,84.2350,100
49174334242805,13:39:34.334,84.2300,100
49174334242805,13:39:34.334,84.2300,100
49174334242805,13:39:34.334,84.2300,100
49174334242805,13:39:34.334,84.2300,100
49174334242805,13:39:34.334,84.2300,2
49182225155909,13:39:42.225,84.2200,200
49182225155909,13:39:42.225,84.2200,100
49204149810871,13:40:04.149,84.2300,100
49204149810871,13:40:04.149,84.2300,100
49204149830734,13:40:04.149,84.2300,100
49204150741706,13:40:04.150,84.2400,100
49204150741706,13:40:04.150,84.2400,100
49204150794516,13:40:04.150,84.2400,200
49204216374307,13:40:04.216,84.2300,100
49208387620872,13:40:08.387,84.2400,2
49215716653064,13:40:15.716,84.2300,2
49219987152936,13:40:19.987,84.2300,298
49219987152936,13:40:19.987,84.2300,2
49220772002593,13:40:20.772,84.2300,100
49232510790682,13:40:32.510,84.2400,98
49311561758050,13:41:51.561,84.2300,300
49312533434703,13:41:52.533,84.2200,100
49388526457423,13:43:08.526,84.2200,100
49388526457423,13:43:08.526,84.2200,100
49388526502773,13:43:08.526,84.2200,200
49388533724935,13:43:08.533,84.2200,194
49388578534908,13:43:08.578,84.2200,100
49390787018349,13:43:10.787,84.2200,100
49390787018349,13:43:10.787,84.2200,93
49391506722431,13:43:11.506,84.2300,100
49441134117846,13:44:01.134,84.2400,36
49451415628707,13:44:11.415,84.2400,64
49451415628707,13:44:11.415,84.2400,15
49451415694107,13:44:11.415,84.2400,85
49456802008421,13:44:16.802,84.2400,40
49456802132640,13:44:16.802,84.2400,60
49470102343603,13:44:30.102,84.2300,100
49470102349080,13:44:30.102,84.2300,100
49501281698113,13:45:01.281,84.2300,198
49501281698113,13:45:01.281,84.2300,100
49501281698113,13:45:01.281,84.2300,1
49501281698113,13:45:01.281,84.2300,1
49501281878905,13:45:01.281,84.2300,99
49503474909591,13:45:03.474,84.2200,73
49503474943632,13:45:03.474,84.2200,27
49503474943632,13:45:03.474,84.2200,100
49503474943632,13:45:03.474,84.2200,100
49503474943632,13:45:03.474,84.2200,100
49503474943632,13:45:03.474,84.2200,100
49503474943632,13:45:03.474,84.2200,100
49503475530173,13:45:03.475,84.2200,100
49506571017398,13:45:06.571,84.2100,100
49506573460671,13:45:06.573,84.2100,19
49509850618773,13:45:09.850,84.2100,100
49515637025822,13:45:15.637,84.1900,100
49515637375409,13:45:15.637,84.1900,100
49519342973617,13:45:19.342,84.1900,100
49519343050339,13:45:19.343,84.1900,100
49519343050339,13:45:19.343,84.1900,100
49519345761651,13:45:19.345,84.2000,100
49519345848929,13:45:19.345,84.2000,100
49519346749713,13:45:19.346,84.2000,19
49519346749713,13:45:19.346,84.2000,100
49519346749713,13:45:19.346,84.2000,81
49519360244527,13:45:19.360,84.2000,87
49529602285143,13:45:29.602,84.2100,8
49545427125293,13:45:45.427,84.2100,100
49545427125293,13:45:45.427,84.2100,100
49545427125293,13:45:45.427,84.2100,100
49545427157666,13:45:45.427,84.2100,100
49546159271140,13:45:46.159,84.2000,100
49552077854818,13:45:52.077,84.1900,100
49561431623602,13:46:01.431,84.1900,100
49564738083624,13:46:04.738,84.1900,100
49614221148491,13:46:54.221,84.2000,100
49642944648612,13:47:22.944,84.2000,100
49642944648612,13:47:22.944,84.2000,100
49642944648612,13:47:22.944,84.2000,2
49651638103245,13:47:31.638,84.1900,100
49651638538646,13:47:31.638,84.1900,100
49651638538646,13:47:31.638,84.1900,100
49673446249380,13:47:53.446,84.1800,39
49673446249380,13:47:53.446,84.1800,100
49703177286580,13:48:23.177,84.1700,51
49710045432540,13:48:30.045,84.1700,149
49710045432540,13:48:30.045,84.1700,2
49710045432540,13:48:30.045,84.1700,100
49710045432540,13:48:30.045,84.1700,49
49710045475418,13:48:30.045,84.1700,34
49710045911163,13:48:30.045,84.1700,17
49714442874290,13:48:34.442,84.1500,100
49714443216230,13:48:34.443,84.1500,100
49714444694192,13:48:34.444,84.1500,100
49725666413507,13:48:45.666,84.1300,75
49725666413507,13:48:45.666,84.1300,100
49725666413507,13:48:45.666,84.1300,25
49725666444765,13:48:45.666,84.1300,175
49761347146071,13:49:21.347,84.1200,100
49761352688531,13:49:21.352,84.1300,33
49763353571133,13:49:23.353,84.1300,43
49784725601787,13:49:44.725,84.1100,100
49785052288317,13:49:45.052,84.1100,100
49796937929958,13:49:56.937,84.1200,1
49796939230323,13:49:56.939,84.1200,100
49796939256798,13:49:56.939,84.1200,199
49796939256798,13:49:56.939,84.1200,200
49796975494693,13:49:56.975,84.1200,100
49798861713871,13:49:58.861,84.1200,98
49798861740793,13:49:58.861,84.1200,2
49798861740793,13:49:58.861,84.1200,100
49798861740793,13:49:58.861,84.1200,8
49802625546866,13:50:02.625,84.1100,100
49826782987102,13:50:26.782,84.1100,67
49826782987102,13:50:26.782,84.1100,100
49872775953151,13:51:12.775,84.1200,100
49877338113595,13:51:17.338,84.1300,57
49877338113595,13:51:17.338,84.1300,43
49885776897095,13:51:25.776,84.1200,4
49885778321346,13:51:25.778,84.1100,100
49885778485903,13:51:25.778,84.1100,100
49885778525245,13:51:25.778,84.1100,100
49885778525245,13:51:25.778,84.1100,100
49885778525245,13:51:25.778,84.1100,100
49885779813999,13:51:25.779,84.1100,100
49885779813999,13:51:25.779,84.1200,100
49885779813999,13:51:25.779,84.1200,200
49885791207730,13:51:25.791,84.1100,100
49885791207730,13:51:25.791,84.1100,100
49885795919500,13:51:25.795,84.1100,100
49927049764077,13:52:07.049,84.1100,100
49927049764077,13:52:07.049,84.1100,100
49927055382536,13:52:07.055,84.1100,100
49927055382536,13:52:07.055,84.1100,100
49927055420726,13:52:07.055,84.1100,4
49930764378179,13:52:10.764,84.1100,100
49932343387555,13:52:12.343,84.1200,100
49932343387555,13:52:12.343,84.1200,100
49932343981211,13:52:12.343,84.1200,100
49937132875453,13:52:17.132,84.1200,100
49981677123833,13:53:01.677,84.1300,57
49981677123833,13:53:01.677,84.1300,100
49987000505211,13:53:07.000,84.1300,18
49994785054119,13:53:14.785,84.1300,100
49994785080607,13:53:14.785,84.1300,82
49994785080607,13:53:14.785,84.1300,4
49994787993176,13:53:14.787,84.1200,100
49999021922394,13:53:19.021,84.1200,42
50028893833493,13:53:48.893,84.1300,100
50028896254406,13:53:48.896,84.1400,9
50028896254406,13:53:48.896,84.1400,100
50028900356385,13:53:48.900,84.1600,100
50028900356385,13:53:48.900,84.1600,100
50028900356385,13:53:48.900,84.1600,100
50028900356385,13:53:48.900,84.1600,100
50028905774311,13:53:48.905,84.1700,131
50028905798986,13:53:48.905,84.1700,69
50028905798986,13:53:48.905,84.1700,100
50028905798986,13:53:48.905,84.1700,100
50028905798986,13:53:48.905,84.1700,100
50030638190282,13:53:50.638,84.1900,100
50030639376402,13:53:50.639,84.2000,88
50030639405551,13:53:50.639,84.2000,12
50030641145069,13:53:50.641,84.2000,100
50032566930770,13:53:52.566,84.1900,107
50032567173592,13:53:52.567,84.1900,81
50034335575767,13:53:54.335,84.1800,100
50045456772119,13:54:05.456,84.1700,3
50060840695475,13:54:20.840,84.1700,100
50060840695475,13:54:20.840,84.1700,100
50071671472204,13:54:31.671,84.1500,100
50071671472204,13:54:31.671,84.1500,100
50071671472204,13:54:31.671,84.1500,100
50073673329187,13:54:33.673,84.1500,27
50081680277545,13:54:41.680,84.1300,1
50082327553926,13:54:42.327,84.1200,100
50082327553926,13:54:42.327,84.1200,9
50083707729161,13:54:43.707,84.1200,100
50083707754616,13:54:43.707,84.1200,100
50122481866825,13:55:22.481,84.1100,100
50122481866825,13:55:22.481,84.1100,7
50122481866825,13:55:22.481,84.1100,2
50124498693453,13:55:24.498,84.1000,100
50124498693453,13:55:24.498,84.1000,100
50124498693453,13:55:24.498,84.1000,100
50124526254076,13:55:24.526,84.0900,72
50124526259633,13:55:24.526,84.0900,28
50155000021512,13:55:55.000,84.0400,7
50155103663459,13:55:55.103,84.0400,2
50155950543746,13:55:55.950,84.0300,100
50155950543746,13:55:55.950,84.0300,24
50155950574000,13:55:55.950,84.0300,76
50155950666865,13:55:55.950,84.0300,100
50156105343873,13:55:56.105,84.0300,100
50156115662928,13:55:56.115,84.0400,77
50156115669232,13:55:56.115,84.0400,23
50156115919016,13:55:56.115,84.0500,39
50160977558129,13:56:00.977,84.0600,100
50182427910476,13:56:22.427,84.0700,100
50182427910476,13:56:22.427,84.0700,100
50185059616754,13:56:25.059,84.0700,5
50185059616754,13:56:25.059,84.0700,70
50185059660376,13:56:25.059,84.0700,30
50220745293541,13:57:00.745,84.0800,100
50220745357152,13:57:00.745,84.0800,100
50220745357152,13:57:00.745,84.0800,100
50220745441318,13:57:00.745,84.0800,200
50220745527908,13:57:00.745,84.0800,52
50239769896885,13:57:19.769,84.0900,100
50241771513833,13:57:21.771,84.1000,100
50253188850570,13:57:33.188,84.1100,15
50253190112966,13:57:33.190,84.1100,85
50253288340454,13:57:33.288,84.1100,29
50253288340454,13:57:33.288,84.1100,19
50259158364027,13:57:39.158,84.1000,100
50298326989514,13:58:18.326,84.1200,95
50298327016043,13:58:18.327,84.1200,5
50325309940423,13:58:45.309,84.1100,100
50331029629411,13:58:51.029,84.1200,46
50331666565367,13:58:51.666,84.1100,4
50331666567751,13:58:51.666,84.1100,3
50331667189408,13:58:51.667,84.1000,100
50331667496760,13:58:51.667,84.1000,100
50340077857619,13:59:00.077,84.1100,3
50340077882511,13:59:00.077,84.1100,97
50362905539934,13:59:22.905,84.1100,2
50402676487458,14:00:02.676,84.1300,100
50402676759112,14:00:02.676,84.1300,100
50402677143030,14:00:02.677,84.1400,81
50402677457957,14:00:02.677,84.1400,2
50402689425140,14:00:02.689,84.1100,100
50402689631518,14:00:02.689,84.1100,119
50402689631518,14:00:02.689,84.0900,100
50402689631518,14:00:02.689,84.0900,81
50402689898663,14:00:02.689,84.0900,119
50402691075120,14:00:02.691,84.0800,100
50402692192932,14:00:02.692,84.0700,100
50402692192932,14:00:02.692,84.0700,100
50402692192932,14:00:02.692,84.0700,100
50402709465302,14:00:02.709,84.1300,100
50402709465302,14:00:02.709,84.1300,100
50402709576777,14:00:02.709,84.1500,100
50402711563764,14:00:02.711,84.1300,100
50402712103590,14:00:02.712,84.1500,100
50402715306832,14:00:02.715,84.1000,100
50402718593102,14:00:02.718,84.0800,100
50402718766036,14:00:02.718,84.0700,100
50402727097484,14:00:02.727,84.0800,100
50402759165009,14:00:02.759,84.0700,100
50402814441951,14:00:02.814,84.1000,100
50402814441951,14:00:02.814,84.1000,100
50402828955833,14:00:02.828,84.1400,100
50403053413848,14:00:03.053,84.1300,100
50403110220922,14:00:03.110,84.1600,100
50403110224932,14:00:03.110,84.1600,50
50403124687795,14:00:03.124,84.1300,112
50403124687795,14:00:03.124,84.1300,88
50403124928566,14:00:03.124,84.1300,100
50403145182150,14:00:03.145,84.1600,50
50403149935622,14:00:03.149,84.1700,100
50405719456777,14:00:05.719,84.1600,100
50405720022352,14:00:05.720,84.1700,100
50405723648034,14:00:05.723,84.1800,100
50405723824927,14:00:05.723,84.1800,100
50405757937986,14:00:05.757,84.2000,50
50405758729838,14:00:05.758,84.1500,100
50405879808967,14:00:05.879,84.1500,200
50405879950086,14:00:05.879,84.1500,100
50405879950086,14:00:05.879,84.1500,100
50405880004254,14:00:05.880,84.1500,100
50405880004254,14:00:05.880,84.1500,100
50405880004254,14:00:05.880,84.1400,31
50406727160943,14:00:06.727,84.2000,50
50406727160943,14:00:06.727,84.2000,100
50406727160943,14:00:06.727,84.2000,100
50406730266981,14:00:06.730,84.2100,100
50406730587663,14:00:06.730,84.2200,100
50406763177132,14:00:06.763,84.2100,97
50408535658711,14:00:08.535,84.2200,100
50408990923069,14:00:08.990,84.2300,100
50408990923069,14:00:08.990,84.2300,100
50408991081196,14:00:08.991,84.2300,100
50408991236894,14:00:08.991,84.2300,100
50408993600915,14:00:08.993,84.2400,100
50408994142152,14:00:08.994,84.2500,100
50408999754474,14:00:08.999,84.2600,100
50409002250438,14:00:09.002,84.2500,500
50409003409643,14:00:09.003,84.2700,100
50409035324039,14:00:09.035,84.2600,13
50409045510902,14:00:09.045,84.2900,100
50409045560257,14:00:09.045,84.3000,100
50409963939905,14:00:09.963,84.3100,100
50409964083781,14:00:09.964,84.3100,96
50409966330349,14:00:09.966,84.3200,165
50410876958449,14:00:10.876,84.3600,100
50410876998218,14:00:10.876,84.3700,86
50410877072747,14:00:10.877,84.3700,15
50413024413017,14:00:13.024,84.4600,100
50413121325823,14:00:13.121,84.4700,100
50413634618343,14:00:13.634,84.5500,29
50414527182694,14:00:14.527,84.5500,3
50414527182694,14:00:14.527,84.5500,96
50414528278172,14:00:14.528,84.5300,100
50414528279602,14:00:14.528,84.5300,19
50414528306471,14:00:14.528,84.5300,81
50414529478282,14:00:14.529,84.5200,20
50415244654995,14:00:15.244,84.4500,100
50415244654995,14:00:15.244,84.4500,100
50421772603299,14:00:21.772,84.4300,35
50421772623444,14:00:21.772,84.4300,65
50421772623444,14:00:21.772,84.4300,35
50421773975783,14:00:21.773,84.4400,100
50423321666727,14:00:23.321,84.4000,300
50423322097550,14:00:23.322,84.3700,300
50423322461738,14:00:23.322,84.3700,100
50423323343618,14:00:23.323,84.3700,100
50423324054922,14:00:23.324,84.3700,54
50423336074455,14:00:23.336,84.3100,100
50423336247668,14:00:23.336,84.3000,100
50423341516152,14:00:23.341,84.3200,100
50424927666593,14:00:24.927,84.2900,102
50424927669701,14:00:24.927,84.2900,40
50424927695455,14:00:24.927,84.2900,158
50424927695455,14:00:24.927,84.2900,200
50425644892900,14:00:25.644,84.2600,34
50425644900560,14:00:25.644,84.2600,100
50425644908199,14:00:25.644,84.2600,66
50425644908199,14:00:25.644,84.2700,76
50425644952563,14:00:25.644,84.2700,24
50425644952563,14:00:25.644,84.2700,76
50425645015111,14:00:25.645,84.2700,24
50427463455350,14:00:27.463,84.3100,200
50446517183963,14:00:46.517,84.2400,46
50447061110894,14:00:47.061,84.1900,100
50447061111308,14:00:47.061,84.1900,5
50457628984861,14:00:57.628,84.3300,100
50457628984861,14:00:57.628,84.3300,97
50457637699187,14:00:57.637,84.3600,100
50463089914626,14:01:03.089,84.3700,1
50464023203485,14:01:04.023,84.3700,100
