timestamp,time,price,volume
34200167660024,09:30:00.167,16.7500,2220
34500229092341,09:35:00.229,16.9000,5
34500229092341,09:35:00.229,16.9200,16
34501075482441,09:35:01.075,16.9200,2
34634917563672,09:37:14.917,16.7500,100
34634917563672,09:37:14.917,16.7500,100
34634917563672,09:37:14.917,16.7500,10
34634918129740,09:37:14.918,16.7400,700
34634918354349,09:37:14.918,16.7400,100
34634925048202,09:37:14.925,16.7200,100
34634925071348,09:37:14.925,16.7200,100
34634925072636,09:37:14.925,16.7200,100
34634925099269,09:37:14.925,16.7200,100
34634999690754,09:37:14.999,16.6800,100
34651160811394,09:37:31.160,16.7500,13
34696306451233,09:38:16.306,16.7400,22
34696306451233,09:38:16.306,16.7400,1
34696306451233,09:38:16.306,16.7400,10
34696306451233,09:38:16.306,16.7400,67
34696306487716,09:38:16.306,16.7400,7
34861179856952,09:41:01.179,16.8100,100
34952006226051,09:42:32.006,16.7600,100
34952006226051,09:42:32.006,16.7600,10
34952006226051,09:42:32.006,16.7600,50
34952006869585,09:42:32.006,16.7500,36
34952006884391,09:42:32.006,16.7500,64
34952007203599,09:42:32.007,16.7500,100
35085493943210,09:44:45.493,16.7700,2
35085493943210,09:44:45.493,16.7700,98
35085493973809,09:44:45.493,16.7700,2
35085494478356,09:44:45.494,16.7700,100
35085494513658,09:44:45.494,16.7700,100
35085494513658,09:44:45.494,16.7700,100
35097017241850,09:44:57.017,16.8000,42
35098528312017,09:44:58.528,16.8000,58
35180062023461,09:46:20.062,16.8000,98
35180062023461,09:46:20.062,16.8000,100
35180062023461,09:46:20.062,16.8000,100
35287062606264,09:48:07.062,16.7800,100
35287062606264,09:48:07.062,16.7800,200
35293372062377,09:48:13.372,16.7700,100
35732865482412,09:55:32.865,16.7000,200
35734904191225,09:55:34.904,16.7000,19
35734906794265,09:55:34.906,16.7000,81
35734907688060,09:55:34.907,16.7100,100
35734907688060,09:55:34.907,16.7100,100
35734907688060,09:55:34.907,16.7100,100
35734907688060,09:55:34.907,16.7100,100
35734907752639,09:55:34.907,16.7200,46
35739750062576,09:55:39.750,16.7000,19
35739750062576,09:55:39.750,16.6900,81
35739750372017,09:55:39.750,16.6900,19
35765019157807,09:56:05.019,16.6600,98
36066568056615,10:01:06.568,16.6600,26
36070315114528,10:01:10.315,16.6600,18
36070315222710,10:01:10.315,16.6600,18
36070315341755,10:01:10.315,16.6600,18
36070315348559,10:01:10.315,16.6600,20
36070315675216,10:01:10.315,16.6700,100
36162051915534,10:02:42.051,16.6600,19
36162051915534,10:02:42.051,16.6600,100
36162051915534,10:02:42.051,16.6600,25
36162052063367,10:02:42.052,16.6600,100
36162052249662,10:02:42.052,16.6600,100
36162061795840,10:02:42.061,16.6500,100
36166706826562,10:02:46.706,16.6500,66
36552749557988,10:09:12.749,16.5900,100
36552776790351,10:09:12.776,16.5900,30
36679700993552,10:11:19.700,16.5700,2
36713020071465,10:11:53.020,16.5300,100
36777505143811,10:12:57.505,16.5400,51
36777505239435,10:12:57.505,16.5400,49
36777505239435,10:12:57.505,16.5400,23
36777505239435,10:12:57.505,16.5400,100
36777505239435,10:12:57.505,16.5400,100
36777505239435,10:12:57.505,16.5400,100
37091685605844,10:18:11.685,16.5100,100
37135442720293,10:18:55.442,16.5100,32
37188949733082,10:19:48.949,16.5200,4
37188949733082,10:19:48.949,16.5200,100
37189362799915,10:19:49.362,16.5500,35
37189362799915,10:19:49.362,16.5500,65
37189362827701,10:19:49.362,16.5500,35
37200555560232,10:20:00.555,16.5400,100
37373282702323,10:22:53.282,16.5800,100
37373492862277,10:22:53.492,16.5800,100
37380397797565,10:23:00.397,16.5900,300
37380397797565,10:23:00.397,16.5900,100
37577182441029,10:26:17.182,16.6200,4
37577182466224,10:26:17.182,16.6200,96
37577182466224,10:26:17.182,16.6200,4
37655568892329,10:27:35.568,16.6200,100
37872331751529,10:31:12.331,16.6000,100
37872332231997,10:31:12.332,16.6000,29
37872332231997,10:31:12.332,16.6000,29
37936692606737,10:32:16.692,16.6400,100
38043082294757,10:34:03.082,16.6500,58
38139592572575,10:35:39.592,16.6600,100
38140429599382,10:35:40.429,16.6500,2
38251828016377,10:37:31.828,16.6400,73
38251828047090,10:37:31.828,16.6400,27
38251828047090,10:37:31.828,16.6400,100
38251828409657,10:37:31.828,16.6400,40
38334948882370,10:38:54.948,16.6400,2
38375843895330,10:39:35.843,16.6400,40
38375843895330,10:39:35.843,16.6400,5
38481563557684,10:41:21.563,16.6300,100
38481564104796,10:41:21.564,16.6300,100
38481564104796,10:41:21.564,16.6300,10
38481564104796,10:41:21.564,16.6300,90
38481564136212,10:41:21.564,16.6300,10
38521814107610,10:42:01.814,16.6200,100
38533611892560,10:42:13.611,16.6200,13
38576829819453,10:42:56.829,16.6300,25
38576829819453,10:42:56.829,16.6300,100
38576829819453,10:42:56.829,16.6300,100
38576829819453,10:42:56.829,16.6300,4
38576829819453,10:42:56.829,16.6300,100
38576829819453,10:42:56.829,16.6300,67
38576830236660,10:42:56.830,16.6300,22
38576830299330,10:42:56.830,16.6300,11
38576830330487,10:42:56.830,16.6300,67
38576830330487,10:42:56.830,16.6300,100
38576830404019,10:42:56.830,16.6300,33
38588016435986,10:43:08.016,16.6500,100
38605623753546,10:43:25.623,16.6600,100
38808135082625,10:46:48.135,16.6500,58
38896370581882,10:48:16.370,16.6500,300
38896370581882,10:48:16.370,16.6500,100
38896370823491,10:48:16.370,16.6500,30
38896370885562,10:48:16.370,16.6500,112
38984396526202,10:49:44.396,16.6700,4
38984396526202,10:49:44.396,16.6700,1
39226298097109,10:53:46.298,16.6700,100
39248968503910,10:54:08.968,16.6900,100
39248968503910,10:54:08.968,16.6900,200
39592850116807,10:59:52.850,16.6900,100
39699791636231,11:01:39.791,16.7000,100
39886277777151,11:04:46.277,16.7000,5
39886277777151,11:04:46.277,16.7000,11
39886277777151,11:04:46.277,16.7000,100
39886277777151,11:04:46.277,16.7000,100
39886277777151,11:04:46.277,16.7000,100
39886277863125,11:04:46.277,16.7000,100
39886278521444,11:04:46.278,16.7100,100
39886278521444,11:04:46.278,16.7100,10
39886278524127,11:04:46.278,16.7100,25
39886278524127,11:04:46.278,16.7100,100
39886279234892,11:04:46.279,16.7000,30
39886307884429,11:04:46.307,16.7000,80
39886307884429,11:04:46.307,16.7000,30
39886558002698,11:04:46.558,16.7100,100
39886559997207,11:04:46.559,16.7200,100
39886608776314,11:04:46.608,16.7100,95
40005174225398,11:06:45.174,16.7500,4
40088878761153,11:08:08.878,16.7500,100
40088878839712,11:08:08.878,16.7500,50
40507972848009,11:15:07.972,16.7600,100
40521430182425,11:15:21.430,16.7500,5
40521431629127,11:15:21.431,16.7400,100
40521432629381,11:15:21.432,16.7400,100
40546701757686,11:15:46.701,16.7500,100
40636888278342,11:17:16.888,16.7500,1
40663338996222,11:17:43.338,16.7500,1
40759762293574,11:19:19.762,16.7300,100
40934908162943,11:22:14.908,16.7100,100
40966592248423,11:22:46.592,16.7100,5
40966592950111,11:22:46.592,16.7100,100
40966592950111,11:22:46.592,16.7100,100
40972105402019,11:22:52.105,16.7200,2
40996066141789,11:23:16.066,16.7100,40
40996066141789,11:23:16.066,16.7000,60
41002186671436,11:23:22.186,16.7000,100
41008721273564,11:23:28.721,16.6900,100
41008721273564,11:23:28.721,16.6900,100
41054859374334,11:24:14.859,16.6800,100
41054859374334,11:24:14.859,16.6800,100
41056238710814,11:24:16.238,16.6700,3
41056238735642,11:24:16.238,16.6700,97
41056238736381,11:24:16.238,16.6700,97
41171239458961,11:26:11.239,16.6600,44
41178277399376,11:26:18.277,16.6800,100
41178277399376,11:26:18.277,16.6800,69
41233552860064,11:27:13.552,16.6700,100
41245081565492,11:27:25.081,16.6700,100
41245081565492,11:27:25.081,16.6700,100
41256753392760,11:27:36.753,16.6800,31
41256753392760,11:27:36.753,16.6800,100
41256753392760,11:27:36.753,16.6800,100
41256753392760,11:27:36.753,16.6800,100
41296110405914,11:28:16.110,16.6700,100
41388299486975,11:29:48.299,16.6600,31
41388299511476,11:29:48.299,16.6600,69
41400706116377,11:30:00.706,16.6500,100
41602971555804,11:33:22.971,16.6400,100
41602971796899,11:33:22.971,16.6400,39
41603163695497,11:33:23.163,16.6400,1
41604888303915,11:33:24.888,16.6500,13
41604888303915,11:33:24.888,16.6500,87
41604888636062,11:33:24.888,16.6500,13
41654417658340,11:34:14.417,16.6600,100
41654417658340,11:34:14.417,16.6600,100
41654417658340,11:34:14.417,16.6600,100
41654417658340,11:34:14.417,16.6600,100
41654417658340,11:34:14.417,16.6600,100
41654417658340,11:34:14.417,16.6600,100
41654418005609,11:34:14.418,16.6600,100
41654418007429,11:34:14.418,16.6600,100
41654418082373,11:34:14.418,16.6600,28
41654418315176,11:34:14.418,16.6600,5
41654418382069,11:34:14.418,16.6600,3
41711978617358,11:35:11.978,16.6500,26
41711978624564,11:35:11.978,16.6500,59
41711978643088,11:35:11.978,16.6500,15
41711978643088,11:35:11.978,16.6500,100
41713273189649,11:35:13.273,16.6400,100
41713273216118,11:35:13.273,16.6400,100
41713273216118,11:35:13.273,16.6400,100
41713273216118,11:35:13.273,16.6400,100
41713274389868,11:35:13.274,16.6400,1
41714273026093,11:35:14.273,16.6300,100
41714273052073,11:35:14.273,16.6300,100
41889301064159,11:38:09.301,16.6100,100
41889301064159,11:38:09.301,16.6100,200
41996494428006,11:39:56.494,16.6000,200
41997283320259,11:39:57.283,16.5900,100
41997283344961,11:39:57.283,16.5900,100
41997283344961,11:39:57.283,16.5900,100
42021408474010,11:40:21.408,16.5800,2
42200979276344,11:43:20.979,16.5700,100
42200979276344,11:43:20.979,16.5700,100
42241269797189,11:44:01.269,16.5700,100
42256265827000,11:44:16.265,16.5700,46
42256285631466,11:44:16.285,16.5800,100
42256287152152,11:44:16.287,16.5900,4
42256287152152,11:44:16.287,16.5900,100
42256290407356,11:44:16.290,16.5900,78
42256292113402,11:44:16.292,16.6000,1
42256292113402,11:44:16.292,16.6000,100
42348642512201,11:45:48.642,16.6000,100
42348642909095,11:45:48.642,16.6000,5
42348643579589,11:45:48.643,16.6000,100
42348645298656,11:45:48.645,16.6000,10
42355112553597,11:45:55.112,16.6000,17
42355112793614,11:45:55.112,16.6000,73
42361655627394,11:46:01.655,16.6100,4
42361656232891,11:46:01.656,16.6000,89
42667109265357,11:51:07.109,16.6000,11
42667109265357,11:51:07.109,16.6000,60
42667109265357,11:51:07.109,16.6000,29
42667109509195,11:51:07.109,16.6000,27
42667109575229,11:51:07.109,16.6000,39
42667109575229,11:51:07.109,16.6000,20
42698142713431,11:51:38.142,16.6000,80
42698142713431,11:51:38.142,16.6000,20
42781761770734,11:53:01.761,16.5900,100
42783496186210,11:53:03.496,16.5900,100
42785268938948,11:53:05.268,16.5800,4
42785270019902,11:53:05.270,16.5800,1
42785270019902,11:53:05.270,16.5800,3
42793496700580,11:53:13.496,16.5900,23
42793496700580,11:53:13.496,16.5900,100
42814084974522,11:53:34.084,16.5900,100
42814084974522,11:53:34.084,16.5900,100
42896243215159,11:54:56.243,16.5900,100
42897158143667,11:54:57.158,16.6000,12
42983140570778,11:56:23.140,16.5800,100
42992000410540,11:56:32.000,16.5900,7
43015511565796,11:56:55.511,16.5800,100
43052813659430,11:57:32.813,16.5700,1
43052813659430,11:57:32.813,16.5700,9
43052813659430,11:57:32.813,16.5700,100
43052813659430,11:57:32.813,16.5700,100
43052813659430,11:57:32.813,16.5700,90
43052813906859,11:57:32.813,16.5700,2
43053323236457,11:57:33.323,16.5600,100
43053323291607,11:57:33.323,16.5600,1
43053323291607,11:57:33.323,16.5600,100
43053323291607,11:57:33.323,16.5600,99
43053323361891,11:57:33.323,16.5600,1
43142380568521,11:59:02.380,16.5400,5
43142380568521,11:59:02.380,16.5400,95
43303539800300,12:01:43.539,16.5400,17
43303539800300,12:01:43.539,16.5400,5
43347015579168,12:02:27.015,16.5400,100
43347015610448,12:02:27.015,16.5400,100
43347015667123,12:02:27.015,16.5400,100
43347015689226,12:02:27.015,16.5400,100
43347015829323,12:02:27.015,16.5400,100
43347015839642,12:02:27.015,16.5400,100
43347709608064,12:02:27.709,16.5300,100
43347709608064,12:02:27.709,16.5300,100
43375003657003,12:02:55.003,16.5300,22
43377264598255,12:02:57.264,16.5500,100
43385496751187,12:03:05.496,16.5500,30
43385496751187,12:03:05.496,16.5500,70
43385496803063,12:03:05.496,16.5500,22
43404448404532,12:03:24.448,16.5600,100
43404448404532,12:03:24.448,16.5600,4
43404450613019,12:03:24.450,16.5600,100
43562879430145,12:06:02.879,16.5500,100
43562879430145,12:06:02.879,16.5500,100
43562880235862,12:06:02.880,16.5400,100
43601145501848,12:06:41.145,16.5400,100
43601145501848,12:06:41.145,16.5300,100
43601145501848,12:06:41.145,16.5300,100
43771198632670,12:09:31.198,16.5200,10
43771198632670,12:09:31.198,16.5200,100
43771198632670,12:09:31.198,16.5200,90
43976013464339,12:12:56.013,16.5400,100
43976013464339,12:12:56.013,16.5400,1
43976013464339,12:12:56.013,16.5400,100
43976013608648,12:12:56.013,16.5400,100
43981772639800,12:13:01.772,16.5400,100
44032289905681,12:13:52.289,16.5200,5
44032290799544,12:13:52.290,16.5200,4
44060801996831,12:14:20.801,16.5300,10
44098439599369,12:14:58.439,16.5200,1
44098439599369,12:14:58.439,16.5200,100
44160291585359,12:16:00.291,16.5100,20
44160291585359,12:16:00.291,16.5100,16
44195068101083,12:16:35.068,16.5100,84
44195068101083,12:16:35.068,16.5100,16
44195068128121,12:16:35.068,16.5100,84
44257684917078,12:17:37.684,16.5200,28
44257684943129,12:17:37.684,16.5200,72
44257684943129,12:17:37.684,16.5200,100
44257684943129,12:17:37.684,16.5200,100
44337591621753,12:18:57.591,16.5300,72
44358055847362,12:19:18.055,16.5200,100
44366288325415,12:19:26.288,16.5200,100
44387575043974,12:19:47.575,16.5300,100
44387575043974,12:19:47.575,16.5300,100
44387575043974,12:19:47.575,16.5300,100
44387575043974,12:19:47.575,16.5300,100
44387575043974,12:19:47.575,16.5300,100
44387575043974,12:19:47.575,16.5300,200
44387575170059,12:19:47.575,16.5300,100
44387580561360,12:19:47.580,16.5400,100
44387580561360,12:19:47.580,16.5400,100
44387580623576,12:19:47.580,16.5400,57
44457571759704,12:20:57.571,16.5600,33
44457571786249,12:20:57.571,16.5600,67
44550881862284,12:22:30.881,16.5900,100
44550881862284,12:22:30.881,16.5900,100
44768855852056,12:26:08.855,16.5800,100
44768855852056,12:26:08.855,16.5800,100
44773665985179,12:26:13.665,16.5700,100
44815628043734,12:26:55.628,16.5800,100
44815628108794,12:26:55.628,16.5800,100
44815628494773,12:26:55.628,16.5800,4
44815628716218,12:26:55.628,16.5800,100
44815628900498,12:26:55.628,16.5800,23
45340948499437,12:35:40.948,16.5800,100
45340948532125,12:35:40.948,16.5800,18
45340948532125,12:35:40.948,16.5800,82
45340951429762,12:35:40.951,16.5800,2
45368496483663,12:36:08.496,16.5800,100
45369497456063,12:36:09.497,16.5800,18
45369497456063,12:36:09.497,16.5800,82
45650737577351,12:40:50.737,16.5600,100
45650737577351,12:40:50.737,16.5600,100
45712739693432,12:41:52.739,16.5500,100
45712740127056,12:41:52.740,16.5500,100
45832190259996,12:43:52.190,16.5500,100
45890913760944,12:44:50.913,16.5400,100
45890913803210,12:44:50.913,16.5400,4
45890914281230,12:44:50.914,16.5400,96
45890914281230,12:44:50.914,16.5400,4
45890914314419,12:44:50.914,16.5400,4
45890914532763,12:44:50.914,16.5400,4
45890914626640,12:44:50.914,16.5400,4
45890915685832,12:44:50.915,16.5500,200
45890915685832,12:44:50.915,16.5500,100
45890915685832,12:44:50.915,16.5500,100
45890915685832,12:44:50.915,16.5500,6
45890915928185,12:44:50.915,16.5500,100
45890915930647,12:44:50.915,16.5500,100
45890915930647,12:44:50.915,16.5500,100
45890921724086,12:44:50.921,16.5700,100
46446038230180,12:54:06.038,16.5600,100
46534369368523,12:55:34.369,16.5600,100
46534369368523,12:55:34.369,16.5600,100
46534410775323,12:55:34.410,16.5600,100
46541106054930,12:55:41.106,16.5500,100
46548125104329,12:55:48.125,16.5500,100
46551497701264,12:55:51.497,16.5500,100
46551497701264,12:55:51.497,16.5500,100
46562301861803,12:56:02.301,16.5500,200
46562302600865,12:56:02.302,16.5600,100
46562302600865,12:56:02.302,16.5600,100
46562302638761,12:56:02.302,16.5600,100
46562304676193,12:56:02.304,16.5700,1
46562304676193,12:56:02.304,16.5700,99
46562305175937,12:56:02.305,16.5700,101
46562305175937,12:56:02.305,16.5700,100
46562305175937,12:56:02.305,16.5700,100
46562305175937,12:56:02.305,16.5700,100
46562305179591,12:56:02.305,16.5700,100
46562305179591,12:56:02.305,16.5700,100
46562305179591,12:56:02.305,16.5700,100
46582457383810,12:56:22.457,16.5900,100
46619089390546,12:56:59.089,16.6000,100
46834883827109,13:00:34.883,16.6000,100
46834887236334,13:00:34.887,16.6100,200
46834887236334,13:00:34.887,16.6100,100
46834887236334,13:00:34.887,16.6100,100
46834887236334,13:00:34.887,16.6100,100
46834888379937,13:00:34.888,16.6200,100
46834918771768,13:00:34.918,16.6100,100
46843232899920,13:00:43.232,16.6200,100
46843232899920,13:00:43.232,16.6200,100
46858929656003,13:00:58.929,16.6400,70
46858930034932,13:00:58.930,16.6400,30
47305210067904,13:08:25.210,16.6500,40
47305301191464,13:08:25.301,16.6500,60
47305301191464,13:08:25.301,16.6500,7
47305301580053,13:08:25.301,16.6500,93
47449034342190,13:10:49.034,16.6500,85
47449034342190,13:10:49.034,16.6500,4
47449034342190,13:10:49.034,16.6500,100
47449035334832,13:10:49.035,16.6400,100
47449609587395,13:10:49.609,16.6600,100
47626407793854,13:13:46.407,16.6500,100
47626407825338,13:13:46.407,16.6500,4
47626407825338,13:13:46.407,16.6500,10
47687473212049,13:14:47.473,16.6300,100
47688608608431,13:14:48.608,16.6300,100
47732019165389,13:15:32.019,16.6200,100
47732019165389,13:15:32.019,16.6200,100
47732019165389,13:15:32.019,16.6200,13
47882058397573,13:18:02.058,16.6200,87
47882058397573,13:18:02.058,16.6200,13
47995032204011,13:19:55.032,16.6300,86
47995032230696,13:19:55.032,16.6300,14
47995032230696,13:19:55.032,16.6300,100
47995032230696,13:19:55.032,16.6300,200
47995032230696,13:19:55.032,16.6300,100
47995033353583,13:19:55.033,16.6400,200
47995033353583,13:19:55.033,16.6400,100
47995033470558,13:19:55.033,16.6400,100
47995263519464,13:19:55.263,16.6600,13
48045962583653,13:20:45.962,16.6500,87
48135877244365,13:22:15.877,16.6700,100
48295859126363,13:24:55.859,16.6600,90
48295859153369,13:24:55.859,16.6600,10
48295859153369,13:24:55.859,16.6600,100
48902947402313,13:35:02.947,16.6600,100
49002339793964,13:36:42.339,16.6500,4
49002340645182,13:36:42.340,16.6500,5
49175250713950,13:39:35.250,16.6500,8
49175250713950,13:39:35.250,16.6500,92
49182544733628,13:39:42.544,16.6400,20
49182544733628,13:39:42.544,16.6400,80
49206181624939,13:40:06.181,16.6500,3
49278877986380,13:41:18.877,16.6400,44
49278877988850,13:41:18.877,16.6400,51
49278878322375,13:41:18.878,16.6400,5
49278878322375,13:41:18.878,16.6400,95
49278878363534,13:41:18.878,16.6400,5
49279879311401,13:41:19.879,16.6400,100
49485152543006,13:44:45.152,16.6300,8
49560277488725,13:46:00.277,16.6300,6
49560277514603,13:46:00.277,16.6300,194
49560277514603,13:46:00.277,16.6300,100
49560277514603,13:46:00.277,16.6300,98
49560277514603,13:46:00.277,16.6300,63
49560277514603,13:46:00.277,16.6300,1
49560277514603,13:46:00.277,16.6300,6
49560277516430,13:46:00.277,16.6300,94
49560278291598,13:46:00.278,16.6400,100
49560278294251,13:46:00.278,16.6400,100
49560280576753,13:46:00.280,16.6300,87
49564365329947,13:46:04.365,16.6300,100
49564662531927,13:46:04.662,16.6300,100
49574268822199,13:46:14.268,16.6400,100
49738106598144,13:48:58.106,16.6400,3
49812701617784,13:50:12.701,16.6300,100
49814363308174,13:50:14.363,16.6200,26
49918542042516,13:51:58.542,16.6300,100
50129153639256,13:55:29.153,16.6300,5
50173513456040,13:56:13.513,16.6200,100
50339427722897,13:58:59.427,16.6100,1
50339427722897,13:58:59.427,16.6100,99
50356130301844,13:59:16.130,16.6100,100
50402703206718,14:00:02.703,16.6300,10
50402703206718,14:00:02.703,16.6300,24
50403141845559,14:00:03.141,16.6400,28
50403142198578,14:00:03.142,16.6400,1
50403142202177,14:00:03.142,16.6400,71
50403142202177,14:00:03.142,16.6400,34
50403157851373,14:00:03.157,16.6400,66
50403157851373,14:00:03.157,16.6400,34
50403157884803,14:00:03.157,16.6400,66
50403202027496,14:00:03.202,16.6450,100
50407755159376,14:00:07.755,16.6400,4
50407755159376,14:00:07.755,16.6400,6
50413009997638,14:00:13.009,16.6500,40
50413011949527,14:00:13.011,16.6500,60
50413011949527,14:00:13.011,16.6500,40
50413012218182,14:00:13.012,16.6500,40
50413012302653,14:00:13.012,16.6500,20
50413012302653,14:00:13.012,16.6500,21
50415632948580,14:00:15.632,16.6400,100
50415632948580,14:00:15.632,16.6400,100
50415633420534,14:00:15.633,16.6300,100
50415633420534,14:00:15.633,16.6300,100
50415838301776,14:00:15.838,16.6400,100
50415838301776,14:00:15.838,16.6400,4
50434321191855,14:00:34.321,16.6300,100
50436286251075,14:00:36.286,16.6300,23
50436286251075,14:00:36.286,16.6300,100
50436286251075,14:00:36.286,16.6300,77
50436286374195,14:00:36.286,16.6300,23
50436286374195,14:00:36.286,16.6300,77
50436286404230,14:00:36.286,16.6300,23
50446911132725,14:00:46.911,16.6200,94
50446911212643,14:00:46.911,16.6200,6
50446911212643,14:00:46.911,16.6200,74
50471613974744,14:01:11.613,16.6400,100
50609486477563,14:03:29.486,16.6500,100
50609995523818,14:03:29.995,16.6500,100
50609995523818,14:03:29.995,16.6500,4
50701025306942,14:05:01.025,16.6900,24
50701025306942,14:05:01.025,16.6900,16
50701025315469,14:05:01.025,16.6900,81
50701025489264,14:05:01.025,16.6900,3
50996646124043,14:09:56.646,16.6800,100
50996646124043,14:09:56.646,16.6800,100
50996646124043,14:09:56.646,16.6800,21
50996646716236,14:09:56.646,16.6700,1
50996646716236,14:09:56.646,16.6700,100
50996647226401,14:09:56.647,16.6700,100
51057086952595,14:10:57.086,16.6700,12
51057086978705,14:10:57.086,16.6700,88
51081151327900,14:11:21.151,16.6800,100
51081151327900,14:11:21.151,16.6800,100
51081151404981,14:11:21.151,16.6800,80
51087244536679,14:11:27.244,16.6800,100
51167381900177,14:12:47.381,16.6900,80
51167382253984,14:12:47.382,16.6900,120
51177460476819,14:12:57.460,16.7000,100
51177460476819,14:12:57.460,16.7000,100
51231507858321,14:13:51.507,16.7100,100
51343727630319,14:15:43.727,16.7000,80
51343727677981,14:15:43.727,16.7000,20
51343728673174,14:15:43.728,16.6900,100
51364790140690,14:16:04.790,16.6900,100
51364790140690,14:16:04.790,16.6900,200
51386662160379,14:16:26.662,16.7100,100
51386662160379,14:16:26.662,16.7100,4
51415019661507,14:16:55.019,16.7300,100
51415019688342,14:16:55.019,16.7300,10
51415036363362,14:16:55.036,16.7200,100
51441764412440,14:17:21.764,16.7000,100
51654290568035,14:20:54.290,16.6700,100
51654290568035,14:20:54.290,16.6700,100
51654290568035,14:20:54.290,16.6700,100
51654290678117,14:20:54.290,16.6700,100
51654325289838,14:20:54.325,16.6800,100
51654325289838,14:20:54.325,16.6800,200
51661288328525,14:21:01.288,16.6800,100
51677124754186,14:21:17.124,16.6800,15
51677124754186,14:21:17.124,16.6800,85
51963156818841,14:26:03.156,16.6400,100
52110605507800,14:28:30.605,16.6100,100
52207281585731,14:30:07.281,16.6100,100
52207281585731,14:30:07.281,16.6100,100
52299446733108,14:31:39.446,16.6000,2
52326405433885,14:32:06.405,16.6100,100
52326405433885,14:32:06.405,16.6100,36
52326405933713,14:32:06.405,16.6100,64
52326405933713,14:32:06.405,16.6100,1
52368439280207,14:32:48.439,16.6100,200
52368439280207,14:32:48.439,16.6100,4
52368439280207,14:32:48.439,16.6100,100
52368439280207,14:32:48.439,16.6100,100
52368439280207,14:32:48.439,16.6100,100
52368439280207,14:32:48.439,16.6100,200
52368439280207,14:32:48.439,16.6200,100
52368439280207,14:32:48.439,16.6200,100
52368439280207,14:32:48.439,16.6200,200
52368541595528,14:32:48.541,16.6300,26
52368541596162,14:32:48.541,16.6300,26
52368541722966,14:32:48.541,16.6300,48
52398117976862,14:33:18.117,16.6500,26
52398117976862,14:33:18.117,16.6500,200
52398117976862,14:33:18.117,16.6500,100
52398117976862,14:33:18.117,16.6500,200
52398117976862,14:33:18.117,16.6500,100
52398117976862,14:33:18.117,16.6500,800
52398117976862,14:33:18.117,16.6500,100
52398117976862,14:33:18.117,16.6600,100
52398117976862,14:33:18.117,16.6600,100
52398117976862,14:33:18.117,16.6600,100
52398117976862,14:33:18.117,16.6600,100
52398118174170,14:33:18.118,16.6500,100
52403641954822,14:33:23.641,16.6600,100
52403641954822,14:33:23.641,16.6600,36
52403642010512,14:33:23.642,16.6700,30
52403642086597,14:33:23.642,16.6600,30
52419651201557,14:33:39.651,16.6600,80
52419651201557,14:33:39.651,16.6600,20
52419651260040,14:33:39.651,16.6600,80
52419651260040,14:33:39.651,16.6600,20
52419651292354,14:33:39.651,16.6600,30
52419651292354,14:33:39.651,16.6600,70
52419651312871,14:33:39.651,16.6600,30
52419651312871,14:33:39.651,16.6600,70
52419651427871,14:33:39.651,16.6600,30
52419988652005,14:33:39.988,16.6500,91
52419988652005,14:33:39.988,16.6500,100
52419988652005,14:33:39.988,16.6500,100
52419988652005,14:33:39.988,16.6500,5
52419991105310,14:33:39.991,16.6300,100
52419991398576,14:33:39.991,16.6300,100
52419991398576,14:33:39.991,16.6200,400
52420292799168,14:33:40.292,16.6100,100
52432224601835,14:33:52.224,16.6400,100
52432224601835,14:33:52.224,16.6400,200
52432224601835,14:33:52.224,16.6400,378
52574363586189,14:36:14.363,16.6400,100
52574363586189,14:36:14.363,16.6400,100
52574363586189,14:36:14.363,16.6400,100
52574363586189,14:36:14.363,16.6400,100
52574363586189,14:36:14.363,16.6400,100
52574365029985,14:36:14.365,16.6500,100
52574365091046,14:36:14.365,16.6500,100
52574365253035,14:36:14.365,16.6500,100
52576824273106,14:36:16.824,16.6500,100
52576824273106,14:36:16.824,16.6500,100
52576824273106,14:36:16.824,16.6500,100
52576824273106,14:36:16.824,16.6500,100
52576824273106,14:36:16.824,16.6600,100
52576824273106,14:36:16.824,16.6600,100
52576824273106,14:36:16.824,16.6600,100
52593640992494,14:36:33.640,16.6700,100
52655467121715,14:37:35.467,16.7000,200
52655467121715,14:37:35.467,16.7000,100
52764899053882,14:39:24.899,16.6900,85
52764899079091,14:39:24.899,16.6900,15
52933733969950,14:42:13.733,16.6900,100
52956169688861,14:42:36.169,16.6900,5
53015961017342,14:43:35.961,16.7100,76
53015961120570,14:43:35.961,16.7100,76
53015961210060,14:43:35.961,16.7100,48
53015961210060,14:43:35.961,16.7100,4
53015961210060,14:43:35.961,16.7100,24
53015961381223,14:43:35.961,16.7100,76
53015961460748,14:43:35.961,16.7100,24
53015961494073,14:43:35.961,16.7100,52
53034404884533,14:43:54.404,16.6900,100
53034404884533,14:43:54.404,16.6900,100
53034404884533,14:43:54.404,16.6900,7
53034404884533,14:43:54.404,16.6900,100
53034404887887,14:43:54.404,16.6800,3
53034404887887,14:43:54.404,16.6800,100
53034404887887,14:43:54.404,16.6800,88
53034404887887,14:43:54.404,16.6800,12
53034404887887,14:43:54.404,16.6700,100
53034404887887,14:43:54.404,16.6700,50
53045298745857,14:44:05.298,16.6600,20
53045298745857,14:44:05.298,16.6600,100
53096446789259,14:44:56.446,16.6700,200
53096446789259,14:44:56.446,16.6700,100
53096447049122,14:44:56.447,16.6700,100
53096447220791,14:44:56.447,16.6700,100
53116778318191,14:45:16.778,16.6500,100
53116778318191,14:45:16.778,16.6500,1
53116778318191,14:45:16.778,16.6500,99
53188265682223,14:46:28.265,16.6600,100
53188265682223,14:46:28.265,16.6600,200
53188265682223,14:46:28.265,16.6600,100
53188265682223,14:46:28.265,16.6600,100
53216275120145,14:46:56.275,16.6700,1
53216275120145,14:46:56.275,16.6700,4
53294680862352,14:48:14.680,16.6700,100
53294681220131,14:48:14.681,16.6700,10
53420585917551,14:50:20.585,16.6600,100
53452697687965,14:50:52.697,16.6400,100
53470379128479,14:51:10.379,16.6500,100
53524734080339,14:52:04.734,16.6500,100
53524734080339,14:52:04.734,16.6500,100
53524734080339,14:52:04.734,16.6500,100
53542006137591,14:52:22.006,16.6600,12
53591522288762,14:53:11.522,16.6700,35
53634562800938,14:53:54.562,16.6800,100
53634565886780,14:53:54.565,16.6900,4
53672378446459,14:54:32.378,16.7000,15
53672378446459,14:54:32.378,16.7000,100
53672378446459,14:54:32.378,16.7000,100
53672378739889,14:54:32.378,16.7000,100
53672378739889,14:54:32.378,16.7000,87
53672378767209,14:54:32.378,16.7000,13
53672378818999,14:54:32.378,16.7000,32
53672380136063,14:54:32.380,16.7000,100
53674697900344,14:54:34.697,16.6900,100
53674699370159,14:54:34.699,16.6900,100
53674700800728,14:54:34.700,16.6900,100
53704282148375,14:55:04.282,16.6900,2
53708335434699,14:55:08.335,16.6900,40
53784555681234,14:56:24.555,16.6900,2
53825898002874,14:57:05.898,16.6900,68
53848405795534,14:57:28.405,16.6900,41
53895498749131,14:58:15.498,16.7000,100
54015945148259,15:00:15.945,16.6800,5
54015945148259,15:00:15.945,16.6800,7
54015945656192,15:00:15.945,16.6800,100
54062220180332,15:01:02.220,16.6800,6
54062220180332,15:01:02.220,16.6800,100
54192304896709,15:03:12.304,16.6600,2
54192307672720,15:03:12.307,16.6600,98
54272479628439,15:04:32.479,16.6400,17
54272479629768,15:04:32.479,16.6400,73
54272584447360,15:04:32.584,16.6400,10
54272584447360,15:04:32.584,16.6400,19
54284426183684,15:04:44.426,16.6400,81
54284426183684,15:04:44.426,16.6400,19
54284426183684,15:04:44.426,16.6400,2
54303112984967,15:05:03.112,16.6400,298
54303714238260,15:05:03.714,16.6400,100
54317612494835,15:05:17.612,16.6500,30
54436510956706,15:07:16.510,16.6300,50
54436510956706,15:07:16.510,16.6300,98
54436510956706,15:07:16.510,16.6300,52
54436510990915,15:07:16.510,16.6300,33
54436510990915,15:07:16.510,16.6300,24
54437284246180,15:07:17.284,16.6200,100
54437673093288,15:07:17.673,16.6300,30
54600251247337,15:10:00.251,16.6100,100
54600251295294,15:10:00.251,16.6100,6
54609076690557,15:10:09.076,16.6100,100
54609076690557,15:10:09.076,16.6100,100
54609338398202,15:10:09.338,16.6100,100
54668917660724,15:11:08.917,16.5900,100
54680752057889,15:11:20.752,16.5900,100
54735316025431,15:12:15.316,16.5800,2
54806930410268,15:13:26.930,16.5800,100
54812772996711,15:13:32.772,16.5900,100
54812772996711,15:13:32.772,16.5900,100
54812772996711,15:13:32.772,16.5900,200
54812773591928,15:13:32.773,16.6000,100
54812773616261,15:13:32.773,16.6000,5
54830566250594,15:13:50.566,16.6000,100
54837344890926,15:13:57.344,16.6050,49
54913636645284,15:15:13.636,16.6100,35
54931908217468,15:15:31.908,16.6200,66
54931908242876,15:15:31.908,16.6200,34
54931908242876,15:15:31.908,16.6200,4
54931908242876,15:15:31.908,16.6200,13
54982003453760,15:16:22.003,16.6300,2
55050834272211,15:17:30.834,16.6100,100
55054875778085,15:17:34.875,16.6000,88
55054875778085,15:17:34.875,16.6000,12
55127424367375,15:18:47.424,16.6100,3
55175520918595,15:19:35.520,16.6100,97
55175520918595,15:19:35.520,16.6100,1
55175520918595,15:19:35.520,16.6100,100
55175520918595,15:19:35.520,16.6100,3
55175520918595,15:19:35.520,16.6100,100
55175523167155,15:19:35.523,16.6200,100
55175523167155,15:19:35.523,16.6200,100
55180972748200,15:19:40.972,16.6000,100
55250518239632,15:20:50.518,16.6000,100
55250518239632,15:20:50.518,16.6000,3
55250518239632,15:20:50.518,16.5900,100
55250518239632,15:20:50.518,16.5900,88
55250518239632,15:20:50.518,16.5900,100
55250518239632,15:20:50.518,16.5900,23
55250518239632,15:20:50.518,16.5900,100
55250518239632,15:20:50.518,16.5900,100
55250518239632,15:20:50.518,16.5900,100
55250518239632,15:20:50.518,16.5900,100
55250518239632,15:20:50.518,16.5800,100
55250518239632,15:20:50.518,16.5700,5
55250518239632,15:20:50.518,16.5600,100
55250518239632,15:20:50.518,16.5600,100
55250518239632,15:20:50.518,16.5600,100
55250519944075,15:20:50.519,16.5600,100
55250519944075,15:20:50.519,16.5600,100
55250519944075,15:20:50.519,16.5600,20
55250519944075,15:20:50.519,16.5600,100
55250519944075,15:20:50.519,16.5600,100
55250519944075,15:20:50.519,16.5600,100
55250519944075,15:20:50.519,16.5600,300
55250520207809,15:20:50.520,16.5500,300
55250520207809,15:20:50.520,16.5500,300
55250520207809,15:20:50.520,16.5500,88
55250520766998,15:20:50.520,16.5500,30
55250520797876,15:20:50.520,16.5500,70
55250522040918,15:20:50.522,16.5600,38
55252144867016,15:20:52.144,16.5500,400
55252144867016,15:20:52.144,16.5500,100
55252144867016,15:20:52.144,16.5500,100
55252144867016,15:20:52.144,16.5500,100
55252144867016,15:20:52.144,16.5500,100
55252144867016,15:20:52.144,16.5500,100
55252144867016,15:20:52.144,16.5500,100
55252144867016,15:20:52.144,16.5500,100
55252144867016,15:20:52.144,16.5500,1000
55252316360411,15:20:52.316,16.5400,100
55252316360411,15:20:52.316,16.5400,100
55253318886538,15:20:53.318,16.5400,100
55253319557603,15:20:53.319,16.5500,100
55253319557603,15:20:53.319,16.5500,100
55253932113097,15:20:53.932,16.5500,100
55253932113097,15:20:53.932,16.5500,100
55253932113097,15:20:53.932,16.5500,300
55253932113097,15:20:53.932,16.5500,100
55254318416141,15:20:54.318,16.5400,100
55254318416141,15:20:54.318,16.5500,100
55254319572729,15:20:54.319,16.5400,100
55254319604897,15:20:54.319,16.5500,100
55254320397462,15:20:54.320,16.5400,100
55254320397462,15:20:54.320,16.5400,100
55259344304208,15:20:59.344,16.5500,200
55259344304208,15:20:59.344,16.5500,82
55259344936359,15:20:59.344,16.5500,100
55262663776051,15:21:02.663,16.5400,100
55262663776051,15:21:02.663,16.5400,100
55262663776051,15:21:02.663,16.5400,1
55262663776051,15:21:02.663,16.5400,99
55312839900567,15:21:52.839,16.5300,91
55312839900567,15:21:52.839,16.5300,100
55312839900567,15:21:52.839,16.5300,100
55312839900567,15:21:52.839,16.5300,200
55312840699182,15:21:52.840,16.5200,100
55312840699182,15:21:52.840,16.5200,100
55312840787274,15:21:52.840,16.5200,100
55336949081511,15:22:16.949,16.5100,100
55336949753580,15:22:16.949,16.5000,100
55336949753580,15:22:16.949,16.5000,100
55336950156712,15:22:16.950,16.4900,100
55377135851781,15:22:57.135,16.5000,2
55465199112747,15:24:25.199,16.4900,53
55508760613755,15:25:08.760,16.4900,47
55508760613755,15:25:08.760,16.4900,100
55508760613755,15:25:08.760,16.4900,21
55508760639249,15:25:08.760,16.4900,6
55508760801403,15:25:08.760,16.4900,73
55508760801403,15:25:08.760,16.4900,27
55508760934564,15:25:08.760,16.4900,73
55508760934564,15:25:08.760,16.4900,27
55509316652783,15:25:09.316,16.4800,100
55509316652783,15:25:09.316,16.4800,100
55509316652783,15:25:09.316,16.4800,100
55509316652783,15:25:09.316,16.4800,100
55514852375029,15:25:14.852,16.4800,100
55514854814028,15:25:14.854,16.4800,100
55588587000316,15:26:28.587,16.4800,200
55588588291724,15:26:28.588,16.4800,100
55588588333654,15:26:28.588,16.4800,100
55588588333654,15:26:28.588,16.4800,100
55588616110334,15:26:28.616,16.4800,100
55615415244269,15:26:55.415,16.4700,100
55615632959029,15:26:55.632,16.4600,100
55615632959029,15:26:55.632,16.4600,100
55615632959029,15:26:55.632,16.4600,100
55673134145890,15:27:53.134,16.4600,3
55745381681667,15:29:05.381,16.4500,100
55758375632751,15:29:18.375,16.4400,100
55758375632751,15:29:18.375,16.4400,100
55759324365769,15:29:19.324,16.4300,100
55760338782960,15:29:20.338,16.4200,40
55761379500314,15:29:21.379,16.4200,95
55761380182800,15:29:21.380,16.4300,100
55761380182800,15:29:21.380,16.4300,100
55761380182800,15:29:21.380,16.4300,10
55761380182800,15:29:21.380,16.4300,100
55761380812755,15:29:21.380,16.4400,2
55762323534104,15:29:22.323,16.4300,100
55767661873682,15:29:27.661,16.4300,100
55767661873682,15:29:27.661,16.4300,100
55865410540619,15:31:05.410,16.4300,100
55865411265352,15:31:05.411,16.4200,100
55875414253333,15:31:15.414,16.4300,4
55875885501561,15:31:15.885,16.4300,90
55876683706515,15:31:16.683,16.4300,10
55876683706515,15:31:16.683,16.4300,174
55876683864581,15:31:16.683,16.4300,26
55882206165967,15:31:22.206,16.4200,100
55946616431709,15:32:26.616,16.4100,100
55946616458992,15:32:26.616,16.4100,100
55946616458992,15:32:26.616,16.4100,100
55946616458992,15:32:26.616,16.4100,9
56044267286562,15:34:04.267,16.4050,100
56044267286562,15:34:04.267,16.4050,100
56044267286562,15:34:04.267,16.4100,100
56044267286562,15:34:04.267,16.4100,100
56044267286562,15:34:04.267,16.4100,100
56044267286562,15:34:04.267,16.4100,1
56044267289887,15:34:04.267,16.4100,100
56044267289887,15:34:04.267,16.4100,100
56044268752668,15:34:04.268,16.4100,100
56044268752668,15:34:04.268,16.4100,100
56044295246346,15:34:04.295,16.4100,44
56044295270282,15:34:04.295,16.4100,30
56044681987645,15:34:04.681,16.4000,100
56044681987645,15:34:04.681,16.4000,100
56044681987645,15:34:04.681,16.4000,100
56044681987645,15:34:04.681,16.4000,35
56044681987645,15:34:04.681,16.4000,100
56050098583488,15:34:10.098,16.4100,2
56050098687049,15:34:10.098,16.4100,24
56053070026279,15:34:13.070,16.4000,1
56141326085626,15:35:41.326,16.4000,100
56141326085626,15:35:41.326,16.4000,100
56141326085626,15:35:41.326,16.4000,100
56141326085626,15:35:41.326,16.4000,13
56141326085626,15:35:41.326,16.4000,100
56141326618573,15:35:41.326,16.4100,52
56162603752400,15:36:02.603,16.4100,4
56162672913058,15:36:02.672,16.4000,4
56162672940498,15:36:02.672,16.4000,96
56162672940498,15:36:02.672,16.4000,100
56162672940498,15:36:02.672,16.4000,100
56162672940498,15:36:02.672,16.4000,100
56162672940498,15:36:02.672,16.4000,1
56168621742479,15:36:08.621,16.3900,100
56168621766816,15:36:08.621,16.3900,100
56168621768099,15:36:08.621,16.3900,100
56168621911059,15:36:08.621,16.3800,94
56168621911059,15:36:08.621,16.3800,6
56168622769418,15:36:08.622,16.3800,100
56168776208234,15:36:08.776,16.3700,100
56170672390546,15:36:10.672,16.3600,6
56170672414898,15:36:10.672,16.3600,82
56170672414898,15:36:10.672,16.3600,100
56171147518595,15:36:11.147,16.3600,70
56196155405828,15:36:36.155,16.3500,35
56196155555675,15:36:36.155,16.3500,1
56196203404838,15:36:36.203,16.3450,100
56197691323693,15:36:37.691,16.3400,100
56216251695553,15:36:56.251,16.3400,70
56262629079817,15:37:42.629,16.3400,100
56288766714094,15:38:08.766,16.3400,2
56367025776038,15:39:27.025,16.3400,3
56379698734898,15:39:39.698,16.3300,100
56379698734898,15:39:39.698,16.3300,10
56379698734898,15:39:39.698,16.3300,90
56380096230098,15:39:40.096,16.3300,10
56380096230098,15:39:40.096,16.3300,90
56380096271855,15:39:40.096,16.3300,10
56380096271855,15:39:40.096,16.3300,1
56380096271855,15:39:40.096,16.3300,100
56430460268835,15:40:30.460,16.3200,100
56430460268835,15:40:30.460,16.3200,100
56430460268835,15:40:30.460,16.3200,78
56430988835351,15:40:30.988,16.3000,25
56433699127564,15:40:33.699,16.2900,5
56433699127564,15:40:33.699,16.2900,8
56469171264575,15:41:09.171,16.2900,3
56469171291710,15:41:09.171,16.2900,68
56469171291710,15:41:09.171,16.2900,45
56469171291710,15:41:09.171,16.2900,34
56469171291710,15:41:09.171,16.2900,300
56469173410650,15:41:09.173,16.3000,433
56469174317825,15:41:09.174,16.3000,4
56469174358712,15:41:09.174,16.3000,16
56469395491406,15:41:09.395,16.3000,47
56469395491406,15:41:09.395,16.3000,400
56469395491406,15:41:09.395,16.3000,100
56469395491406,15:41:09.395,16.3000,53
56469395521687,15:41:09.395,16.3000,47
56469398456912,15:41:09.398,16.3000,97
56469715301123,15:41:09.715,16.3100,100
56469716513683,15:41:09.716,16.3200,100
56571533244016,15:42:51.533,16.3100,90
56736260504008,15:45:36.260,16.3200,200
56736260504008,15:45:36.260,16.3200,100
56736260504008,15:45:36.260,16.3200,100
56736260504008,15:45:36.260,16.3200,24
56736260504008,15:45:36.260,16.3200,76
56736260572731,15:45:36.260,16.3200,24
56736260572731,15:45:36.260,16.3200,1
56736260572731,15:45:36.260,16.3200,71
56736260572731,15:45:36.260,16.3200,100
56736260605040,15:45:36.260,16.3200,100
56736261010755,15:45:36.261,16.3200,100
56736261012013,15:45:36.261,16.3200,100
56745896750147,15:45:45.896,16.3300,3
56898616883927,15:48:18.616,16.3300,3
56903666432133,15:48:23.666,16.3250,100
56926007568698,15:48:46.007,16.3200,200
56926007568698,15:48:46.007,16.3200,100
56926007568698,15:48:46.007,16.3200,100
56926007568698,15:48:46.007,16.3200,100
56926007568698,15:48:46.007,16.3200,100
56926007568698,15:48:46.007,16.3200,300
56926007568698,15:48:46.007,16.3200,1
56926008528495,15:48:46.008,16.3150,60
56927344902528,15:48:47.344,16.3150,40
56927344902528,15:48:47.344,16.3100,100
56927344902528,15:48:47.344,16.3100,60
56927344931264,15:48:47.344,16.3100,40
56933106769789,15:48:53.106,16.3100,100
56952311109972,15:49:12.311,16.3300,94
56952311109972,15:49:12.311,16.3300,6
56952311360617,15:49:12.311,16.3300,194
56952311360617,15:49:12.311,16.3300,100
56952311360617,15:49:12.311,16.3300,79
56952311605255,15:49:12.311,16.3300,21
56952311605255,15:49:12.311,16.3300,100
56952311605255,15:49:12.311,16.3300,100
56952311605255,15:49:12.311,16.3300,100
56952311605255,15:49:12.311,16.3300,56
56952311864654,15:49:12.311,16.3300,36
56952311887020,15:49:12.311,16.3300,4
56959886754010,15:49:19.886,16.3400,100
56959886754010,15:49:19.886,16.3400,100
56961856982649,15:49:21.856,16.3400,100
56961856982649,15:49:21.856,16.3400,100
56980555844076,15:49:40.555,16.3350,100
56980555844076,15:49:40.555,16.3300,100
56987326138388,15:49:47.326,16.3300,100
56993057511880,15:49:53.057,16.3300,100
57004613404107,15:50:04.613,16.3400,5
57032409580985,15:50:32.409,16.3300,100
57032409969033,15:50:32.409,16.3300,100
57032409969033,15:50:32.409,16.3300,100
57032409969033,15:50:32.409,16.3300,100
57032409998961,15:50:32.409,16.3300,10
57073944731527,15:51:13.944,16.3300,1
57073945363888,15:51:13.945,16.3300,49
57073945498621,15:51:13.945,16.3300,50
57073945498621,15:51:13.945,16.3300,10
57073945498621,15:51:13.945,16.3300,100
57073945498621,15:51:13.945,16.3300,39
57073945539131,15:51:13.945,16.3300,61
57073945539131,15:51:13.945,16.3300,19
57073945616811,15:51:13.945,16.3300,80
57073945727868,15:51:13.945,16.3300,1
57073945727868,15:51:13.945,16.3300,79
57073945786894,15:51:13.945,16.3300,21
57073945786894,15:51:13.945,16.3300,59
57073946018327,15:51:13.946,16.3300,80
57094351823673,15:51:34.351,16.3250,4
57143224498488,15:52:23.224,16.3200,100
57143224498488,15:52:23.224,16.3200,100
57143224498488,15:52:23.224,16.3200,100
57143224498488,15:52:23.224,16.3200,100
57157253096673,15:52:37.253,16.3100,10
57157253096673,15:52:37.253,16.3100,84
57157253096673,15:52:37.253,16.3100,100
57178675401812,15:52:58.675,16.3000,10
57178675401812,15:52:58.675,16.3000,90
57179378754028,15:52:59.378,16.3000,3
57240773337524,15:54:00.773,16.2900,79
57240773337524,15:54:00.773,16.2900,200
57240773337524,15:54:00.773,16.2900,3
57240773671647,15:54:00.773,16.2900,97
57240773671647,15:54:00.773,16.2900,1
57249484201537,15:54:09.484,16.2800,5
57249484201537,15:54:09.484,16.2800,2
57249484201537,15:54:09.484,16.2800,1
57252005056744,15:54:12.005,16.2900,3
57252005952504,15:54:12.005,16.2850,100
57252005952504,15:54:12.005,16.2900,67
57252005952504,15:54:12.005,16.2900,83
57265299334894,15:54:25.299,16.2900,17
57265299334894,15:54:25.299,16.2900,83
57265299651443,15:54:25.299,16.2900,17
57265299651443,15:54:25.299,16.2900,100
57265299651443,15:54:25.299,16.2900,100
57265301114188,15:54:25.301,16.2900,100
57265301156065,15:54:25.301,16.2900,100
57265301156065,15:54:25.301,16.2900,1
57295868199535,15:54:55.868,16.2900,100
57295868199535,15:54:55.868,16.2900,100
57300000782470,15:55:00.000,16.2900,69
57302002873812,15:55:02.002,16.3000,1
57302002873812,15:55:02.002,16.3000,2
57361283518859,15:56:01.283,16.2950,100
57368169093107,15:56:08.169,16.2950,4
57378300263432,15:56:18.300,16.2950,37
57397200882507,15:56:37.200,16.2950,100
57398528642720,15:56:38.528,16.2950,47
57432432079164,15:57:12.432,16.2950,100
57432432079164,15:57:12.432,16.2900,32
57432432079164,15:57:12.432,16.2900,1100
57432432079164,15:57:12.432,16.2900,100
57432432079164,15:57:12.432,16.2900,100
57432432079164,15:57:12.432,16.2900,400
57432432079164,15:57:12.432,16.2900,100
57432432079164,15:57:12.432,16.2900,100
57432432079164,15:57:12.432,16.2900,100
57432432079164,15:57:12.432,16.2900,100
57432432079164,15:57:12.432,16.2900,100
57432432079164,15:57:12.432,16.2900,100
57432432079164,15:57:12.432,16.2900,100
57432432079164,15:57:12.432,16.2900,100
57432432079164,15:57:12.432,16.2900,207
57432432225452,15:57:12.432,16.2900,45
57432432225452,15:57:12.432,16.2900,107
57432432225452,15:57:12.432,16.2900,33
57432433064736,15:57:12.433,16.2800,100
57432433107862,15:57:12.433,16.2800,100
57432433107862,15:57:12.433,16.2800,12
57433926511590,15:57:13.926,16.2750,5
57433927674691,15:57:13.927,16.2750,5
57439204205963,15:57:19.204,16.2800,1
57449487078042,15:57:29.487,16.2750,100
57453773425746,15:57:33.773,16.2800,1
57458926351048,15:57:38.926,16.2750,21
57462352990519,15:57:42.352,16.2750,100
57466986120431,15:57:46.986,16.2800,1
57479079003783,15:57:59.079,16.2800,1
57481655067608,15:58:01.655,16.2750,67
57491846245042,15:58:11.846,16.2800,1
57503088854125,15:58:23.088,16.2750,12
57503088854125,15:58:23.088,16.2750,88
57503902516498,15:58:23.902,16.2800,95
57503902516498,15:58:23.902,16.2800,200
57503902516498,15:58:23.902,16.2800,5
57504653120655,15:58:24.653,16.2800,1
57508487134820,15:58:28.487,16.2800,94
57508487134820,15:58:28.487,16.2800,100
57508487134820,15:58:28.487,16.2800,8
57508517406882,15:58:28.517,16.2800,92
57508521310116,15:58:28.521,16.2850,100
57512341284395,15:58:32.341,16.2900,1
57517122236788,15:58:37.122,16.2900,10
57522273845922,15:58:42.273,16.2850,100
57524460434023,15:58:44.460,16.2900,1
57540928271906,15:59:00.928,16.2900,100
57542395189537,15:59:02.395,16.2900,1
57546035772538,15:59:06.035,16.2900,89
57546035772538,15:59:06.035,16.2900,11
57546035802135,15:59:06.035,16.2900,58
57546035802135,15:59:06.035,16.2900,11
57546037348383,15:59:06.037,16.2900,67
57546185425399,15:59:06.185,16.2900,31
57546559414077,15:59:06.559,16.3000,100
57547364410341,15:59:07.364,16.3000,69
57547364446938,15:59:07.364,16.3000,31
57548365352074,15:59:08.365,16.3000,100
57549366309848,15:59:09.366,16.3000,100
57555576243138,15:59:15.576,16.3200,1
57556192896375,15:59:16.192,16.3150,100
57557690986690,15:59:17.690,16.3150,100
57562588110995,15:59:22.588,16.3200,1
57570682850245,15:59:30.682,16.3150,8
57570885132454,15:59:30.885,16.3150,100
57571899883863,15:59:31.899,16.3200,1
57573798610388,15:59:33.798,16.3200,200
57574161559118,15:59:34.161,16.3200,23
57579304646429,15:59:39.304,16.3150,73
57579305086927,15:59:39.305,16.3150,100
57579305249382,15:59:39.305,16.3150,14
57583065014234,15:59:43.065,16.3200,100
57583769558163,15:59:43.769,16.3200,100
57583873855319,15:59:43.873,16.3200,20
57586808518333,15:59:46.808,16.3200,1
57587019488534,15:59:47.019,16.3200,15
57587038370312,15:59:47.038,16.3200,138
57587038370312,15:59:47.038,16.3200,116
57587038370312,15:59:47.038,16.3200,15
57587038370312,15:59:47.038,16.3200,100
57587038370312,15:59:47.038,16.3200,100
57587038370312,15:59:47.038,16.3200,31
57587038404461,15:59:47.038,16.3200,69
57590186852069,15:59:50.186,16.3400,5
57591204198560,15:59:51.204,16.3400,1
57593800064789,15:59:53.800,16.3400,200
57593800064789,15:59:53.800,16.3400,5
57593800064789,15:59:53.800,16.3400,95
57594525391384,15:59:54.525,16.3350,100
57595234746791,15:59:55.234,16.3350,428
57595234746791,15:59:55.234,16.3300,107
57595234746791,15:59:55.234,16.3300,252
57595234746791,15:59:55.234,16.3300,114
57595234746791,15:59:55.234,16.3300,72
57595234983467,15:59:55.234,16.3300,228
57595234983467,15:59:55.234,16.3300,200
57595800487957,15:59:55.800,16.3400,300
57596802845208,15:59:56.802,16.3500,100
57597601772292,15:59:57.601,16.3500,100
57597601772292,15:59:57.601,16.3500,100
57597801414109,15:59:57.801,16.3500,100
57597801414109,15:59:57.801,16.3500,100
57597848368003,15:59:57.848,16.3300,5
57598401303852,15:59:58.401,16.3500,200
57598602713371,15:59:58.602,16.3500,200
57598806197835,15:59:58.806,16.3500,200
57599006254401,15:59:59.006,16.3500,300
57599203204608,15:59:59.203,16.3500,100
57599203204608,15:59:59.203,16.3500,100
57599403742749,15:59:59.403,16.3500,200
57599903790735,15:59:59.903,16.3500,200
57600544771416,16:00:00.544,16.3500,19460
