timestamp,time,price,volume
34200847631091,09:30:00.847,0.0000,0
34941725779142,09:42:21.725,140.2200,5
34941725876230,09:42:21.725,140.2100,100
34941725878633,09:42:21.725,140.2100,95
34941726254469,09:42:21.726,140.2000,26
34941726273823,09:42:21.726,140.2000,1
34941726273823,09:42:21.726,140.1700,10
34941726273823,09:42:21.726,140.1400,15
34941726365925,09:42:21.726,140.1700,87
34941726367124,09:42:21.726,140.2100,10
34941726382785,09:42:21.726,140.1700,13
34941750893843,09:42:21.750,140.1400,11
34943206481343,09:42:23.206,140.1000,1
34943206481343,09:42:23.206,140.1000,99
34943206526258,09:42:23.206,140.1000,1
35012523614242,09:43:32.523,140.7700,100
35067415246788,09:44:27.415,140.8500,6
35142596459761,09:45:42.596,140.6400,100
35321318911305,09:48:41.318,140.2600,81
35321318911305,09:48:41.318,140.2000,19
35321318942200,09:48:41.318,140.2000,81
35680028006662,09:54:40.028,139.7200,50
35680028006662,09:54:40.028,139.7300,50
35680028462174,09:54:40.028,139.7300,15
35680028477708,09:54:40.028,139.7300,35
36421027010714,10:07:01.027,139.8500,6
36421028618246,10:07:01.028,139.9200,100
36421029252515,10:07:01.029,139.9200,10
36525303708696,10:08:45.303,139.8000,100
37000119349963,10:16:40.119,139.7800,100
37000119349963,10:16:40.119,139.7600,1
37000119349963,10:16:40.119,139.7600,2
37000119381102,10:16:40.119,139.7600,98
37000119381102,10:16:40.119,139.7600,2
37000120296714,10:16:40.120,139.6700,100
37000120399903,10:16:40.120,139.6600,2
37000120455207,10:16:40.120,139.6600,33
37000139046407,10:16:40.139,139.6100,25
37018556485500,10:16:58.556,139.6100,100
37073902533039,10:17:53.902,139.8100,18
37073903529384,10:17:53.903,139.8100,54
37113203330701,10:18:33.203,139.8100,22
37131771656613,10:18:51.771,139.8100,6
37131771656613,10:18:51.771,139.8100,20
37131771656613,10:18:51.771,139.8100,11
37131772927072,10:18:51.772,139.8100,43
37169184750314,10:19:29.184,139.8200,100
37169198003094,10:19:29.198,139.8400,36
37169198027052,10:19:29.198,139.8400,64
37354572066472,10:22:34.572,139.9600,10
37354572066472,10:22:34.572,139.9700,45
37354572075479,10:22:34.572,139.9700,27
37578257210808,10:26:18.257,139.9900,100
37578258889842,10:26:18.258,140.0500,100
37601789739667,10:26:41.789,140.1700,100
37601789840429,10:26:41.789,140.0900,100
38281996468093,10:38:01.996,140.5200,5
38612616704399,10:43:32.616,140.5500,100
38612616704399,10:43:32.616,140.5600,2
38612616886773,10:43:32.616,140.5600,100
38616515012981,10:43:36.515,140.4900,100
38616515012981,10:43:36.515,140.4900,8
38629670770119,10:43:49.670,140.3900,4
38642128833537,10:44:02.128,140.3900,100
38667643703863,10:44:27.643,140.4300,100
39214557349429,10:53:34.557,140.2900,100
39214557388354,10:53:34.557,140.2700,36
39214557405439,10:53:34.557,140.2600,28
39214557405439,10:53:34.557,140.2500,1
39214558026990,10:53:34.558,140.2500,99
39214558095539,10:53:34.558,140.2500,100
39214558947119,10:53:34.558,140.2300,26
39220614558008,10:53:40.614,140.0300,100
39227472143036,10:53:47.472,140.0200,4
39442087803389,10:57:22.087,140.0300,31
39442087816258,10:57:22.087,140.0300,16
39442087816258,10:57:22.087,140.0300,4
39442087817721,10:57:22.087,140.0200,5
39518870521958,10:58:38.870,139.8900,5
39518870521958,10:58:38.870,139.8900,20
39518870521958,10:58:38.870,139.8900,29
39535627178287,10:58:55.627,139.7600,100
39540387357443,10:59:00.387,139.9600,32
39540388470341,10:59:00.388,139.9600,53
39540388470341,10:59:00.388,139.9700,26
39540388958751,10:59:00.388,139.9700,4
39594229225829,10:59:54.229,139.7900,100
39650001352402,11:00:50.001,139.8200,4
39650001352402,11:00:50.001,139.8200,25
39650001352402,11:00:50.001,139.8200,26
39650001812748,11:00:50.001,139.8200,7
39663473476923,11:01:03.473,139.8400,17
39663473477986,11:01:03.473,139.8400,25
39663483586190,11:01:03.483,139.8400,3
39663490322780,11:01:03.490,139.8400,15
39663490322780,11:01:03.490,139.8500,85
39664055370173,11:01:04.055,139.8500,15
39868092379933,11:04:28.092,139.9100,36
39868092851661,11:04:28.092,139.9000,36
39868096309901,11:04:28.096,139.8500,5
39878197794575,11:04:38.197,139.9400,10
39878197794575,11:04:38.197,139.9800,44
39891928321292,11:04:51.928,139.9300,15
39891929379164,11:04:51.929,139.9300,36
39894578396220,11:04:54.578,139.7700,52
39894579383422,11:04:54.579,139.7600,9
39984113113937,11:06:24.113,140.0000,18
40050436230195,11:07:30.436,139.8000,100
40050436230195,11:07:30.436,139.8000,11
40050436230195,11:07:30.436,139.8000,10
40050436230195,11:07:30.436,139.8000,22
40050436230195,11:07:30.436,139.8000,9
40050436291552,11:07:30.436,139.7900,100
40050436291552,11:07:30.436,139.7900,1
40050439136635,11:07:30.439,139.7000,5
40134228115150,11:08:54.228,139.8500,100
40134228779647,11:08:54.228,139.7900,16
40315451658572,11:11:55.451,139.4700,6
40497057507648,11:14:57.057,139.6400,19
40555077478545,11:15:55.077,139.6300,10
40555077478545,11:15:55.077,139.6400,6
40788123511422,11:19:48.123,139.6100,48
41255982235484,11:27:35.982,139.3800,5
41255982235484,11:27:35.982,139.3800,85
41255982950103,11:27:35.982,139.3600,25
41255988040913,11:27:35.988,139.3700,36
41256566092640,11:27:36.566,139.3700,64
41256566092640,11:27:36.566,139.3700,36
41262265276108,11:27:42.265,139.3700,64
41262265276108,11:27:42.265,139.3500,36
41262265383407,11:27:42.265,139.3400,100
41265895512459,11:27:45.895,139.3800,7
41265895512459,11:27:45.895,139.3800,1
41331040237982,11:28:51.040,139.3100,5
41431777471665,11:30:31.777,139.3300,10
41431777471665,11:30:31.777,139.3600,90
41596921510021,11:33:16.921,139.4400,100
41596921510021,11:33:16.921,139.4400,1
42056400986016,11:40:56.400,139.6000,1
42056401014277,11:40:56.401,139.6000,99
42056401014277,11:40:56.401,139.6000,100
42056401014277,11:40:56.401,139.6000,36
42057930933055,11:40:57.930,139.6800,6
42077679763123,11:41:17.679,139.7600,100
42077826792565,11:41:17.826,140.0100,100
42078496652170,11:41:18.496,139.8500,22
42078496652170,11:41:18.496,139.8500,13
42093151450738,11:41:33.151,139.6700,100
42093151685616,11:41:33.151,139.6700,100
42093151690088,11:41:33.151,139.6700,100
42093151793693,11:41:33.151,139.6700,100
42093152171160,11:41:33.152,139.6700,100
42093152932245,11:41:33.152,139.6700,100
42093223961593,11:41:33.223,139.5900,100
42093231267197,11:41:33.231,139.5900,100
42159092262602,11:42:39.092,139.7000,100
42258845559912,11:44:18.845,139.6000,3
42680476296083,11:51:20.476,139.9100,100
42704475070916,11:51:44.475,139.8000,23
42975963267666,11:56:15.963,139.8500,3
42975963276114,11:56:15.963,139.8500,3
42975963342848,11:56:15.963,139.8500,3
42975963420906,11:56:15.963,139.8500,35
42975963444497,11:56:15.963,139.8300,41
42975963444497,11:56:15.963,139.8200,3
42975964657066,11:56:15.964,139.7700,40
42975967365362,11:56:15.967,139.7200,100
43181048830773,11:59:41.048,139.6800,5
43343986256035,12:02:23.986,139.8100,8
43343989568026,12:02:23.989,139.8900,100
43387186847728,12:03:07.186,139.7500,6
43636396567876,12:07:16.396,139.7200,3
43636396567876,12:07:16.396,139.7200,100
43636396567876,12:07:16.396,139.7200,100
43636396572561,12:07:16.396,139.7200,203
43636396693844,12:07:16.396,139.7200,29
43636397001681,12:07:16.397,139.7200,71
43636397001681,12:07:16.397,139.7200,100
43650953070422,12:07:30.953,139.6300,6
43655930172787,12:07:35.930,139.6200,100
43656185868528,12:07:36.185,139.6000,97
43720580915887,12:08:40.580,139.6400,5
43720580915887,12:08:40.580,139.6300,36
43720580915887,12:08:40.580,139.6200,36
43720580915887,12:08:40.580,139.6200,8
43720581257213,12:08:40.581,139.6200,92
43720581257213,12:08:40.581,139.6200,6
43720581827407,12:08:40.581,139.5800,100
43750471160014,12:09:10.471,139.6000,100
43750471160014,12:09:10.471,139.6000,37
43757346234187,12:09:17.346,139.5100,1
43757346234187,12:09:17.346,139.5000,99
43757346267543,12:09:17.346,139.5000,1
43758864291357,12:09:18.864,139.5000,15
43761830719172,12:09:21.830,139.4300,32
43761830719172,12:09:21.830,139.4300,68
43761830812569,12:09:21.830,139.5200,27
43762432368070,12:09:22.432,139.6000,100
43779947254985,12:09:39.947,139.7400,36
43779947254985,12:09:39.947,139.7400,37
43798066414223,12:09:58.066,139.6200,100
43806839598985,12:10:06.839,139.5700,100
43806839687604,12:10:06.839,139.5700,2
43813763430864,12:10:13.763,139.5700,5
43901821970624,12:11:41.821,139.7000,100
43901821989044,12:11:41.821,139.7000,100
43901822011137,12:11:41.822,139.7000,100
43901822201823,12:11:41.822,139.7000,100
43901822341811,12:11:41.822,139.7000,100
43901822412604,12:11:41.822,139.7000,100
43902961061810,12:11:42.961,139.6400,4
43910883553028,12:11:50.883,139.6400,32
43910883553028,12:11:50.883,139.6400,68
43910883585245,12:11:50.883,139.6400,2
43912439169266,12:11:52.439,139.6400,30
43916221216988,12:11:56.221,139.6300,70
43918755435119,12:11:58.755,139.6100,1
43918755435119,12:11:58.755,139.6100,99
43923383274980,12:12:03.383,139.6100,1
43923383274980,12:12:03.383,139.6000,36
44046695984891,12:14:06.695,139.9400,5
44046696046191,12:14:06.696,139.9300,100
44046696146122,12:14:06.696,139.9300,100
44046696245341,12:14:06.696,139.9300,100
44117407785557,12:15:17.407,140.0200,10
44117407798335,12:15:17.407,140.0200,20
44117407957507,12:15:17.407,140.0200,70
44258399015926,12:17:38.399,140.2200,31
44258399022785,12:17:38.399,140.2200,22
44258399041640,12:17:38.399,140.2200,47
44640821908370,12:24:00.821,140.1800,6
44640821913493,12:24:00.821,140.1800,89
44640821913493,12:24:00.821,140.1600,6
44640822741717,12:24:00.822,140.1400,95
44640822741717,12:24:00.822,140.1200,5
44640822768195,12:24:00.822,140.1200,95
44640832458285,12:24:00.832,140.0700,100
45279481061626,12:34:39.481,139.9900,100
45279481061626,12:34:39.481,139.9900,4
45330580509943,12:35:30.580,139.9800,100
45330580553757,12:35:30.580,139.9800,25
45330580589132,12:35:30.580,139.9800,75
45374453464455,12:36:14.453,139.8400,100
45374484156294,12:36:14.484,139.8400,4
45418673280122,12:36:58.673,139.9400,100
45418732858492,12:36:58.732,139.9400,1
45418732858492,12:36:58.732,140.0200,2
46210683237429,12:50:10.683,140.0300,100
47086752511869,13:04:46.752,140.3550,100
47170559286915,13:06:10.559,140.3600,7
47249659059302,13:07:29.659,140.1600,1
47249659059302,13:07:29.659,140.1500,99
47467609000080,13:11:07.609,140.3500,2
47613899501637,13:13:33.899,140.3700,44
47613899501637,13:13:33.899,140.3200,100
47613901815184,13:13:33.901,140.2800,7
47613901815184,13:13:33.901,140.2800,42
47613901866214,13:13:33.901,140.2600,90
48045954728018,13:20:45.954,140.1700,6
48045955859856,13:20:45.955,140.1500,1
48136391365373,13:22:16.391,140.2500,1
48137395113240,13:22:17.395,140.2400,100
48137395306729,13:22:17.395,140.2300,100
48143459183257,13:22:23.459,140.0300,6
48360818852997,13:26:00.818,140.0100,100
48850909687635,13:34:10.909,139.9000,100
48906132317439,13:35:06.132,140.0000,100
49006340546436,13:36:46.340,139.9400,100
49219114676048,13:40:19.114,140.0200,92
49219114676048,13:40:19.114,140.0600,89
49219114707773,13:40:19.114,140.0600,11
49219114707773,13:40:19.114,140.0600,1
49219115333213,13:40:19.115,140.0600,5
49312461264359,13:41:52.461,139.9700,81
49312461330382,13:41:52.461,139.9700,19
49312461330382,13:41:52.461,139.9700,36
49329047314019,13:42:09.047,139.9400,100
49329047314019,13:42:09.047,139.8600,36
49329047314019,13:42:09.047,139.8600,36
49329047314019,13:42:09.047,139.8600,100
49329047314019,13:42:09.047,139.8600,8
49329325591334,13:42:09.325,139.8300,100
49329326189284,13:42:09.326,139.7900,100
49329873073338,13:42:09.873,139.6700,100
49362565562154,13:42:42.565,139.6900,36
49398666072052,13:43:18.666,139.7600,100
49399627111684,13:43:19.627,139.7600,100
49400727681736,13:43:20.727,139.7600,100
49402124320280,13:43:22.124,139.7600,62
49402946250956,13:43:22.946,139.7600,300
49436086686569,13:43:56.086,139.8600,100
49458415261281,13:44:18.415,139.8300,36
49458415261281,13:44:18.415,139.8300,8
49458415597833,13:44:18.415,139.8100,36
49761428531089,13:49:21.428,139.7200,40
49761428531089,13:49:21.428,139.7100,36
49761428531089,13:49:21.428,139.6900,100
49761428531089,13:49:21.428,139.6900,24
49761428566972,13:49:21.428,139.6900,76
49761428566972,13:49:21.428,139.6900,8
49761428566972,13:49:21.428,139.6900,36
49761975384201,13:49:21.975,139.6200,100
49761975384201,13:49:21.975,139.6200,32
49761975384201,13:49:21.975,139.6200,4
49762240433981,13:49:22.240,139.5700,100
49762240433981,13:49:22.240,139.5400,100
49866983809179,13:51:06.983,139.6000,100
50058167176831,13:54:18.167,139.7200,9
50155855388077,13:55:55.855,139.5300,9
50155855388077,13:55:55.855,139.5300,91
50155855411560,13:55:55.855,139.5300,2
50220759637164,13:57:00.759,139.6700,100
50220765499177,13:57:00.765,139.6300,15
50220765575857,13:57:00.765,139.6300,100
50220765979392,13:57:00.765,139.6200,36
50220774994396,13:57:00.774,139.6600,100
50220775080404,13:57:00.775,139.6600,100
50220775346543,13:57:00.775,139.6600,100
50220956084118,13:57:00.956,139.5800,100
50220956132203,13:57:00.956,139.5800,100
50334456896133,13:58:54.456,139.6200,5
50340083953733,13:59:00.083,139.7500,1
50340084330871,13:59:00.084,139.7400,29
50340084338912,13:59:00.084,139.7400,29
50340179179193,13:59:00.179,139.7400,49
50340179204857,13:59:00.179,139.7400,22
50402690299508,14:00:02.690,139.6200,100
50405246075639,14:00:05.246,139.6200,9
50409000488231,14:00:09.000,139.8100,100
50413014738868,14:00:13.014,139.9600,37
50413015587734,14:00:13.015,139.9600,19
50413018907408,14:00:13.018,139.9600,44
50413046685413,14:00:13.046,139.9600,18
50413047330421,14:00:13.047,139.9600,2
50413513915162,14:00:13.513,139.9600,24
50417596175264,14:00:17.596,139.9500,25
50417596652453,14:00:17.596,139.9400,32
50417596652453,14:00:17.596,139.9400,25
50417596652453,14:00:17.596,139.9400,30
50419229326687,14:00:19.229,140.0500,2
50444672878247,14:00:44.672,139.8200,5
50451047390066,14:00:51.047,139.9300,7
50601416654733,14:03:21.416,140.0500,12
50601416666845,14:03:21.416,140.0500,16
50601418945623,14:03:21.418,140.1100,14
50601419361447,14:03:21.419,140.1100,86
50601420414776,14:03:21.420,140.2600,36
50858157092782,14:07:38.157,140.5600,31
50858157092782,14:07:38.157,140.4200,78
51635675332347,14:20:35.675,140.8300,9
51635675332347,14:20:35.675,140.8300,7
51635675341585,14:20:35.675,140.8300,63
51635676193848,14:20:35.676,140.8300,30
51635676193848,14:20:35.676,140.8300,11
51635683433961,14:20:35.683,140.8200,92
51635684631400,14:20:35.684,140.8200,8
51635695488813,14:20:35.695,140.8200,1
51680594169902,14:21:20.594,140.9500,100
51680594169902,14:21:20.594,140.9900,1
51680594169902,14:21:20.594,141.0000,100
51680594169902,14:21:20.594,141.0000,89
51680594204292,14:21:20.594,141.0000,11
51680594204292,14:21:20.594,141.0300,89
51680594244576,14:21:20.594,141.0300,11
51680594695484,14:21:20.594,141.0000,100
51693661572950,14:21:33.661,140.9600,100
51759112470979,14:22:39.112,141.0900,100
51759136340713,14:22:39.136,141.1100,100
51759136631452,14:22:39.136,141.0900,100
51759142182087,14:22:39.142,141.0900,97
51759142182087,14:22:39.142,141.0900,3
51759142297291,14:22:39.142,141.0900,71
51759170613772,14:22:39.170,141.0900,34
51759170613772,14:22:39.170,141.0900,17
51759171667859,14:22:39.171,141.0900,20
51759185656242,14:22:39.185,141.0900,34
51759439767133,14:22:39.439,141.0900,27
51961624143183,14:26:01.624,141.2200,1
51961624769016,14:26:01.624,141.1100,33
51961624769016,14:26:01.624,141.1100,100
51961626145317,14:26:01.626,141.1000,100
51961626196163,14:26:01.626,141.1000,100
51961626524467,14:26:01.626,141.0900,100
51961626548109,14:26:01.626,141.0600,100
51961626765375,14:26:01.626,141.0500,50
52042790241630,14:27:22.790,140.9800,100
52042790327376,14:27:22.790,140.9800,8
52043892028994,14:27:23.892,140.9600,100
52310524499896,14:31:50.524,140.8600,6
52359207099607,14:32:39.207,140.8300,5
52408650301158,14:33:28.650,140.9400,100
52452986227673,14:34:12.986,140.9500,4
52629243991280,14:37:09.243,140.9700,1
52668151058602,14:37:48.151,141.0900,100
52930084111296,14:42:10.084,141.3200,1
52954776836350,14:42:34.776,141.2500,100
52972110783298,14:42:52.110,141.1900,100
52972111368643,14:42:52.111,141.1100,100
52972111373962,14:42:52.111,141.0900,100
52986040229744,14:43:06.040,141.0600,3
52986041871710,14:43:06.041,141.0400,100
52996110212615,14:43:16.110,141.0000,90
53071598468502,14:44:31.598,141.1200,100
53071598474603,14:44:31.598,141.1300,14
53071598505981,14:44:31.598,141.1300,8
53071598853063,14:44:31.598,141.1300,1
53099685748031,14:44:59.685,141.0600,1
53195622537607,14:46:35.622,141.2800,100
53195623478865,14:46:35.623,141.2900,100
53195623876445,14:46:35.623,141.2900,2
53252096955132,14:47:32.096,141.4400,1
53279720095465,14:47:59.720,141.3900,5
53279720095465,14:47:59.720,141.3800,11
53279720095465,14:47:59.720,141.3700,84
53297712339122,14:48:17.712,141.3700,16
53297712339122,14:48:17.712,141.3700,172
53297712339122,14:48:17.712,141.3700,3
53297712392279,14:48:17.712,141.3600,100
53297712859765,14:48:17.712,141.3100,100
53446776064097,14:50:46.776,141.2600,3
53467467851563,14:51:07.467,141.1500,53
53467469016849,14:51:07.469,141.1700,100
53468072295521,14:51:08.072,141.1500,47
53470340435651,14:51:10.340,141.1000,28
53522614727804,14:52:02.614,141.2200,100
53522614765812,14:52:02.614,141.2200,74
53522614816528,14:52:02.614,141.2200,26
53563263957015,14:52:43.263,141.3500,100
53595458141267,14:53:15.458,141.5000,100
53595458541605,14:53:15.458,141.5100,100
53799745966490,14:56:39.745,141.7600,74
53799745969870,14:56:39.745,141.7600,26
53799745969870,14:56:39.745,141.7600,74
53799745980998,14:56:39.745,141.7600,26
53895117250026,14:58:15.117,141.8700,1
54120805132222,15:02:00.805,141.8200,1
54120806408556,15:02:00.806,141.8100,100
54120807994162,15:02:00.807,141.8000,100
54120832076307,15:02:00.832,141.7700,100
54217367003683,15:03:37.367,141.5600,100
54358940232238,15:05:58.940,141.5500,94
54358940253364,15:05:58.940,141.5400,4
54374144575365,15:06:14.144,141.4600,5
54407423436484,15:06:47.423,141.6100,1
54539059002397,15:08:59.059,141.5200,1
54633151954733,15:10:33.151,141.3900,7
54633155270978,15:10:33.155,141.3200,100
54640858607537,15:10:40.858,141.2400,100
54646934303650,15:10:46.934,141.2700,100
54732921842314,15:12:12.921,141.1300,100
54732921875504,15:12:12.921,141.1300,7
54795799677151,15:13:15.799,141.1500,1
54814280556751,15:13:34.280,141.1500,4
54814280556751,15:13:34.280,141.2100,100
54814280556751,15:13:34.280,141.2100,200
54814280556751,15:13:34.280,141.2100,64
54814280584921,15:13:34.280,141.2100,4
54923683759959,15:15:23.683,141.5900,10
55058430753642,15:17:38.430,141.3900,6
55085900619430,15:18:05.900,141.2900,8
55126198693567,15:18:46.198,141.4600,6
55302212093002,15:21:42.212,141.2600,6
55318414615877,15:21:58.414,141.2100,100
55436408606905,15:23:56.408,141.1200,100
55436408638412,15:23:56.408,141.1100,100
55458420492644,15:24:18.420,141.0300,10
55458420492644,15:24:18.420,140.9700,10
55684438875406,15:28:04.438,141.1800,100
55684439554234,15:28:04.439,141.2400,100
55684439632444,15:28:04.439,141.2700,10
55784380744065,15:29:44.380,141.3600,10
55793650196921,15:29:53.650,141.2200,1
55793650712647,15:29:53.650,141.2100,1
55793650712647,15:29:53.650,141.2100,17
55793650712647,15:29:53.650,141.2100,82
55793650742286,15:29:53.650,141.2100,18
55793650742286,15:29:53.650,141.2100,100
55793650750437,15:29:53.650,141.2100,100
55794198410791,15:29:54.198,141.1200,100
55794198410791,15:29:54.198,141.1200,100
55794198410791,15:29:54.198,141.1200,100
55832105445748,15:30:32.105,141.1600,100
55832106124997,15:30:32.106,141.1700,100
55872465523998,15:31:12.465,141.3800,91
55872465523998,15:31:12.465,141.4000,100
55872465523998,15:31:12.465,141.4000,9
55872467116359,15:31:12.467,141.3000,100
55872467116359,15:31:12.467,141.2800,100
55892492261886,15:31:32.492,141.3000,100
55905187393720,15:31:45.187,141.2800,100
55905187749407,15:31:45.187,141.2600,100
55933932264954,15:32:13.932,141.2100,10
55964023473895,15:32:44.023,141.3300,5
56001876698949,15:33:21.876,141.2100,1
56001876698949,15:33:21.876,141.2100,93
56001876937312,15:33:21.876,141.2000,100
56001876937312,15:33:21.876,141.2000,100
56001876963497,15:33:21.876,141.2000,100
56001937433178,15:33:21.937,141.1600,1
56002512254107,15:33:22.512,141.1600,99
56002512254107,15:33:22.512,141.1600,1
56002512826472,15:33:22.512,141.1600,99
56002512826472,15:33:22.512,141.1600,1
56003817599911,15:33:23.817,141.1600,55
56012383097913,15:33:32.383,141.2500,100
56016043311431,15:33:36.043,141.2100,4
56155690057287,15:35:55.690,141.2900,1
56155690084317,15:35:55.690,141.2900,99
56155692663949,15:35:55.692,141.3200,100
56347321921126,15:39:07.321,141.4500,2
56362313998694,15:39:22.313,141.4400,100
56362314406742,15:39:22.314,141.4400,27
56362314425597,15:39:22.314,141.4400,73
56362314524598,15:39:22.314,141.4300,90
56396043373578,15:39:56.043,141.4000,4
56401406125325,15:40:01.406,141.3600,1
56427380951375,15:40:27.380,141.3300,100
56427381942946,15:40:27.381,141.3200,200
56427382005018,15:40:27.382,141.3100,50
56427382153808,15:40:27.382,141.3100,50
56430786889803,15:40:30.786,141.2650,100
56468235602306,15:41:08.235,141.2300,100
56468235646995,15:41:08.235,141.2200,8
56468236403939,15:41:08.236,141.2200,100
56468236429196,15:41:08.236,141.2200,57
56468236462921,15:41:08.236,141.2200,35
56521212054312,15:42:01.212,141.1100,5
56562424400018,15:42:42.424,141.2100,100
56562424402323,15:42:42.424,141.2100,200
56562424402323,15:42:42.424,141.2100,49
56565837678387,15:42:45.837,141.3300,4
56589329399254,15:43:09.329,141.3500,2
56589329505625,15:43:09.329,141.3500,98
56589329505625,15:43:09.329,141.3500,100
56633466196659,15:43:53.466,141.4600,100
56725913609723,15:45:25.913,141.5700,2
56736438343387,15:45:36.438,141.5800,1
56736438370331,15:45:36.438,141.5800,99
56736438370331,15:45:36.438,141.5800,14
56769465629733,15:46:09.465,141.5800,61
56769465709258,15:46:09.465,141.5800,49
56769466268927,15:46:09.466,141.5700,2
56769466296515,15:46:09.466,141.5700,98
56769466296515,15:46:09.466,141.5700,54
56785319008279,15:46:25.319,141.5800,100
56861340662448,15:47:41.340,141.4700,17
56861340662448,15:47:41.340,141.4600,83
56861340703968,15:47:41.340,141.4600,89
56861340733277,15:47:41.340,141.4600,28
56861340733277,15:47:41.340,141.4600,10
56889125572633,15:48:09.125,141.4100,1
56937938198003,15:48:57.938,141.4600,1
57004345078499,15:50:04.345,141.3300,100
57004345119480,15:50:04.345,141.3200,10
57004345141269,15:50:04.345,141.3200,8
57004345166929,15:50:04.345,141.3200,100
57004345177965,15:50:04.345,141.3200,47
57004345211274,15:50:04.345,141.3200,35
57004345801880,15:50:04.345,141.3200,10
57019016331410,15:50:19.016,141.3400,1
57065137400851,15:51:05.137,141.3500,100
57065137427305,15:51:05.137,141.3500,50
57065137427305,15:51:05.137,141.3500,14
57087168344312,15:51:27.168,141.2900,100
57107970879165,15:51:47.970,141.2700,1
57125827133833,15:52:05.827,141.3000,1
57125827240420,15:52:05.827,141.3000,49
57125827240420,15:52:05.827,141.3000,3
57145369869424,15:52:25.369,141.2400,2
57145369899926,15:52:25.369,141.2400,98
57146892932953,15:52:26.892,141.2200,21
57146893626821,15:52:26.893,141.2100,155
57146893630669,15:52:26.893,141.2100,20
57146893697747,15:52:26.893,141.2100,25
57146893716286,15:52:26.893,141.2000,22
57146894058221,15:52:26.894,141.2000,78
57146894111113,15:52:26.894,141.1900,100
57192019829753,15:53:12.019,141.1600,100
57210098450357,15:53:30.098,141.1200,21
57210098450357,15:53:30.098,141.1000,79
57223780432473,15:53:43.780,141.1500,98
57223780438410,15:53:43.780,141.1500,2
57223780804974,15:53:43.780,141.1700,98
57223781947284,15:53:43.781,141.1700,2
57224499843336,15:53:44.499,141.1400,100
57270711017020,15:54:30.711,141.1300,3
57270711017020,15:54:30.711,141.1300,100
57270723569071,15:54:30.723,141.1400,100
57270723699181,15:54:30.723,141.1400,100
57300075704239,15:55:00.075,141.1400,100
57300119832513,15:55:00.119,141.1500,49
57300156666762,15:55:00.156,141.1500,51
57300313133715,15:55:00.313,141.1400,70
57300313165674,15:55:00.313,141.1400,30
57300508688071,15:55:00.508,141.1500,100
57300508688071,15:55:00.508,141.1500,37
57300508717746,15:55:00.508,141.1500,63
57310092749055,15:55:10.092,141.1600,100
57310092749055,15:55:10.092,141.1400,9
57310092749055,15:55:10.092,141.1400,100
57310092749055,15:55:10.092,141.1400,25
57311168013373,15:55:11.168,141.2100,76
57313107111922,15:55:13.107,141.2100,24
57335678876483,15:55:35.678,141.2600,100
57335678876483,15:55:35.678,141.2900,100
57376766904357,15:56:16.766,141.5000,2
57377394181100,15:56:17.394,141.5000,50
57377394181100,15:56:17.394,141.5000,1
57377394691713,15:56:17.394,141.5100,29
57380192166116,15:56:20.192,141.5200,36
57394595211002,15:56:34.595,141.5000,2
57400426209440,15:56:40.426,141.5200,33
57407707533117,15:56:47.707,141.5000,100
57412778308340,15:56:52.778,141.5600,62
57416052146385,15:56:56.052,141.5700,2
57418981416531,15:56:58.981,141.5700,31
57418981416531,15:56:58.981,141.5700,5
57419820637528,15:56:59.820,141.5700,95
57444876400780,15:57:24.876,141.6700,100
57452622472375,15:57:32.622,141.5800,2
57455883379982,15:57:35.883,141.6700,26
57469856823109,15:57:49.856,141.5900,18
57469857618240,15:57:49.857,141.5800,100
57469858781186,15:57:49.858,141.5700,100
57469858835599,15:57:49.858,141.5600,100
57469858838785,15:57:49.858,141.5600,100
57469858862546,15:57:49.858,141.5600,100
57500751289466,15:58:20.751,141.5900,80
57510364371566,15:58:30.364,141.6700,1
57537777661568,15:58:57.777,141.8400,100
57539007118684,15:58:59.007,141.8400,9
57539007118684,15:58:59.007,141.8400,1
57539007181444,15:58:59.007,141.8400,5
57539007204487,15:58:59.007,141.8400,7
57539007341412,15:58:59.007,141.8400,6
57539163981779,15:58:59.163,141.8400,14
57539164011716,15:58:59.164,141.8400,7
57549458006684,15:59:09.458,141.8700,18
57551196324729,15:59:11.196,141.8700,82
57551196799329,15:59:11.196,141.8600,10
57551233115094,15:59:11.233,141.9000,15
57553349303224,15:59:13.349,141.7950,97
57553951905952,15:59:13.951,141.8000,10
57573215396608,15:59:33.215,141.8500,21
57585017378280,15:59:45.017,141.8900,66
57590113634984,15:59:50.113,141.7800,38
57597750755374,15:59:57.750,141.7700,32
57598446346915,15:59:58.446,141.7700,22
57600326903440,16:00:00.326,0.0000,0
