timestamp,time,price,volume
34200786287680,09:30:00.786,5.8000,3320
34351970048305,09:32:31.970,5.8400,5
34378090626312,09:32:58.090,5.8100,100
34378256622758,09:32:58.256,5.7800,100
34378256622758,09:32:58.256,5.7800,100
34378256622758,09:32:58.256,5.7800,100
34378281747407,09:32:58.281,5.7800,100
34378317599395,09:32:58.317,5.7700,100
34378328036282,09:32:58.328,5.7800,100
34378486568303,09:32:58.486,5.7600,100
34403415222938,09:33:23.415,5.7500,200
34403415222938,09:33:23.415,5.7500,57
34403415249612,09:33:23.415,5.7400,100
34403417129368,09:33:23.417,5.7500,100
34403426582565,09:33:23.426,5.7500,100
34441694261684,09:34:01.694,5.7300,100
34443865569121,09:34:03.865,5.7300,80
34443888197798,09:34:03.888,5.7500,30
34463190189251,09:34:23.190,5.7500,200
34463190189251,09:34:23.190,5.7500,100
34463190876366,09:34:23.190,5.7550,100
34463190901526,09:34:23.190,5.7600,100
34463192104716,09:34:23.192,5.7600,100
34464191420195,09:34:24.191,5.7600,200
34464191677562,09:34:24.191,5.7600,157
34464191749071,09:34:24.191,5.7600,43
34464191749071,09:34:24.191,5.7600,100
34547752160763,09:35:47.752,5.7300,300
34573732976791,09:36:13.732,5.6800,3
34573733002560,09:36:13.733,5.6800,197
34584740443354,09:36:24.740,5.7000,100
34614261946228,09:36:54.261,5.7100,200
34614261946228,09:36:54.261,5.7100,100
34762707379199,09:39:22.707,5.7200,100
34775142238565,09:39:35.142,5.7400,34
34808704872744,09:40:08.704,5.7200,120
34808704872744,09:40:08.704,5.7200,100
34910105964338,09:41:50.105,5.6800,100
34922069164794,09:42:02.069,5.6700,15
34922069251122,09:42:02.069,5.6600,100
34922069251122,09:42:02.069,5.6600,200
34922069251122,09:42:02.069,5.6600,100
34924711380543,09:42:04.711,5.6600,100
34935354842734,09:42:15.354,5.6500,200
34999170478702,09:43:19.170,5.6600,100
34999170503398,09:43:19.170,5.6600,100
35026997008790,09:43:46.997,5.6600,100
35026998437303,09:43:46.998,5.6500,14
35032635441769,09:43:52.635,5.6400,60
35032635673554,09:43:52.635,5.6400,40
35032635673554,09:43:52.635,5.6400,46
35032635725643,09:43:52.635,5.6400,54
35054440452301,09:44:14.440,5.6400,100
35066728277750,09:44:26.728,5.6500,100
35116322277138,09:45:16.322,5.6200,100
35132862575939,09:45:32.862,5.6200,200
35172827719274,09:46:12.827,5.6600,100
35177876399842,09:46:17.876,5.6700,100
35177876424857,09:46:17.876,5.6700,100
35185471971457,09:46:25.471,5.6800,200
35185471992432,09:46:25.471,5.6800,200
35185471992432,09:46:25.471,5.6800,100
35186754198259,09:46:26.754,5.6800,100
35234919787222,09:47:14.919,5.6800,100
35278934352047,09:47:58.934,5.6800,100
35402282221693,09:50:02.282,5.6700,13
35402282221693,09:50:02.282,5.6700,100
35402282221693,09:50:02.282,5.6700,100
35402782604690,09:50:02.782,5.6600,100
35428296604870,09:50:28.296,5.6800,100
35490534635550,09:51:30.534,5.6700,12
35508283317400,09:51:48.283,5.6700,100
35612646297649,09:53:32.646,5.6600,100
35612646553877,09:53:32.646,5.6500,57
35633426430459,09:53:53.426,5.6600,100
35633426430459,09:53:53.426,5.6600,100
35634937752654,09:53:54.937,5.6600,100
35685276461808,09:54:45.276,5.6800,100
35764033780176,09:56:04.033,5.6700,100
35764033780176,09:56:04.033,5.6700,300
35764033780176,09:56:04.033,5.6700,88
35764033807257,09:56:04.033,5.6700,12
35764033807257,09:56:04.033,5.6700,100
35839059178297,09:57:19.059,5.6600,100
35856546175980,09:57:36.546,5.6700,100
35870746922106,09:57:50.746,5.6700,100
35870746922106,09:57:50.746,5.6700,21
35872042426954,09:57:52.042,5.6600,100
35872042426954,09:57:52.042,5.6600,100
35960878936898,09:59:20.878,5.6600,100
36062763164179,10:01:02.763,5.6600,100
36113644320862,10:01:53.644,5.6600,100
36138894184445,10:02:18.894,5.6500,100
36153317143225,10:02:33.317,5.6500,100
36153320069974,10:02:33.320,5.6600,52
36153320594003,10:02:33.320,5.6600,48
36153320594003,10:02:33.320,5.6600,100
36168264067786,10:02:48.264,5.6600,100
36168264067786,10:02:48.264,5.6600,20
36168264094950,10:02:48.264,5.6600,80
36184205553884,10:03:04.205,5.6600,200
36184205553884,10:03:04.205,5.6600,100
36261442092526,10:04:21.442,5.6800,100
36298113725135,10:04:58.113,5.6700,100
36695019322656,10:11:35.019,5.6600,100
36695019322656,10:11:35.019,5.6600,100
36719938430546,10:11:59.938,5.6700,100
36766156360466,10:12:46.156,5.6700,100
36766156360466,10:12:46.156,5.6700,400
36766156360466,10:12:46.156,5.6700,100
36807478001717,10:13:27.478,5.6650,100
36808048997641,10:13:28.048,5.6650,100
36893554853168,10:14:53.554,5.6600,100
36949194252843,10:15:49.194,5.6500,100
36984382086656,10:16:24.382,5.6600,100
36984382657358,10:16:24.382,5.6600,100
36989116018953,10:16:29.116,5.6600,100
37109989822406,10:18:29.989,5.6500,300
37171129864741,10:19:31.129,5.6500,100
37231450799527,10:20:31.450,5.6600,84
37349628606262,10:22:29.628,5.6700,200
37349628606262,10:22:29.628,5.6700,100
37349628606262,10:22:29.628,5.6700,100
37370401573182,10:22:50.401,5.6500,100
37382769259586,10:23:02.769,5.6400,100
37382773785270,10:23:02.773,5.6300,100
37415236753804,10:23:35.236,5.6300,100
37423723606164,10:23:43.723,5.6400,100
37423723837491,10:23:43.723,5.6400,100
37445151971356,10:24:05.151,5.6400,100
37477464353749,10:24:37.464,5.6400,66
37477540244843,10:24:37.540,5.6400,100
37556351907651,10:25:56.351,5.6400,100
37556352223139,10:25:56.352,5.6400,100
37556354783791,10:25:56.354,5.6400,100
37556354783791,10:25:56.354,5.6400,100
37556354783791,10:25:56.354,5.6400,100
37556354783791,10:25:56.354,5.6400,100
37556354783791,10:25:56.354,5.6400,100
37556373138551,10:25:56.373,5.6400,100
37567050111158,10:26:07.050,5.6500,155
37567050114290,10:26:07.050,5.6500,417
37567050156214,10:26:07.050,5.6500,28
37567050855951,10:26:07.050,5.6500,100
37600428339017,10:26:40.428,5.6500,100
37650532650789,10:27:30.532,5.6500,100
37650532650789,10:27:30.532,5.6500,100
37650532883439,10:27:30.532,5.6500,100
37765672512645,10:29:25.672,5.6500,66
37805603434123,10:30:05.603,5.6500,70
37805603434123,10:30:05.603,5.6500,30
37812082453399,10:30:12.082,5.6500,70
37815024317392,10:30:15.024,5.6500,100
37834622699989,10:30:34.622,5.6600,100
37865559778796,10:31:05.559,5.6600,98
37865560128427,10:31:05.560,5.6600,2
37941536703281,10:32:21.536,5.6800,100
37976184306920,10:32:56.184,5.6900,100
38035110117412,10:33:55.110,5.6900,100
38060603002594,10:34:20.603,5.6900,100
38060603002594,10:34:20.603,5.6900,100
38071129232494,10:34:31.129,5.6800,100
38093122563211,10:34:53.122,5.6900,80
38121875989033,10:35:21.875,5.7000,100
38351636718855,10:39:11.636,5.6900,100
38353137176245,10:39:13.137,5.6900,63
38353137243996,10:39:13.137,5.6900,100
38353137243996,10:39:13.137,5.6900,37
38667199675221,10:44:27.199,5.6900,100
38667199675221,10:44:27.199,5.6900,100
38667199675221,10:44:27.199,5.6900,100
38667199675221,10:44:27.199,5.6900,100
38667200672200,10:44:27.200,5.7000,100
38667200672200,10:44:27.200,5.7000,100
38668140657831,10:44:28.140,5.7000,100
38755298622165,10:45:55.298,5.7100,100
38755298622165,10:45:55.298,5.7100,100
38847685385014,10:47:27.685,5.7000,100
39015693807256,10:50:15.693,5.7000,100
39268172770158,10:54:28.172,5.7100,100
39268218214447,10:54:28.218,5.7100,100
39274297532180,10:54:34.297,5.7200,100
39320235865519,10:55:20.235,5.7200,100
39320235865519,10:55:20.235,5.7200,100
39345533468097,10:55:45.533,5.7300,100
39427712539931,10:57:07.712,5.7300,100
39453511899536,10:57:33.511,5.7200,100
39453511925487,10:57:33.511,5.7200,100
39601940867726,11:00:01.940,5.7100,100
39616944476316,11:00:16.944,5.7200,100
39699344708009,11:01:39.344,5.7400,100
39923281553723,11:05:23.281,5.7400,200
39931944464399,11:05:31.944,5.7500,46
39984577884292,11:06:24.577,5.7500,400
39984578068049,11:06:24.578,5.7500,554
39989630873476,11:06:29.630,5.7600,12
40104146838033,11:08:24.146,5.7800,100
40110598202915,11:08:30.598,5.7900,100
40219916382392,11:10:19.916,5.7900,100
40252346165516,11:10:52.346,5.7800,100
40252346165516,11:10:52.346,5.7800,100
40324052605236,11:12:04.052,5.7700,100
40324052630896,11:12:04.052,5.7700,100
40355609909154,11:12:35.609,5.7700,100
40398158203976,11:13:18.158,5.7800,100
40542361525612,11:15:42.361,5.7950,100
40571292438386,11:16:11.292,5.8000,100
40972270944473,11:22:52.270,5.7900,100
40972270944473,11:22:52.270,5.7900,100
40972270944473,11:22:52.270,5.7900,100
40972271772468,11:22:52.271,5.7800,100
41018731459494,11:23:38.731,5.7800,100
41319819072406,11:28:39.819,5.7700,100
41319819072406,11:28:39.819,5.7700,100
41319819072406,11:28:39.819,5.7700,100
41459879273393,11:30:59.879,5.7700,100
41550026256262,11:32:30.026,5.7800,100
41569143137764,11:32:49.143,5.7800,100
41631044333667,11:33:51.044,5.7900,100
41667944781702,11:34:27.944,5.8000,100
41715277530166,11:35:15.277,5.8100,12
41715277530166,11:35:15.277,5.8100,88
41772631383326,11:36:12.631,5.8000,100
41772631383326,11:36:12.631,5.8000,120
41772631383326,11:36:12.631,5.8000,80
41772631413003,11:36:12.631,5.8000,20
41772631413003,11:36:12.631,5.8000,100
41772631918316,11:36:12.631,5.7900,100
41772631918316,11:36:12.631,5.7900,100
41772631918316,11:36:12.631,5.7900,82
41772632022820,11:36:12.632,5.7900,100
41772632302512,11:36:12.632,5.7900,100
41881032681307,11:38:01.032,5.7800,100
41881032681307,11:38:01.032,5.7800,100
41881032681307,11:38:01.032,5.7800,100
42012779364786,11:40:12.779,5.7700,100
42012779364786,11:40:12.779,5.7700,100
42012780274546,11:40:12.780,5.7700,100
42115812583094,11:41:55.812,5.7700,100
42116385034808,11:41:56.385,5.7750,100
42256701505156,11:44:16.701,5.7900,100
42256701505156,11:44:16.701,5.7900,100
42256701536804,11:44:16.701,5.7900,100
42416869394869,11:46:56.869,5.7700,100
42422466601333,11:47:02.466,5.7700,100
42422466601333,11:47:02.466,5.7700,100
42448611094396,11:47:28.611,5.7900,100
42484661883496,11:48:04.661,5.7950,100
42664074466019,11:51:04.074,5.7800,100
42664074490525,11:51:04.074,5.7800,100
42789671773568,11:53:09.671,5.7600,100
42812074764158,11:53:32.074,5.7700,100
42854280821027,11:54:14.280,5.7800,100
42951304903346,11:55:51.304,5.7900,100
43040646584122,11:57:20.646,5.7900,100
43040652081672,11:57:20.652,5.7900,300
43040652081672,11:57:20.652,5.7900,100
43040652081672,11:57:20.652,5.7900,100
43214940020582,12:00:14.940,5.7900,100
43217136404087,12:00:17.136,5.7900,200
43218137834273,12:00:18.137,5.7900,100
43813500966411,12:10:13.500,5.7900,100
43813500966411,12:10:13.500,5.7900,100
43813500966411,12:10:13.500,5.7900,100
43813500966411,12:10:13.500,5.7900,100
43894337733899,12:11:34.337,5.7900,100
43894337733899,12:11:34.337,5.7900,100
43894337733899,12:11:34.337,5.7900,100
43894337733899,12:11:34.337,5.7900,200
43969602100986,12:12:49.602,5.7900,100
43976337320831,12:12:56.337,5.7950,100
44269456081479,12:17:49.456,5.8000,100
44269456648858,12:17:49.456,5.8000,37
44269456673135,12:17:49.456,5.8000,47
44269456757113,12:17:49.456,5.8000,316
44269456757113,12:17:49.456,5.8000,100
44269456757113,12:17:49.456,5.8000,100
44293553952275,12:18:13.553,5.8150,200
44331563358123,12:18:51.563,5.8200,100
44331563389378,12:18:51.563,5.8200,200
44331563389378,12:18:51.563,5.8200,100
44331563389378,12:18:51.563,5.8200,100
44335939563869,12:18:55.939,5.8200,100
44335939563869,12:18:55.939,5.8200,100
44335939563869,12:18:55.939,5.8200,700
44352556881026,12:19:12.556,5.8200,200
44369756538066,12:19:29.756,5.8150,100
44369758616905,12:19:29.758,5.8100,100
44410758788551,12:20:10.758,5.8100,100
44410760187152,12:20:10.760,5.8100,100
44454532180802,12:20:54.532,5.8100,100
44461786417761,12:21:01.786,5.8100,100
44461786417761,12:21:01.786,5.8100,100
44467762908108,12:21:07.762,5.8100,100
44546501111381,12:22:26.501,5.8200,100
44554167107134,12:22:34.167,5.8200,100
44554167107134,12:22:34.167,5.8200,100
44554167107134,12:22:34.167,5.8200,100
44678661879680,12:24:38.661,5.8100,100
44678661879680,12:24:38.661,5.8100,100
44859048423395,12:27:39.048,5.8000,100
44859048423395,12:27:39.048,5.8000,100
44859048423395,12:27:39.048,5.8000,300
45014753394609,12:30:14.753,5.7900,100
45014753394609,12:30:14.753,5.7900,100
45014753394609,12:30:14.753,5.7900,100
45014753394609,12:30:14.753,5.7900,100
45014753394609,12:30:14.753,5.7900,100
45014753394609,12:30:14.753,5.7900,100
45014753394609,12:30:14.753,5.7900,100
45014755767978,12:30:14.755,5.7900,100
45068114686377,12:31:08.114,5.7900,100
45094070172570,12:31:34.070,5.7950,100
45104393900886,12:31:44.393,5.7950,100
45189404844808,12:33:09.404,5.7900,100
45189404875659,12:33:09.404,5.7900,100
45189405076201,12:33:09.405,5.7900,100
45317608123222,12:35:17.608,5.7850,100
45327825524185,12:35:27.825,5.8000,14
45327825524185,12:35:27.825,5.8000,286
45410320053734,12:36:50.320,5.7800,100
45410320053734,12:36:50.320,5.7800,100
45410320053734,12:36:50.320,5.7800,100
45410320053734,12:36:50.320,5.7800,100
45538762242961,12:38:58.762,5.7800,100
45596475998610,12:39:56.475,5.7800,100
45614707052714,12:40:14.707,5.7850,14
45710916671951,12:41:50.916,5.7900,100
45710916671951,12:41:50.916,5.7900,100
45710916671951,12:41:50.916,5.7900,100
45942987488437,12:45:42.987,5.7900,100
45942987488437,12:45:42.987,5.7900,100
45942987488437,12:45:42.987,5.7900,100
45942987488437,12:45:42.987,5.7900,100
45942987488437,12:45:42.987,5.7900,17
45942987488437,12:45:42.987,5.7900,100
45947924935480,12:45:47.924,5.8000,1214
45947924935480,12:45:47.924,5.8000,200
46001835130485,12:46:41.835,5.7950,200
46006296250363,12:46:46.296,5.8000,100
46006296250363,12:46:46.296,5.8000,100
46006296250363,12:46:46.296,5.8000,100
46006342567200,12:46:46.342,5.8100,4
46006342596883,12:46:46.342,5.8100,96
46034436506688,12:47:14.436,5.8150,100
46066066675276,12:47:46.066,5.8100,100
46066066675276,12:47:46.066,5.8100,400
46066439291530,12:47:46.439,5.8150,200
46098439919397,12:48:18.439,5.8200,100
46098439919397,12:48:18.439,5.8200,100
46098439919397,12:48:18.439,5.8200,100
46098439919397,12:48:18.439,5.8200,100
46174513961674,12:49:34.513,5.8100,300
46174513961674,12:49:34.513,5.8100,100
46432770884708,12:53:52.770,5.8000,100
46432770884708,12:53:52.770,5.8000,300
46432770884708,12:53:52.770,5.8000,100
46432770884708,12:53:52.770,5.8000,100
46441863248036,12:54:01.863,5.7900,100
46441863269960,12:54:01.863,5.7900,300
46480687833882,12:54:40.687,5.7800,100
46480687833882,12:54:40.687,5.7800,100
46480687833882,12:54:40.687,5.7800,100
46480687833882,12:54:40.687,5.7800,100
46705265248369,12:58:25.265,5.7800,300
46705265248369,12:58:25.265,5.7800,100
46705265248369,12:58:25.265,5.7800,186
46705265402766,12:58:25.265,5.7800,14
46705265402766,12:58:25.265,5.7800,86
46705265404293,12:58:25.265,5.7800,114
46748245818806,12:59:08.245,5.7900,200
46754945095046,12:59:14.945,5.8000,100
46754963937184,12:59:14.963,5.8100,100
46772474739288,12:59:32.474,5.8100,100
46772474739288,12:59:32.474,5.8100,110
46772474739288,12:59:32.474,5.8100,90
46772475471983,12:59:32.475,5.8100,100
46772475471983,12:59:32.475,5.8100,300
46772475477390,12:59:32.475,5.8100,400
46772475477390,12:59:32.475,5.8100,100
46772475477390,12:59:32.475,5.8100,100
46772475477390,12:59:32.475,5.8100,21
46772475477390,12:59:32.475,5.8100,100
46772475477390,12:59:32.475,5.8100,89
46806476584672,13:00:06.476,5.8100,89
46847476057845,13:00:47.476,5.8000,100
47152040719128,13:05:52.040,5.7900,20
47185358887449,13:06:25.358,5.7900,20
47185362481307,13:06:25.362,5.7900,80
47332638365181,13:08:52.638,5.7900,100
47449940316339,13:10:49.940,5.7800,100
47463442886677,13:11:03.442,5.7900,100
47463442916770,13:11:03.442,5.7900,30
47562663709103,13:12:42.663,5.7900,300
47577492052927,13:12:57.492,5.7900,100
47623295247664,13:13:43.295,5.7900,100
47708209367382,13:15:08.209,5.7900,200
47710217308531,13:15:10.217,5.7900,70
47710217308531,13:15:10.217,5.7900,29
47710217816472,13:15:10.217,5.7900,71
47762764720445,13:16:02.764,5.7900,158
47762768911199,13:16:02.768,5.7900,42
47927942788621,13:18:47.942,5.7900,100
47927942788621,13:18:47.942,5.7900,35
47927943112631,13:18:47.943,5.7900,28
48142478208899,13:22:22.478,5.8000,100
48142478234194,13:22:22.478,5.8000,100
48142478235645,13:22:22.478,5.8000,200
48147556921650,13:22:27.556,5.7900,100
48262099604783,13:24:22.099,5.8000,100
48262146930318,13:24:22.146,5.8000,100
48281366478975,13:24:41.366,5.8100,200
48316783225795,13:25:16.783,5.8100,9
48471856817284,13:27:51.856,5.8300,4
48471856817284,13:27:51.856,5.8300,37
48471856874736,13:27:51.856,5.8300,63
48547143498072,13:29:07.143,5.8400,400
48575117800103,13:29:35.117,5.8400,100
48676950781722,13:31:16.950,5.8300,200
48676950781722,13:31:16.950,5.8300,100
48676950781722,13:31:16.950,5.8300,100
48676950902763,13:31:16.950,5.8300,100
48676950902763,13:31:16.950,5.8300,100
48676950960622,13:31:16.950,5.8300,100
48676958486630,13:31:16.958,5.8200,100
48676966906198,13:31:16.966,5.8100,100
48676966906198,13:31:16.966,5.8100,500
48676966906198,13:31:16.966,5.8100,100
48676966906198,13:31:16.966,5.8100,49
48683400768356,13:31:23.400,5.8200,200
48700988535183,13:31:40.988,5.8300,100
48748777113074,13:32:28.777,5.8300,100
49167848189608,13:39:27.848,5.8300,100
49172438005699,13:39:32.438,5.8200,100
49220157154321,13:40:20.157,5.8200,100
49273825809155,13:41:13.825,5.8200,100
49273825809155,13:41:13.825,5.8200,100
49435867394470,13:43:55.867,5.8300,79
49435867424868,13:43:55.867,5.8300,20
49435867634691,13:43:55.867,5.8300,1
49435867634691,13:43:55.867,5.8300,100
49967184950288,13:52:47.184,5.8300,21
50001304003702,13:53:21.304,5.8400,2300
50001304003702,13:53:21.304,5.8400,140
50001317432648,13:53:21.317,5.8500,150
50001317432648,13:53:21.317,5.8500,848
50001317471265,13:53:21.317,5.8500,200
50001317486955,13:53:21.317,5.8500,1000
50001317545654,13:53:21.317,5.8500,3952
50001317545654,13:53:21.317,5.8500,4500
50001318067789,13:53:21.318,5.8600,100
50001318119139,13:53:21.318,5.8600,100
50106892704854,13:55:06.892,5.8500,100
50106892732176,13:55:06.892,5.8500,100
50106892732176,13:55:06.892,5.8500,100
50106892732176,13:55:06.892,5.8500,10
50119128987263,13:55:19.128,5.8400,100
50408599983834,14:00:08.599,5.8500,100
50408599983834,14:00:08.599,5.8500,100
50408600094744,14:00:08.600,5.8500,100
50408600216077,14:00:08.600,5.8500,100
50408600248842,14:00:08.600,5.8600,200
50408600248842,14:00:08.600,5.8600,28
50408600248842,14:00:08.600,5.8600,95
50408600259927,14:00:08.600,5.8600,105
50446591965325,14:00:46.591,5.8600,200
50446591965325,14:00:46.591,5.8600,100
50616722223763,14:03:36.722,5.8600,100
50648145469770,14:04:08.145,5.8700,100
50685144158181,14:04:45.144,5.8700,500
50685144158181,14:04:45.144,5.8700,100
50685144158181,14:04:45.144,5.8700,100
50714672813712,14:05:14.672,5.8900,800
50721559553298,14:05:21.559,5.8900,800
50955279238428,14:09:15.279,5.8800,19
50955279238428,14:09:15.279,5.8800,100
50955279238428,14:09:15.279,5.8800,100
50955279238428,14:09:15.279,5.8800,100
50955279238428,14:09:15.279,5.8800,900
50955279414742,14:09:15.279,5.8800,100
50955279598605,14:09:15.279,5.8800,391
50955279601553,14:09:15.279,5.8800,100
50955279606537,14:09:15.279,5.8800,122
50955279612207,14:09:15.279,5.8800,123
50955279612707,14:09:15.279,5.8800,100
50955279630029,14:09:15.279,5.8800,64
50955382584096,14:09:15.382,5.8700,100
50955382584096,14:09:15.382,5.8700,1000
50955435490747,14:09:15.435,5.8650,100
50955435490747,14:09:15.435,5.8600,100
50955436683397,14:09:15.436,5.8600,100
50955436683397,14:09:15.436,5.8600,181
50955436755925,14:09:15.436,5.8600,100
50955438516187,14:09:15.438,5.8600,100
50956257479734,14:09:16.257,5.8600,21
50956257479734,14:09:16.257,5.8600,79
50962446429052,14:09:22.446,5.8700,100
51090372680520,14:11:30.372,5.8800,400
51090372680520,14:11:30.372,5.8800,100
51090373027635,14:11:30.373,5.8900,36
51090373903093,14:11:30.373,5.8900,1100
51090373937987,14:11:30.373,5.8900,400
51142671200600,14:12:22.671,5.8900,500
51142671225788,14:12:22.671,5.8900,4364
51142671225788,14:12:22.671,5.8900,100
51142693230664,14:12:22.693,5.9000,100
51142693230664,14:12:22.693,5.9000,100
51175756707572,14:12:55.756,5.9100,100
51175756733028,14:12:55.756,5.9100,100
51175758163177,14:12:55.758,5.9200,100
51185805317554,14:13:05.805,5.9200,100
51185805317554,14:13:05.805,5.9200,200
51185811346292,14:13:05.811,5.9300,2
51240172425889,14:14:00.172,5.9300,621
51240172425889,14:14:00.172,5.9300,100
51256422805881,14:14:16.422,5.9300,100
51300319210412,14:15:00.319,5.9300,781
51304089727810,14:15:04.089,5.9200,100
51304095851669,14:15:04.095,5.9100,100
51304095851669,14:15:04.095,5.9100,100
51347994808917,14:15:47.994,5.9100,100
51456936434063,14:17:36.936,5.9100,100
51456936434063,14:17:36.936,5.9100,100
51457437739651,14:17:37.437,5.9000,100
51457437753234,14:17:37.437,5.9000,100
51457438197150,14:17:37.438,5.9000,500
51457438197150,14:17:37.438,5.9000,100
51457438197150,14:17:37.438,5.9000,100
51457438218856,14:17:37.438,5.9000,34
51457438218856,14:17:37.438,5.9000,100
51457438218856,14:17:37.438,5.9000,66
51472186501322,14:17:52.186,5.9000,100
51472186501322,14:17:52.186,5.9000,200
51472186501322,14:17:52.186,5.9000,100
51472186501322,14:17:52.186,5.9000,700
51472186501322,14:17:52.186,5.9000,300
51755285093056,14:22:35.285,5.9000,100
51758753353982,14:22:38.753,5.9000,100
51942761106849,14:25:42.761,5.9000,100
51942761150286,14:25:42.761,5.9000,100
51942761170607,14:25:42.761,5.9000,100
51942761197354,14:25:42.761,5.9000,100
51942761197354,14:25:42.761,5.9000,100
51942761197354,14:25:42.761,5.9000,100
51942761204614,14:25:42.761,5.9000,100
51942761405226,14:25:42.761,5.9000,68
51960093867049,14:26:00.093,5.8950,200
51960093867049,14:26:00.093,5.8900,100
51960093894932,14:26:00.093,5.8900,200
51960093894932,14:26:00.093,5.8900,200
51960105367527,14:26:00.105,5.8850,200
51967632099563,14:26:07.632,5.8800,100
51996536854795,14:26:36.536,5.8700,100
52015189063298,14:26:55.189,5.8600,100
52015189088299,14:26:55.189,5.8600,100
52015189088299,14:26:55.189,5.8600,100
52253173994952,14:30:53.173,5.8500,200
52253173994952,14:30:53.173,5.8500,100
52253173994952,14:30:53.173,5.8500,100
52265144542196,14:31:05.144,5.8400,100
52265149686589,14:31:05.149,5.8400,100
52265149686589,14:31:05.149,5.8400,100
52265149718971,14:31:05.149,5.8400,100
52265159823261,14:31:05.159,5.8500,100
52265159823261,14:31:05.159,5.8500,100
52265159823261,14:31:05.159,5.8500,200
52281855442754,14:31:21.855,5.8500,100
52281855442754,14:31:21.855,5.8500,100
52441098928549,14:34:01.098,5.8500,100
52521309555747,14:35:21.309,5.8500,88
52521309555747,14:35:21.309,5.8500,12
52521309783368,14:35:21.309,5.8500,1
52521332280757,14:35:21.332,5.8550,100
52731177047178,14:38:51.177,5.8700,100
52941474965085,14:42:21.474,5.8800,100
53002075403312,14:43:22.075,5.8800,100
53002075432463,14:43:22.075,5.8800,115
53002075432463,14:43:22.075,5.8800,100
53002075432463,14:43:22.075,5.8800,200
53002075432463,14:43:22.075,5.8800,100
53002075432463,14:43:22.075,5.8800,100
53002075804758,14:43:22.075,5.8800,100
53002075804758,14:43:22.075,5.8800,100
53002075804758,14:43:22.075,5.8800,100
53002433183579,14:43:22.433,5.8800,100
53015348259201,14:43:35.348,5.8800,100
53089017353040,14:44:49.017,5.8900,100
53089019120103,14:44:49.019,5.9000,100
53091343042547,14:44:51.343,5.9000,100
53214623433372,14:46:54.623,5.9000,100
53214623433372,14:46:54.623,5.9000,100
53304952729873,14:48:24.952,5.9100,100
53304953438551,14:48:24.953,5.9100,200
53304953438551,14:48:24.953,5.9100,200
53379408432088,14:49:39.408,5.9000,100
53381247204003,14:49:41.247,5.8900,100
53381247204003,14:49:41.247,5.8900,100
53405785209595,14:50:05.785,5.8900,100
53406284934608,14:50:06.284,5.8900,100
53406825810656,14:50:06.825,5.9000,100
53415802491694,14:50:15.802,5.8900,100
53534447321839,14:52:14.447,5.8900,100
53534648369223,14:52:14.648,5.9000,200
53534648369223,14:52:14.648,5.9000,200
53826360749027,14:57:06.360,5.9000,200
53826360749027,14:57:06.360,5.9000,100
53826360749027,14:57:06.360,5.9000,100
53826360780194,14:57:06.360,5.9000,200
53844459475125,14:57:24.459,5.8900,100
53894042319382,14:58:14.042,5.9000,65
54210245386126,15:03:30.245,5.8900,200
54210245386126,15:03:30.245,5.8900,100
54210245386126,15:03:30.245,5.8900,90
54210245399936,15:03:30.245,5.8900,10
54210245399936,15:03:30.245,5.8900,100
54210245399936,15:03:30.245,5.8900,100
54246375800870,15:04:06.375,5.8800,100
54246375800870,15:04:06.375,5.8800,100
54246375825729,15:04:06.375,5.8800,100
54265627052052,15:04:25.627,5.8700,300
54290432560875,15:04:50.432,5.8700,600
54290432560875,15:04:50.432,5.8700,100
54290432560875,15:04:50.432,5.8700,100
54290432560875,15:04:50.432,5.8700,100
54290432560875,15:04:50.432,5.8700,100
54290432560875,15:04:50.432,5.8700,100
54290433724384,15:04:50.433,5.8800,100
54306846796327,15:05:06.846,5.8800,100
54387849324310,15:06:27.849,5.8800,100
54387849324310,15:06:27.849,5.8800,100
54463939264504,15:07:43.939,5.8700,100
54468479534704,15:07:48.479,5.8700,100
54468479534704,15:07:48.479,5.8700,100
54507426945436,15:08:27.426,5.8700,100
54521162468978,15:08:41.162,5.8700,100
54521164190341,15:08:41.164,5.8700,79
54662176893348,15:11:02.176,5.8700,4
54662176941155,15:11:02.176,5.8700,96
54662176941155,15:11:02.176,5.8700,100
54662176941155,15:11:02.176,5.8700,100
54662176941155,15:11:02.176,5.8700,100
54669934996906,15:11:09.934,5.8600,100
54816714048702,15:13:36.714,5.8700,100
54818585250387,15:13:38.585,5.8800,200
54818585250387,15:13:38.585,5.8800,100
54900044452637,15:15:00.044,5.8800,100
54900044452637,15:15:00.044,5.8800,200
54900044452637,15:15:00.044,5.8800,100
54900044452637,15:15:00.044,5.8800,100
54900048504956,15:15:00.048,5.8700,100
54900048504956,15:15:00.048,5.8700,100
54900048624110,15:15:00.048,5.8700,100
54900048624110,15:15:00.048,5.8700,100
54900051881147,15:15:00.051,5.8600,100
54900051881147,15:15:00.051,5.8600,100
54900051881147,15:15:00.051,5.8600,164
54911540454257,15:15:11.540,5.8700,10
54911542673601,15:15:11.542,5.8700,74
54911543239268,15:15:11.543,5.8700,26
54911543239268,15:15:11.543,5.8700,100
54911543239268,15:15:11.543,5.8700,74
54915386643577,15:15:15.386,5.8700,74
54928793855232,15:15:28.793,5.8800,100
54928793855232,15:15:28.793,5.8800,100
54934280654449,15:15:34.280,5.8800,100
55206594714878,15:20:06.594,5.8800,100
55428973829886,15:23:48.973,5.8800,100
55428973887096,15:23:48.973,5.8800,100
55428974252247,15:23:48.974,5.8800,200
55428974252247,15:23:48.974,5.8800,100
55646749042663,15:27:26.749,5.8700,200
55646749042663,15:27:26.749,5.8700,100
55646749042663,15:27:26.749,5.8700,100
55681684553181,15:28:01.684,5.8700,102
55706931438710,15:28:26.931,5.8800,100
55751486121654,15:29:11.486,5.8800,100
55751486121654,15:29:11.486,5.8800,100
55796864529830,15:29:56.864,5.8700,100
55800047745084,15:30:00.047,5.8700,36
55844278637946,15:30:44.278,5.8800,100
55844278840251,15:30:44.278,5.8800,100
55962370213836,15:32:42.370,5.8900,100
56003772414959,15:33:23.772,5.8900,200
56003772486235,15:33:23.772,5.8900,100
56003772486235,15:33:23.772,5.8900,14
56142577732436,15:35:42.577,5.8900,100
56584457648926,15:43:04.457,5.8900,100
56623696989052,15:43:43.696,5.8900,100
56623696989052,15:43:43.696,5.8900,100
56623696989052,15:43:43.696,5.8900,100
56686764485713,15:44:46.764,5.9000,100
56713498569991,15:45:13.498,5.9000,300
56713498801425,15:45:13.498,5.9000,200
56713499201849,15:45:13.499,5.9000,423
56713499208885,15:45:13.499,5.9000,27
56713499208885,15:45:13.499,5.9000,200
56713499208885,15:45:13.499,5.9000,100
56713499208885,15:45:13.499,5.9000,100
56713499208885,15:45:13.499,5.9000,100
56713570789738,15:45:13.570,5.9100,100
56720319930836,15:45:20.319,5.9100,200
56764711458837,15:46:04.711,5.9200,100
56769410070532,15:46:09.410,5.9200,100
56773657245599,15:46:13.657,5.9200,100
56800043599217,15:46:40.043,5.9200,100
56806466482482,15:46:46.466,5.9200,16
56809772656405,15:46:49.772,5.9300,100
56836945165432,15:47:16.945,5.9300,100
56893838990980,15:48:13.838,5.9400,50
56893838990980,15:48:13.838,5.9400,50
56938927879154,15:48:58.927,5.9400,50
56957123195341,15:49:17.123,5.9500,100
56983984913892,15:49:43.984,5.9500,100
56983985734253,15:49:43.985,5.9500,100
56990019685320,15:49:50.019,5.9500,100
56997933564332,15:49:57.933,5.9500,100
57014037094927,15:50:14.037,5.9500,100
57019942968463,15:50:19.942,5.9500,50
57019942968463,15:50:19.942,5.9500,50
57019943082580,15:50:19.943,5.9500,100
57039620182332,15:50:39.620,5.9500,4
57092002372850,15:51:32.002,5.9500,100
57092002372850,15:51:32.002,5.9500,100
57092002372850,15:51:32.002,5.9500,300
57092002372850,15:51:32.002,5.9500,700
57092002372850,15:51:32.002,5.9500,100
57092002372850,15:51:32.002,5.9500,251
57095372722956,15:51:35.372,5.9500,100
57096716129360,15:51:36.716,5.9500,100
57096716206518,15:51:36.716,5.9500,100
57106021265142,15:51:46.021,5.9500,100
57106021265142,15:51:46.021,5.9500,100
57106021265142,15:51:46.021,5.9500,200
57162694989567,15:52:42.694,5.9400,100
57162694989567,15:52:42.694,5.9400,200
57162694989567,15:52:42.694,5.9400,100
57162694989567,15:52:42.694,5.9400,700
57162694989567,15:52:42.694,5.9400,100
57162694989567,15:52:42.694,5.9400,127
57162694989567,15:52:42.694,5.9400,100
57162695567245,15:52:42.695,5.9400,200
57162695605335,15:52:42.695,5.9400,100
57170858726515,15:52:50.858,5.9350,200
57214465066368,15:53:34.465,5.9350,100
57219465832518,15:53:39.465,5.9350,100
57224465652553,15:53:44.465,5.9350,100
57236474276645,15:53:56.474,5.9350,100
57283533736012,15:54:43.533,5.9350,100
57397453363535,15:56:37.453,5.9400,100
57397453363535,15:56:37.453,5.9400,100
57397453363535,15:56:37.453,5.9400,100
57399945296354,15:56:39.945,5.9400,100
57411327062897,15:56:51.327,5.9400,10
57426226578441,15:57:06.226,5.9400,90
57426226578441,15:57:06.226,5.9400,100
57426226578441,15:57:06.226,5.9400,200
57426226578441,15:57:06.226,5.9400,110
57426232149419,15:57:06.232,5.9400,61
57426232149419,15:57:06.232,5.9400,439
57433318041496,15:57:13.318,5.9400,61
57433318041496,15:57:13.318,5.9400,100
57433318041496,15:57:13.318,5.9400,39
57434897184718,15:57:14.897,5.9400,1
57434897184718,15:57:14.897,5.9400,100
57434897260518,15:57:14.897,5.9400,64
57464410172774,15:57:44.410,5.9450,100
57490465151330,15:58:10.465,5.9450,100
57491944266974,15:58:11.944,5.9500,100
57521826003278,15:58:41.826,5.9500,400
57521826003278,15:58:41.826,5.9500,100
57521826003278,15:58:41.826,5.9500,200
57521826003278,15:58:41.826,5.9500,400
57521826003278,15:58:41.826,5.9500,100
57521826003278,15:58:41.826,5.9500,1475
57521827743884,15:58:41.827,5.9500,289
57521836531140,15:58:41.836,5.9500,72
57521836531140,15:58:41.836,5.9500,289
57521841935015,15:58:41.841,5.9500,75
57521843909587,15:58:41.843,5.9500,100
57532258816920,15:58:52.258,5.9500,300
57532258816920,15:58:52.258,5.9500,100
57532258816920,15:58:52.258,5.9500,1000
57532258816920,15:58:52.258,5.9500,200
57532258816920,15:58:52.258,5.9500,200
57532258816920,15:58:52.258,5.9500,100
57532258816920,15:58:52.258,5.9500,97
57532258816920,15:58:52.258,5.9500,62
57532258816920,15:58:52.258,5.9500,700
57532258816920,15:58:52.258,5.9500,279
57532258816920,15:58:52.258,5.9500,44
57532258863626,15:58:52.258,5.9500,200
57532259953106,15:58:52.259,5.9500,200
57532259991458,15:58:52.259,5.9500,64
57532260467513,15:58:52.260,5.9500,200
57532260895374,15:58:52.260,5.9500,25
57532262225882,15:58:52.262,5.9500,75
57532270545835,15:58:52.270,5.9500,836
57532270545835,15:58:52.270,5.9500,245
57532270628807,15:58:52.270,5.9500,100
57532271175470,15:58:52.271,5.9500,200
57532274145505,15:58:52.274,5.9500,100
57532274145505,15:58:52.274,5.9500,200
57532274145505,15:58:52.274,5.9500,18
57548464972360,15:59:08.464,5.9450,100
57561000204443,15:59:21.000,5.9500,24
57570237864739,15:59:30.237,5.9500,58
57570237864739,15:59:30.237,5.9500,31
57571669466648,15:59:31.669,5.9500,30
57575337685540,15:59:35.337,5.9500,78
57575466562229,15:59:35.466,5.9500,100
57575707354170,15:59:35.707,5.9500,21
57580803044713,15:59:40.803,5.9500,600
57581023173076,15:59:41.023,5.9500,7
57585316128921,15:59:45.316,5.9500,72
57585316128921,15:59:45.316,5.9500,21
57591085756382,15:59:51.085,5.9400,9
57594042290942,15:59:54.042,5.9500,100
57595641689598,15:59:55.641,5.9500,400
57595641847879,15:59:55.641,5.9500,62
57595721038304,15:59:55.721,5.9500,60
57596016847477,15:59:56.016,5.9500,200
57597918273538,15:59:57.918,5.9500,200
57600309281116,16:00:00.309,5.9500,14129
