timestamp,time,price,volume
34200455839496,09:30:00.455,0.0000,0
34253353365841,09:30:53.353,46.0900,55
34253353365841,09:30:53.353,46.0900,45
34254206421617,09:30:54.206,46.0900,4
34259829320956,09:30:59.829,46.0900,16
34393213363177,09:33:13.213,46.0200,80
34448186437885,09:34:08.186,45.9900,100
34448186437885,09:34:08.186,45.9900,129
34448187761941,09:34:08.187,45.9900,100
34454998393165,09:34:14.998,46.0200,100
34461271221143,09:34:21.271,46.0200,100
34474304923330,09:34:34.304,46.0400,100
34474304949419,09:34:34.304,46.0500,100
34493507455306,09:34:53.507,46.0700,100
34504077815979,09:35:04.077,46.1000,83
34504077815979,09:35:04.077,46.1000,100
34504077815979,09:35:04.077,46.1000,3
34504090126476,09:35:04.090,46.1100,200
34504090126476,09:35:04.090,46.1100,100
34504090724620,09:35:04.090,46.1100,78
34504090784983,09:35:04.090,46.1100,5
34504091381071,09:35:04.091,46.1100,17
34504091450691,09:35:04.091,46.1100,100
34504091508085,09:35:04.091,46.1100,100
34504093886339,09:35:04.093,46.1200,3
34504093886339,09:35:04.093,46.1200,63
34504093890083,09:35:04.093,46.1200,37
34504093890083,09:35:04.093,46.1200,100
34504093911696,09:35:04.093,46.1200,137
34504093958921,09:35:04.093,46.1200,100
34504093958921,09:35:04.093,46.1200,100
34504093958921,09:35:04.093,46.1200,100
34504093958921,09:35:04.093,46.1100,100
34504093958921,09:35:04.093,46.1100,100
34504093958921,09:35:04.093,46.1100,100
34506727185317,09:35:06.727,46.0800,100
34532649083653,09:35:32.649,46.0500,100
34532649611118,09:35:32.649,46.0500,100
34532649611118,09:35:32.649,46.0500,100
34535651213384,09:35:35.651,46.0600,30
34535651213384,09:35:35.651,46.0600,100
34535651213384,09:35:35.651,46.0600,100
34535651276672,09:35:35.651,46.0700,100
34535652660451,09:35:35.652,46.0900,100
34536699395040,09:35:36.699,46.0700,100
34537123749513,09:35:37.123,46.0600,100
34537186614596,09:35:37.186,46.0600,100
34593568813343,09:36:33.568,46.0700,98
34593568817469,09:36:33.568,46.0700,2
34593568817469,09:36:33.568,46.0700,98
34593568833706,09:36:33.568,46.0700,2
34593568833706,09:36:33.568,46.0700,76
34593568837613,09:36:33.568,46.0700,114
34593630615327,09:36:33.630,46.0500,200
34593850123048,09:36:33.850,46.0400,100
34593852783520,09:36:33.852,46.0400,100
34593853139455,09:36:33.853,46.0500,100
34593853139455,09:36:33.853,46.0500,100
34595309533118,09:36:35.309,46.0500,20
34595309533118,09:36:35.309,46.0500,79
34595310295083,09:36:35.310,46.0500,21
34608545779245,09:36:48.545,46.0400,100
34647230068505,09:37:27.230,46.0900,200
34647230068505,09:37:27.230,46.0900,100
34647230545302,09:37:27.230,46.1000,47
34647230741249,09:37:27.230,46.0900,100
34663613489195,09:37:43.613,46.0700,100
34667733810347,09:37:47.733,46.0600,100
34667733810347,09:37:47.733,46.0600,200
34668040451390,09:37:48.040,46.0500,100
34674277985825,09:37:54.277,46.0400,100
34683284651452,09:38:03.284,46.0500,100
34692887181842,09:38:12.887,46.0400,100
34692887243703,09:38:12.887,46.0400,200
34692887374372,09:38:12.887,46.0400,100
34736516587511,09:38:56.516,46.1100,100
34760691364486,09:39:20.691,46.1400,92
34804974857189,09:40:04.974,46.1400,200
34821158418555,09:40:21.158,46.1600,190
34821158418555,09:40:21.158,46.1600,100
34838564753170,09:40:38.564,46.1500,5
34838564753170,09:40:38.564,46.1400,100
34838564753170,09:40:38.564,46.1400,195
34838564832244,09:40:38.564,46.1400,5
34859824336762,09:40:59.824,46.1000,200
34920478869464,09:42:00.478,46.1000,100
34920480564963,09:42:00.480,46.1200,100
34920481471518,09:42:00.481,46.1300,100
34923654398132,09:42:03.654,46.1600,195
34923686283979,09:42:03.686,46.1600,5
34944707942692,09:42:24.707,46.1600,200
34944707942692,09:42:24.707,46.1600,100
34944708080656,09:42:24.708,46.1600,27
34944708125750,09:42:24.708,46.1600,73
34944708205037,09:42:24.708,46.1600,100
34944708205037,09:42:24.708,46.1600,100
34944708205037,09:42:24.708,46.1600,100
34944708205037,09:42:24.708,46.1600,100
34944708320150,09:42:24.708,46.1600,100
34946676654256,09:42:26.676,46.1500,100
34946726760362,09:42:26.726,46.1500,100
34946870625844,09:42:26.870,46.1400,100
35017115733552,09:43:37.115,46.1500,100
35019049521866,09:43:39.049,46.1500,100
35019049521866,09:43:39.049,46.1500,100
35029707435183,09:43:49.707,46.1600,100
35029710299597,09:43:49.710,46.1800,100
35031651542042,09:43:51.651,46.1700,100
35031652216647,09:43:51.652,46.1700,100
35037390488988,09:43:57.390,46.1900,100
35037390612759,09:43:57.390,46.1800,100
35037390612759,09:43:57.390,46.1800,100
35037390612759,09:43:57.390,46.1800,100
35037391127984,09:43:57.391,46.1800,100
35037391168101,09:43:57.391,46.1800,100
35037406330913,09:43:57.406,46.1800,100
35037406356274,09:43:57.406,46.1800,100
35037406356274,09:43:57.406,46.1800,100
35040055741047,09:44:00.055,46.1700,100
35040055741047,09:44:00.055,46.1700,100
35040056024043,09:44:00.056,46.1700,100
35040056124310,09:44:00.056,46.1600,100
35040056124310,09:44:00.056,46.1600,100
35040056124310,09:44:00.056,46.1600,100
35040056124310,09:44:00.056,46.1600,100
35040164828337,09:44:00.164,46.1600,100
35040164828337,09:44:00.164,46.1600,100
35047801903377,09:44:07.801,46.1600,100
35047818875341,09:44:07.818,46.1500,100
35047818875341,09:44:07.818,46.1500,100
35047818875341,09:44:07.818,46.1500,100
35047927183800,09:44:07.927,46.1500,100
35047927183800,09:44:07.927,46.1500,100
35047927183800,09:44:07.927,46.1500,100
35050412967278,09:44:10.412,46.1600,100
35050464300389,09:44:10.464,46.1600,100
35053660868230,09:44:13.660,46.1600,100
35058007666886,09:44:18.007,46.1600,54
35108355268259,09:45:08.355,46.1900,7
35130072678790,09:45:30.072,46.2000,2
35137197184573,09:45:37.197,46.1800,100
35162080066615,09:46:02.080,46.2000,100
35184168276889,09:46:24.168,46.2000,100
35184172204664,09:46:24.172,46.2000,200
35184172204664,09:46:24.172,46.2000,100
35184172204664,09:46:24.172,46.2000,100
35184175110146,09:46:24.175,46.2100,100
35204652011240,09:46:44.652,46.2100,100
35204652011240,09:46:44.652,46.2100,100
35209715025368,09:46:49.715,46.2100,100
35211501723199,09:46:51.501,46.2100,100
35211505129271,09:46:51.505,46.2100,100
35211505129271,09:46:51.505,46.2100,100
35217833296902,09:46:57.833,46.2100,100
35217833296902,09:46:57.833,46.2100,100
35217833528154,09:46:57.833,46.2100,2
35219964843950,09:46:59.964,46.2000,100
35219964843950,09:46:59.964,46.2000,100
35219965080689,09:46:59.965,46.2000,2
35219974132288,09:46:59.974,46.2000,200
35219974132288,09:46:59.974,46.2000,100
35219974132288,09:46:59.974,46.2000,100
35219974159401,09:46:59.974,46.2000,100
35219974159401,09:46:59.974,46.2000,100
35231794312685,09:47:11.794,46.2100,100
35231794312685,09:47:11.794,46.2100,100
35258741618599,09:47:38.741,46.2000,100
35258741618599,09:47:38.741,46.2000,75
35260019487471,09:47:40.019,46.2000,100
35260022856897,09:47:40.022,46.2000,100
35260022856897,09:47:40.022,46.2000,100
35260022856897,09:47:40.022,46.2000,100
35267642979189,09:47:47.642,46.2000,100
35267642979189,09:47:47.642,46.2000,100
35281125127545,09:48:01.125,46.2000,100
35289177371596,09:48:09.177,46.2000,2
35289177371596,09:48:09.177,46.2000,98
35289177846329,09:48:09.177,46.2000,2
35306117135239,09:48:26.117,46.2000,100
35306419335457,09:48:26.419,46.2000,100
35330647410165,09:48:50.647,46.1900,200
35330647410165,09:48:50.647,46.1900,100
35330678506836,09:48:50.678,46.1800,2
35334530808702,09:48:54.530,46.1800,100
35364709407511,09:49:24.709,46.2000,100
35364709407511,09:49:24.709,46.2000,100
35364709407511,09:49:24.709,46.2000,100
35368116708647,09:49:28.116,46.2000,1
35375081795600,09:49:35.081,46.1800,100
35375081795600,09:49:35.081,46.1800,2
35385909684529,09:49:45.909,46.1700,100
35399012615916,09:49:59.012,46.1600,100
35399022794666,09:49:59.022,46.1600,100
35403483671260,09:50:03.483,46.1500,100
35412523818689,09:50:12.523,46.1500,100
35419469560386,09:50:19.469,46.1500,100
35421461915114,09:50:21.461,46.1500,100
35422975271361,09:50:22.975,46.1600,100
35423698819485,09:50:23.698,46.1600,100
35423698819485,09:50:23.698,46.1600,100
35423701035460,09:50:23.701,46.1600,100
35423701035460,09:50:23.701,46.1600,100
35423701035460,09:50:23.701,46.1600,100
35423701035460,09:50:23.701,46.1600,100
35424124703338,09:50:24.124,46.1600,100
35424124703338,09:50:24.124,46.1600,100
35424876476759,09:50:24.876,46.1700,100
35425214851472,09:50:25.214,46.1700,100
35425214851472,09:50:25.214,46.1700,100
35425216794434,09:50:25.216,46.1600,100
35425216864223,09:50:25.216,46.1600,100
35425216864223,09:50:25.216,46.1600,100
35425216864223,09:50:25.216,46.1700,100
35425216864223,09:50:25.216,46.1700,100
35425216864223,09:50:25.216,46.1700,100
35425216864223,09:50:25.216,46.1700,100
35425217595404,09:50:25.217,46.1700,200
35425217595404,09:50:25.217,46.1700,100
35425221257883,09:50:25.221,46.1700,52
35426984218128,09:50:26.984,46.1600,100
35427614240947,09:50:27.614,46.1600,100
35427614240947,09:50:27.614,46.1600,100
35427614240947,09:50:27.614,46.1600,100
35427820522378,09:50:27.820,46.1600,7
35434134124519,09:50:34.134,46.1600,100
35442622819162,09:50:42.622,46.1500,2
35449913964269,09:50:49.913,46.1500,100
35449913996517,09:50:49.913,46.1500,100
35460248373347,09:51:00.248,46.1500,100
35463319777096,09:51:03.319,46.1500,8
35469727808700,09:51:09.727,46.1500,100
35470550734938,09:51:10.550,46.1500,78
35470550815187,09:51:10.550,46.1500,22
35470551001572,09:51:10.551,46.1500,22
35484633252799,09:51:24.633,46.1500,2
35510446823711,09:51:50.446,46.1400,100
35510446823711,09:51:50.446,46.1400,2
35510446842998,09:51:50.446,46.1400,5
35510449184884,09:51:50.449,46.1400,200
35510449184884,09:51:50.449,46.1400,100
35510449184884,09:51:50.449,46.1400,100
35510449184884,09:51:50.449,46.1400,100
35510449184884,09:51:50.449,46.1400,100
35510449184884,09:51:50.449,46.1400,100
35510449184884,09:51:50.449,46.1400,100
35510449184884,09:51:50.449,46.1400,100
35521290512749,09:52:01.290,46.1500,78
35521290538693,09:52:01.290,46.1500,22
35521290538693,09:52:01.290,46.1500,100
35527681886858,09:52:07.681,46.1600,100
35527681886858,09:52:07.681,46.1600,100
35528092149638,09:52:08.092,46.1600,100
35528092149638,09:52:08.092,46.1600,100
35528092324282,09:52:08.092,46.1600,100
35528092352390,09:52:08.092,46.1600,100
35528092352390,09:52:08.092,46.1600,100
35528092453918,09:52:08.092,46.1600,100
35528092453918,09:52:08.092,46.1600,100
35528092453918,09:52:08.092,46.1600,100
35528093267635,09:52:08.093,46.1600,100
35528093267635,09:52:08.093,46.1600,100
35528093267635,09:52:08.093,46.1600,100
35528093267635,09:52:08.093,46.1600,100
35534861889523,09:52:14.861,46.1500,100
35539517855471,09:52:19.517,46.1400,6
35539517876315,09:52:19.517,46.1400,94
35570392940417,09:52:50.392,46.1300,100
35570392940417,09:52:50.392,46.1300,100
35570393583178,09:52:50.393,46.1300,2
35575838323266,09:52:55.838,46.1200,100
35583140789684,09:53:03.140,46.1100,100
35583140789684,09:53:03.140,46.1100,100
35584545539213,09:53:04.545,46.1000,67
35584545640645,09:53:04.545,46.1000,33
35586989027663,09:53:06.989,46.0900,22
35586989117280,09:53:06.989,46.0900,22
35586989559653,09:53:06.989,46.0900,22
35586989744755,09:53:06.989,46.0900,12
35586989779723,09:53:06.989,46.0900,10
35586989815923,09:53:06.989,46.0900,2
35586989850444,09:53:06.989,46.0900,8
35586989940900,09:53:06.989,46.0900,2
35606477769089,09:53:26.477,46.0900,100
35621640991480,09:53:41.640,46.1000,2
35621641018041,09:53:41.641,46.1000,98
35621641018041,09:53:41.641,46.1000,100
35621641069143,09:53:41.641,46.1000,67
35626127615729,09:53:46.127,46.1100,9
35641838789418,09:54:01.838,46.1300,100
35659713461884,09:54:19.713,46.1400,2
35659713801621,09:54:19.713,46.1300,100
35659713878052,09:54:19.713,46.1300,50
35659713903501,09:54:19.713,46.1300,50
35659713903501,09:54:19.713,46.1300,2
35659714589562,09:54:19.714,46.1300,100
35695819202745,09:54:55.819,46.1400,100
35745631630980,09:55:45.631,46.1400,100
35745631657600,09:55:45.631,46.1400,2
35745631657600,09:55:45.631,46.1400,100
35745632887415,09:55:45.632,46.1300,200
35760990073847,09:56:00.990,46.0900,100
35807488860218,09:56:47.488,46.1000,100
35840809553724,09:57:20.809,46.0900,100
35840809553724,09:57:20.809,46.0900,100
35862902734866,09:57:42.902,46.0800,2
35862951627260,09:57:42.951,46.0700,10
35862951627260,09:57:42.951,46.0700,100
35871233979581,09:57:51.233,46.0600,100
35879012951169,09:57:59.012,46.0600,100
35879076288754,09:57:59.076,46.0700,100
35882026763391,09:58:02.026,46.0700,200
35882026763391,09:58:02.026,46.0700,100
35882026763391,09:58:02.026,46.0700,100
35882026763391,09:58:02.026,46.0700,100
35882026763391,09:58:02.026,46.0700,100
35882026763391,09:58:02.026,46.0700,100
35895267868199,09:58:15.267,46.0700,79
35914727847069,09:58:34.727,46.0700,100
35922051158923,09:58:42.051,46.0800,2
35961214609763,09:59:21.214,46.0700,100
35976858250271,09:59:36.858,46.0600,100
35976858440046,09:59:36.858,46.0600,78
35976858584181,09:59:36.858,46.0600,22
35981170604091,09:59:41.170,46.0600,70
35981170632980,09:59:41.170,46.0600,30
35986527398102,09:59:46.527,46.0600,100
35986835720940,09:59:46.835,46.0600,100
35987766922529,09:59:47.766,46.0700,3
35992051178625,09:59:52.051,46.0700,3
36010871221517,10:00:10.871,46.0600,86
36010871283716,10:00:10.871,46.0600,14
36010871283716,10:00:10.871,46.0600,86
36010871906107,10:00:10.871,46.0600,14
36021478468244,10:00:21.478,46.0700,10
36021478496335,10:00:21.478,46.0700,11
36022473691991,10:00:22.473,46.0700,80
36070877154609,10:01:10.877,46.0800,100
36070877154609,10:01:10.877,46.0800,100
36070877154609,10:01:10.877,46.0800,88
36072719719220,10:01:12.719,46.0600,100
36087882392468,10:01:27.882,46.0600,100
36155490889968,10:02:35.490,46.0600,100
36155490889968,10:02:35.490,46.0600,5
36155490889968,10:02:35.490,46.0600,6
36155490889968,10:02:35.490,46.0600,100
36166006573715,10:02:46.006,46.0600,24
36166006573715,10:02:46.006,46.0600,54
36166006600200,10:02:46.006,46.0600,46
36166686863912,10:02:46.686,46.0500,144
36166687604496,10:02:46.687,46.0500,56
36166687604496,10:02:46.687,46.0500,100
36166687604496,10:02:46.687,46.0500,100
36166691341361,10:02:46.691,46.0400,100
36166691341361,10:02:46.691,46.0400,100
36166691341361,10:02:46.691,46.0400,27
36166695186260,10:02:46.695,46.0400,100
36166714111026,10:02:46.714,46.0300,100
36166714111026,10:02:46.714,46.0300,27
36166714111026,10:02:46.714,46.0300,100
36166831429533,10:02:46.831,46.0300,100
36166831429533,10:02:46.831,46.0300,100
36173929552275,10:02:53.929,46.0300,100
36176408800218,10:02:56.408,46.0300,100
36179719497765,10:02:59.719,46.0300,100
36179719497765,10:02:59.719,46.0300,26
36198096640307,10:03:18.096,46.0500,100
36198096640307,10:03:18.096,46.0500,100
36287388574620,10:04:47.388,46.0900,100
36287388574620,10:04:47.388,46.0900,100
36289835167856,10:04:49.835,46.0900,51
36289835396622,10:04:49.835,46.0900,49
36321729664806,10:05:21.729,46.1100,78
36321729699226,10:05:21.729,46.1100,22
36321729699226,10:05:21.729,46.1100,100
36322230224551,10:05:22.230,46.1200,20
36322230224551,10:05:22.230,46.1200,30
36327811370832,10:05:27.811,46.1200,100
36331696033959,10:05:31.696,46.1200,49
36331696437571,10:05:31.696,46.1200,5
36332022894244,10:05:32.022,46.1200,100
36336581948468,10:05:36.581,46.1200,100
36364989205237,10:06:04.989,46.1300,100
36438559268681,10:07:18.559,46.1500,6
36438559268681,10:07:18.559,46.1500,94
36438559299302,10:07:18.559,46.1500,6
36449128408442,10:07:29.128,46.1500,42
36471453919758,10:07:51.453,46.1600,78
36471453949624,10:07:51.453,46.1600,22
36471454155375,10:07:51.454,46.1600,10
36488663009841,10:08:08.663,46.1900,100
36493570777524,10:08:13.570,46.1900,4
36493570777524,10:08:13.570,46.1900,100
36494877229143,10:08:14.877,46.1800,78
36494877253836,10:08:14.877,46.1800,22
36537058078372,10:08:57.058,46.1900,78
36537058117542,10:08:57.058,46.1900,22
36546738829273,10:09:06.738,46.1800,100
36547865843309,10:09:07.865,46.1800,50
36548695462478,10:09:08.695,46.1900,100
36550312100478,10:09:10.312,46.1900,100
36550312100478,10:09:10.312,46.1900,100
36568947250098,10:09:28.947,46.2000,100
36571028349198,10:09:31.028,46.2000,100
36582918089686,10:09:42.918,46.1900,100
36621719298975,10:10:21.719,46.2200,100
36621720460432,10:10:21.720,46.2300,100
36621720460432,10:10:21.720,46.2300,22
36621726064237,10:10:21.726,46.2300,18
36621731462242,10:10:21.731,46.2300,100
36621731462242,10:10:21.731,46.2300,100
36623984924069,10:10:23.984,46.2200,100
36623984924069,10:10:23.984,46.2200,4
36631064708377,10:10:31.064,46.2100,24
36631064712777,10:10:31.064,46.2100,74
36631064712777,10:10:31.064,46.2100,100
36636069441056,10:10:36.069,46.2000,100
36637947458288,10:10:37.947,46.2000,100
36638029697496,10:10:38.029,46.2100,100
36638029697496,10:10:38.029,46.2100,100
36639412648591,10:10:39.412,46.2100,300
36641549003872,10:10:41.549,46.2000,100
36641549003872,10:10:41.549,46.2000,100
36666626992937,10:11:06.626,46.2000,35
36691378099020,10:11:31.378,46.2000,65
36701220494690,10:11:41.220,46.2300,18
36705454727245,10:11:45.454,46.2300,78
36705454758997,10:11:45.454,46.2300,22
36705454758997,10:11:45.454,46.2300,100
36708691982898,10:11:48.691,46.2400,100
36708698467512,10:11:48.698,46.2500,100
36725881894162,10:12:05.881,46.2400,100
36725881894162,10:12:05.881,46.2400,131
36750474293731,10:12:30.474,46.2300,100
36750474293731,10:12:30.474,46.2300,3
36750474293731,10:12:30.474,46.2300,100
36750474293731,10:12:30.474,46.2300,27
36750474306331,10:12:30.474,46.2300,73
36752309323735,10:12:32.309,46.2200,100
36752309323735,10:12:32.309,46.2200,100
36752310267842,10:12:32.310,46.2200,5
36800513330364,10:13:20.513,46.2100,18
36800514300253,10:13:20.514,46.2200,100
36800514300253,10:13:20.514,46.2200,100
36807325698200,10:13:27.325,46.2200,100
36807350511074,10:13:27.350,46.2200,100
36807350597560,10:13:27.350,46.2200,21
36807350620576,10:13:27.350,46.2200,79
36812234513193,10:13:32.234,46.2200,100
36812234513193,10:13:32.234,46.2200,100
36817947617004,10:13:37.947,46.2100,100
36826946594883,10:13:46.946,46.2200,100
36840210364926,10:14:00.210,46.2200,100
36840210364926,10:14:00.210,46.2200,100
36840210364926,10:14:00.210,46.2200,65
36842316753503,10:14:02.316,46.2200,100
36846815218531,10:14:06.815,46.2200,57
36860605710756,10:14:20.605,46.2200,3
36882981471418,10:14:42.981,46.2100,100
36882981471418,10:14:42.981,46.2100,100
36904174755504,10:15:04.174,46.2200,78
36904174780489,10:15:04.174,46.2200,22
36904874857838,10:15:04.874,46.2200,100
36917533076786,10:15:17.533,46.2100,1
36919723084396,10:15:19.723,46.2100,22
36919944885835,10:15:19.944,46.2200,100
36924725384461,10:15:24.725,46.2200,100
36924946959347,10:15:24.946,46.2200,100
36924947248504,10:15:24.947,46.2200,100
36924948173158,10:15:24.948,46.2200,100
36933547922573,10:15:33.547,46.2100,78
36933547963044,10:15:33.547,46.2100,2
36933548401490,10:15:33.548,46.2100,2
36933548455350,10:15:33.548,46.2100,2
36933548505568,10:15:33.548,46.2100,16
36943076971504,10:15:43.076,46.2100,70
36947947298405,10:15:47.947,46.2200,100
36953609354661,10:15:53.609,46.2200,100
37005776059796,10:16:45.776,46.2200,53
37005776084384,10:16:45.776,46.2200,93
37029376974966,10:17:09.376,46.2200,75
37029378264403,10:17:09.378,46.2200,25
37030189107306,10:17:10.189,46.2200,100
37030189107306,10:17:10.189,46.2200,100
37030189107306,10:17:10.189,46.2200,100
37032812453857,10:17:12.812,46.2100,22
37032812479393,10:17:12.812,46.2100,78
37032812479393,10:17:12.812,46.2100,100
37032812479393,10:17:12.812,46.2100,3
37046947678575,10:17:26.947,46.2100,100
37046947739102,10:17:26.947,46.2100,96
37060947271644,10:17:40.947,46.2200,100
37065472391505,10:17:45.472,46.2200,100
37087394267874,10:18:07.394,46.2100,100
37088480312377,10:18:08.480,46.2100,2
37088480312377,10:18:08.480,46.2100,100
37091522593738,10:18:11.522,46.2000,31
37112120932224,10:18:32.120,46.1800,98
37112121477838,10:18:32.121,46.1800,2
37113232095214,10:18:33.232,46.1800,2
37167745296696,10:19:27.745,46.1800,52
37167745296696,10:19:27.745,46.1800,100
37167745296696,10:19:27.745,46.1800,100
37169958524092,10:19:29.958,46.1800,100
37173459086511,10:19:33.459,46.1800,100
37199272364083,10:19:59.272,46.1900,100
37234157948038,10:20:34.157,46.1800,100
37234157948038,10:20:34.157,46.1800,100
37234157948038,10:20:34.157,46.1800,3
37239410667179,10:20:39.410,46.1700,7
37239410672535,10:20:39.410,46.1700,93
37239410672535,10:20:39.410,46.1700,50
37239410704414,10:20:39.410,46.1700,50
37239410704414,10:20:39.410,46.1700,84
37240537754935,10:20:40.537,46.1700,100
37273299418418,10:21:13.299,46.1600,100
37274534194130,10:21:14.534,46.1500,100
37274534759967,10:21:14.534,46.1500,6
37280520046177,10:21:20.520,46.1500,100
37280520046177,10:21:20.520,46.1500,100
37280520046177,10:21:20.520,46.1500,31
37280520089070,10:21:20.520,46.1600,69
37280520092532,10:21:20.520,46.1600,31
37280520092532,10:21:20.520,46.1600,100
37280520092532,10:21:20.520,46.1600,12
37280520168240,10:21:20.520,46.1600,100
37280520168240,10:21:20.520,46.1600,100
37280520168240,10:21:20.520,46.1600,100
37287509009735,10:21:27.509,46.1800,48
37297238621852,10:21:37.238,46.1800,52
37305054164181,10:21:45.054,46.1700,100
37311191901751,10:21:51.191,46.1700,47
37326577447408,10:22:06.577,46.1700,66
37326577447408,10:22:06.577,46.1700,100
37332519855191,10:22:12.519,46.1700,100
37332519855191,10:22:12.519,46.1700,3
37351714392115,10:22:31.714,46.1600,70
37354601226106,10:22:34.601,46.1700,100
37366105083093,10:22:46.105,46.1600,63
37366105093994,10:22:46.105,46.1600,37
37366105870379,10:22:46.105,46.1500,100
37366105870379,10:22:46.105,46.1500,3
37366105898812,10:22:46.105,46.1500,97
37366105898812,10:22:46.105,46.1500,100
37419528262919,10:23:39.528,46.1500,35
37419528925661,10:23:39.528,46.1500,65
37419528925661,10:23:39.528,46.1500,100
37419528925661,10:23:39.528,46.1500,35
37419528965760,10:23:39.528,46.1500,49
37429526087244,10:23:49.526,46.1500,22
37429547530872,10:23:49.547,46.1500,78
37468626005532,10:24:28.626,46.1300,3
37475022196569,10:24:35.022,46.1300,100
37514516203302,10:25:14.516,46.1300,100
37514516203302,10:25:14.516,46.1300,41
37514516203302,10:25:14.516,46.1300,100
37514516339512,10:25:14.516,46.1300,100
37514516359098,10:25:14.516,46.1300,100
37594033593196,10:26:34.033,46.1400,64
37635948966629,10:27:15.948,46.1300,54
37635948966629,10:27:15.948,46.1300,100
37635948966629,10:27:15.948,46.1300,100
37636086730523,10:27:16.086,46.1200,100
37636086776533,10:27:16.086,46.1200,28
37636086776533,10:27:16.086,46.1200,1
37636086776533,10:27:16.086,46.1200,50
37640583449483,10:27:20.583,46.1300,100
37640583449483,10:27:20.583,46.1300,100
37740953178908,10:29:00.953,46.1500,55
37740953209393,10:29:00.953,46.1500,45
37740953209393,10:29:00.953,46.1500,100
37740953344510,10:29:00.953,46.1500,55
37740953389920,10:29:00.953,46.1500,45
37740953389920,10:29:00.953,46.1500,3
37757703827423,10:29:17.703,46.1500,3
37757703827423,10:29:17.703,46.1500,88
37757703827423,10:29:17.703,46.1500,9
37757703855513,10:29:17.703,46.1500,91
37757703855513,10:29:17.703,46.1500,12
37779153658148,10:29:39.153,46.1500,100
37800778555907,10:30:00.778,46.1500,88
37800778555907,10:30:00.778,46.1500,12
37800778609410,10:30:00.778,46.1500,62
37806856152754,10:30:06.856,46.1500,86
37806857990217,10:30:06.857,46.1500,14
37806857990217,10:30:06.857,46.1500,72
37806858041750,10:30:06.858,46.1500,4
37806885745896,10:30:06.885,46.1400,7
37806887693664,10:30:06.887,46.1400,50
37809213455560,10:30:09.213,46.1400,50
37821058333605,10:30:21.058,46.1400,100
37821058333605,10:30:21.058,46.1400,35
37855760516058,10:30:55.760,46.1500,27
37855760516058,10:30:55.760,46.1500,100
37855760516058,10:30:55.760,46.1500,26
37855760516058,10:30:55.760,46.1500,60
37910832953750,10:31:50.832,46.1600,9
37910832953750,10:31:50.832,46.1600,34
37910832953750,10:31:50.832,46.1600,100
37910832953750,10:31:50.832,46.1600,100
37916174727273,10:31:56.174,46.1700,12
37933670830350,10:32:13.670,46.1700,100
37933671528763,10:32:13.671,46.1700,40
37942068814968,10:32:22.068,46.1800,100
37945095502856,10:32:25.095,46.1800,9
37945095502856,10:32:25.095,46.1800,100
37968860345895,10:32:48.860,46.1900,200
37968977076631,10:32:48.977,46.2000,100
37968977101719,10:32:48.977,46.2000,100
37968977101719,10:32:48.977,46.2000,100
37995240757623,10:33:15.240,46.2200,46
37995240831816,10:33:15.240,46.2200,46
37995241116182,10:33:15.241,46.2200,46
37995241171780,10:33:15.241,46.2200,16
37995241195771,10:33:15.241,46.2200,30
37995241245903,10:33:15.241,46.2200,16
37995263501411,10:33:15.263,46.2200,29
37995263529817,10:33:15.263,46.2200,71
37995264345912,10:33:15.264,46.2200,100
37995271028794,10:33:15.271,46.2200,100
38026126982312,10:33:46.126,46.2200,100
38026704337841,10:33:46.704,46.2200,100
38041895203043,10:34:01.895,46.2300,200
38041895203043,10:34:01.895,46.2300,100
38041895203043,10:34:01.895,46.2300,100
38041895354537,10:34:01.895,46.2300,100
38050040652031,10:34:10.040,46.2200,100
38050040652031,10:34:10.040,46.2200,25
38050040652031,10:34:10.040,46.2200,4
38050040652031,10:34:10.040,46.2200,75
38052087704492,10:34:12.087,46.2100,100
38052087704492,10:34:12.087,46.2100,100
38052087704492,10:34:12.087,46.2100,25
38068576056209,10:34:28.576,46.2000,100
38076396321561,10:34:36.396,46.1900,100
38076423235096,10:34:36.423,46.1900,100
38080914178969,10:34:40.914,46.1900,100
38083295366852,10:34:43.295,46.2000,100
38083295393104,10:34:43.295,46.2000,100
38086831345186,10:34:46.831,46.1900,100
38089736471266,10:34:49.736,46.1900,100
38118097989529,10:35:18.097,46.1800,100
38121133622172,10:35:21.133,46.1700,100
38121133850813,10:35:21.133,46.1700,100
38135250054349,10:35:35.250,46.1500,100
38135250054349,10:35:35.250,46.1500,31
38135250054349,10:35:35.250,46.1500,100
38136002965730,10:35:36.002,46.1600,100
38148289645134,10:35:48.289,46.1700,100
38148289645134,10:35:48.289,46.1700,100
38163317452237,10:36:03.317,46.1700,4
38167005779942,10:36:07.005,46.1600,100
38167924613183,10:36:07.924,46.1600,100
38216380546543,10:36:56.380,46.1500,25
38216380546543,10:36:56.380,46.1500,100
38222201586258,10:37:02.201,46.1400,100
38223529198781,10:37:03.529,46.1300,100
38223529198781,10:37:03.529,46.1300,100
38223529198781,10:37:03.529,46.1300,100
38224536119350,10:37:04.536,46.1200,100
38224536119350,10:37:04.536,46.1200,100
38224536119350,10:37:04.536,46.1200,100
38224536119350,10:37:04.536,46.1200,152
38256030902410,10:37:36.030,46.1000,200
38256030902410,10:37:36.030,46.1000,100
38256134130755,10:37:36.134,46.1000,100
38271103941850,10:37:51.103,46.1000,28
38271104040931,10:37:51.104,46.1000,28
38298326703704,10:38:18.326,46.1100,100
38298326703704,10:38:18.326,46.1100,200
38298350811596,10:38:18.350,46.1100,100
38298350811596,10:38:18.350,46.1100,35
38304750717990,10:38:24.750,46.1100,100
38304750717990,10:38:24.750,46.1100,100
38304751716312,10:38:24.751,46.1100,200
38309005046340,10:38:29.005,46.1100,100
38333440576875,10:38:53.440,46.1200,100
38335339754320,10:38:55.339,46.1200,100
38335339754320,10:38:55.339,46.1200,5
38362259667533,10:39:22.259,46.1300,100
38362259667533,10:39:22.259,46.1300,300
38362259667533,10:39:22.259,46.1300,100
38362259667533,10:39:22.259,46.1300,100
38401046699024,10:40:01.046,46.1500,82
38401046699024,10:40:01.046,46.1500,100
38401049328595,10:40:01.049,46.1500,200
38441465930253,10:40:41.465,46.1500,36
38441465958135,10:40:41.465,46.1500,64
38441465958135,10:40:41.465,46.1500,6
38441465958135,10:40:41.465,46.1500,100
38441465958135,10:40:41.465,46.1500,100
38464777780669,10:41:04.777,46.1400,196
38490826125867,10:41:30.826,46.1400,100
38490826152097,10:41:30.826,46.1400,100
38490826152097,10:41:30.826,46.1400,57
38490826152097,10:41:30.826,46.1400,100
38490827425550,10:41:30.827,46.1500,100
38490827425550,10:41:30.827,46.1500,100
38490827425550,10:41:30.827,46.1500,100
38490837528874,10:41:30.837,46.1600,89
38491666129416,10:41:31.666,46.1600,11
38491666129416,10:41:31.666,46.1600,69
38510763616087,10:41:50.763,46.1500,68
38519844338283,10:41:59.844,46.1500,100
38527383832472,10:42:07.383,46.1400,100
38527383832472,10:42:07.383,46.1400,6
38534829864310,10:42:14.829,46.1400,78
38534829894060,10:42:14.829,46.1400,22
38646097438350,10:44:06.097,46.1500,100
38646410894739,10:44:06.410,46.1500,100
38655132037711,10:44:15.132,46.1600,100
38655132062587,10:44:15.132,46.1600,100
38657477762787,10:44:17.477,46.1700,74
38657478276757,10:44:17.478,46.1700,26
38657478276757,10:44:17.478,46.1700,48
38657478728522,10:44:17.478,46.1700,52
38657478728522,10:44:17.478,46.1700,22
38657479038290,10:44:17.479,46.1700,78
38657479038290,10:44:17.479,46.1700,36
38657479106691,10:44:17.479,46.1700,28
38657479410512,10:44:17.479,46.1700,36
38685856389589,10:44:45.856,46.1600,12
38685857253240,10:44:45.857,46.1600,100
38696747775382,10:44:56.747,46.1600,100
38696747775382,10:44:56.747,46.1600,7
38712355061243,10:45:12.355,46.1700,6
38713153186785,10:45:13.153,46.1700,100
38713154087862,10:45:13.154,46.1700,100
38793868639381,10:46:33.868,46.1700,100
38822316295450,10:47:02.316,46.1600,25
38822316295450,10:47:02.316,46.1600,100
38830708998211,10:47:10.708,46.1500,100
38830709024364,10:47:10.709,46.1500,54
38830709024364,10:47:10.709,46.1500,100
38865097430609,10:47:45.097,46.1400,100
38865218816709,10:47:45.218,46.1400,100
38870264879800,10:47:50.264,46.1500,100
38904122751684,10:48:24.122,46.1500,100
38927446767656,10:48:47.446,46.1500,100
38943012374121,10:49:03.012,46.1600,100
38957286605588,10:49:17.286,46.1800,100
38957286605588,10:49:17.286,46.1800,100
38958942775142,10:49:18.942,46.1800,5
38989000747003,10:49:49.000,46.1800,25
39001033196523,10:50:01.033,46.1700,31
39001033227325,10:50:01.033,46.1700,69
39001033227325,10:50:01.033,46.1700,100
39001033227325,10:50:01.033,46.1700,66
39030035226345,10:50:30.035,46.1800,100
39030037027927,10:50:30.037,46.1900,100
39030037027927,10:50:30.037,46.1900,100
39030037027927,10:50:30.037,46.1900,100
39032509203721,10:50:32.509,46.1800,34
39036380997424,10:50:36.380,46.1700,4
39071030195249,10:51:11.030,46.1700,100
39091639815382,10:51:31.639,46.1700,100
39100659371076,10:51:40.659,46.1700,100
39114759601673,10:51:54.759,46.1800,24
39114759601673,10:51:54.759,46.1800,100
39129826364995,10:52:09.826,46.2000,100
39130233083435,10:52:10.233,46.2000,200
39130233693349,10:52:10.233,46.2000,3
39130238634761,10:52:10.238,46.2000,22
39166336075326,10:52:46.336,46.1900,175
39166336101129,10:52:46.336,46.1900,25
39166336101129,10:52:46.336,46.1900,5
39166336101129,10:52:46.336,46.1900,129
39171280793319,10:52:51.280,46.1800,100
39191237127522,10:53:11.237,46.1700,100
39245287346097,10:54:05.287,46.1800,100
39303615543072,10:55:03.615,46.2000,29
39306051187292,10:55:06.051,46.2000,56
39306051268651,10:55:06.051,46.2000,44
39322529664502,10:55:22.529,46.2100,25
39322529897649,10:55:22.529,46.2100,75
39324155873338,10:55:24.155,46.2100,100
39324155926725,10:55:24.155,46.2100,33
39354793031329,10:55:54.793,46.2100,100
39354793036336,10:55:54.793,46.2100,52
39367907769449,10:56:07.907,46.2000,5
39369520017916,10:56:09.520,46.1900,100
39369520017916,10:56:09.520,46.1900,100
39388706049047,10:56:28.706,46.2000,100
39388706049047,10:56:28.706,46.2000,100
39388706049047,10:56:28.706,46.2000,200
39388706327113,10:56:28.706,46.2000,100
39483567536045,10:58:03.567,46.2100,100
39501163972659,10:58:21.163,46.2100,100
39501163972659,10:58:21.163,46.2100,100
39501163972659,10:58:21.163,46.2100,100
39506236027701,10:58:26.236,46.2100,52
39546550535302,10:59:06.550,46.2000,5
39546550535302,10:59:06.550,46.2000,106
39567705888308,10:59:27.705,46.1800,88
39567766916615,10:59:27.766,46.1900,100
39567766916615,10:59:27.766,46.1900,100
39572704611615,10:59:32.704,46.1900,100
39572704640715,10:59:32.704,46.1900,100
39575897755446,10:59:35.897,46.1900,43
39575897779726,10:59:35.897,46.1900,29
39575897779726,10:59:35.897,46.1900,100
39584230081102,10:59:44.230,46.2000,100
39584230081102,10:59:44.230,46.2000,96
39601013620293,11:00:01.013,46.2000,100
39604108326892,11:00:04.108,46.2000,100
39604140714296,11:00:04.140,46.2000,100
39604140714296,11:00:04.140,46.2000,100
39604140714296,11:00:04.140,46.2000,100
39604140714296,11:00:04.140,46.2000,200
39604143605619,11:00:04.143,46.2000,6
39605443268551,11:00:05.443,46.2000,13
39605443345872,11:00:05.443,46.2000,13
39605443420303,11:00:05.443,46.2000,13
39605443497226,11:00:05.443,46.2000,13
39605443522892,11:00:05.443,46.2000,48
39634516663511,11:00:34.516,46.2000,72
39634516663511,11:00:34.516,46.2000,200
39634516663511,11:00:34.516,46.2000,28
39634516696969,11:00:34.516,46.2000,31
39662803982558,11:01:02.803,46.2100,100
39662804816434,11:01:02.804,46.2100,100
39662912669401,11:01:02.912,46.2200,8
39662912807210,11:01:02.912,46.2200,92
39662912807210,11:01:02.912,46.2200,100
39662912807210,11:01:02.912,46.2200,23
39663046649221,11:01:03.046,46.2300,100
39663461379302,11:01:03.461,46.2500,100
39663474941933,11:01:03.474,46.2600,105
39663474953898,11:01:03.474,46.2600,75
39663475328256,11:01:03.475,46.2600,20
39663475328256,11:01:03.475,46.2600,7
39663475860875,11:01:03.475,46.2600,27
39663476251034,11:01:03.476,46.2600,27
39663476573010,11:01:03.476,46.2600,27
39663476920846,11:01:03.476,46.2600,12
39663505656169,11:01:03.505,46.2700,5
39663749692337,11:01:03.749,46.2700,18
39663915790075,11:01:03.915,46.2700,100
39666847592615,11:01:06.847,46.2700,100
39666858794670,11:01:06.858,46.2600,100
39669032913507,11:01:09.032,46.2700,11
39671055983440,11:01:11.055,46.2600,100
39684148767729,11:01:24.148,46.2700,100
39684383549191,11:01:24.383,46.2800,100
39702616099468,11:01:42.616,46.2800,100
39702616099468,11:01:42.616,46.2800,100
39702616099468,11:01:42.616,46.2800,100
39722190702205,11:02:02.190,46.2900,30
39722190709992,11:02:02.190,46.2900,70
39739690652373,11:02:19.690,46.3000,100
39739699063428,11:02:19.699,46.3000,100
39740161944551,11:02:20.161,46.3000,100
39740161944551,11:02:20.161,46.3000,67
39768595871801,11:02:48.595,46.3000,100
39792260492261,11:03:12.260,46.3000,100
39792260492261,11:03:12.260,46.3000,5
39792282968194,11:03:12.282,46.3000,100
39807131270545,11:03:27.131,46.3000,100
39823805708957,11:03:43.805,46.3000,100
39837033433376,11:03:57.033,46.3100,59
39844705187813,11:04:04.705,46.3200,100
39859117247048,11:04:19.117,46.3200,5
39862795063808,11:04:22.795,46.3200,34
39862875577027,11:04:22.875,46.3400,100
39892819413847,11:04:52.819,46.3400,100
39893050647757,11:04:53.050,46.3400,10
39893698555819,11:04:53.698,46.3400,34
39893698555819,11:04:53.698,46.3400,100
39893698555819,11:04:53.698,46.3400,200
39893698555819,11:04:53.698,46.3400,100
39933512803009,11:05:33.512,46.3300,100
39933512832582,11:05:33.512,46.3300,100
39948611265240,11:05:48.611,46.3300,100
39951990046467,11:05:51.990,46.3300,100
39974104909131,11:06:14.104,46.3300,99
39974105653261,11:06:14.105,46.3300,1
39974155759715,11:06:14.155,46.3300,34
40025180749714,11:07:05.180,46.3300,4
40050447104602,11:07:30.447,46.3200,15
40050447794993,11:07:30.447,46.3200,15
40050447920782,11:07:30.447,46.3200,15
40050448049976,11:07:30.448,46.3200,15
40052793319566,11:07:32.793,46.3200,40
40055694704839,11:07:35.694,46.3200,65
40055694713738,11:07:35.694,46.3200,35
40055694713738,11:07:35.694,46.3200,20
40055694717676,11:07:35.694,46.3200,80
40055694717676,11:07:35.694,46.3200,65
40055694729079,11:07:35.694,46.3200,35
40055694729079,11:07:35.694,46.3200,100
40055694729079,11:07:35.694,46.3200,31
40055694760448,11:07:35.694,46.3200,2
40087825392957,11:08:07.825,46.3200,4
40087825392957,11:08:07.825,46.3200,96
40087825424677,11:08:07.825,46.3200,4
40087850086178,11:08:07.850,46.3100,100
40087850086178,11:08:07.850,46.3100,100
40087850086178,11:08:07.850,46.3100,100
40109776338300,11:08:29.776,46.3200,100
40112465140732,11:08:32.465,46.3200,100
40112465782691,11:08:32.465,46.3200,78
40115221990411,11:08:35.221,46.3200,22
40115223648246,11:08:35.223,46.3200,9
40165401906477,11:09:25.401,46.3300,100
40168934570457,11:09:28.934,46.3400,100
40168934570457,11:09:28.934,46.3400,100
40204455832230,11:10:04.455,46.3450,100
40213834508980,11:10:13.834,46.3400,78
40213834533988,11:10:13.834,46.3400,22
40213834533988,11:10:13.834,46.3400,100
40213834533988,11:10:13.834,46.3400,4
40225668272360,11:10:25.668,46.3400,100
40225668272360,11:10:25.668,46.3400,100
40257467195641,11:10:57.467,46.3400,10
40257721136685,11:10:57.721,46.3400,1
40260314468431,11:11:00.314,46.3450,100
40260314468431,11:11:00.314,46.3400,89
40260314520555,11:11:00.314,46.3400,100
40281059877615,11:11:21.059,46.3400,100
40281059877615,11:11:21.059,46.3400,100
40294133315863,11:11:34.133,46.3300,18
40294133315863,11:11:34.133,46.3300,100
40297465285058,11:11:37.465,46.3300,100
40297465315679,11:11:37.465,46.3300,100
40297465315679,11:11:37.465,46.3300,100
40309636316043,11:11:49.636,46.3400,78
40309636340240,11:11:49.636,46.3400,22
40309636340240,11:11:49.636,46.3400,100
40312283246649,11:11:52.283,46.3500,100
40312283246649,11:11:52.283,46.3500,100
40312283999809,11:11:52.283,46.3600,100
40312283999809,11:11:52.283,46.3600,100
40312283999809,11:11:52.283,46.3600,2
40312283999809,11:11:52.283,46.3600,100
40313230644493,11:11:53.230,46.3600,100
40313230737130,11:11:53.230,46.3600,100
40321085239593,11:12:01.085,46.3700,2
40321431245669,11:12:01.431,46.3700,100
40337036082942,11:12:17.036,46.3800,44
40356315977863,11:12:36.315,46.3900,100
40356315977863,11:12:36.315,46.3900,100
40371573786493,11:12:51.573,46.4000,100
40383803379721,11:13:03.803,46.4100,100
40391151082670,11:13:11.151,46.4100,17
40393842115805,11:13:13.842,46.4150,100
40424147940174,11:13:44.147,46.4100,95
40424147984142,11:13:44.147,46.4100,5
40424147984142,11:13:44.147,46.4100,100
40426620342088,11:13:46.620,46.4200,100
40427061027033,11:13:47.061,46.4200,100
40427061027033,11:13:47.061,46.4200,100
40428261854280,11:13:48.261,46.4200,100
40428261854280,11:13:48.261,46.4200,17
40435293441004,11:13:55.293,46.4250,100
40435293478702,11:13:55.293,46.4200,100
40436434062920,11:13:56.434,46.4200,100
40436434397259,11:13:56.434,46.4200,38
40436434438247,11:13:56.434,46.4200,62
40436831195433,11:13:56.831,46.4200,100
40437791666447,11:13:57.791,46.4100,1
40437791691687,11:13:57.791,46.4150,100
40437791691687,11:13:57.791,46.4100,104
40437791714055,11:13:57.791,46.4100,100
40481460723935,11:14:41.460,46.4200,100
40481460848114,11:14:41.460,46.4200,43
40507282204304,11:15:07.282,46.4250,100
40507754354848,11:15:07.754,46.4200,100
40507754354848,11:15:07.754,46.4200,3
40507759173969,11:15:07.759,46.4200,100
40511540755471,11:15:11.540,46.4250,100
40528737234970,11:15:28.737,46.4250,100
40531167968765,11:15:31.167,46.4200,100
40531167968765,11:15:31.167,46.4200,100
40531167968765,11:15:31.167,46.4200,100
40531181140106,11:15:31.181,46.4150,100
40531181206160,11:15:31.181,46.4100,22
40531181569699,11:15:31.181,46.4100,78
40531504643245,11:15:31.504,46.4000,100
40539397556408,11:15:39.397,46.3900,100
40542716855013,11:15:42.716,46.4000,67
40554149560228,11:15:54.149,46.4000,100
40564607391635,11:16:04.607,46.4050,100
40564607391635,11:16:04.607,46.4000,200
40564607391635,11:16:04.607,46.4000,200
40567807090762,11:16:07.807,46.3950,100
40567807090762,11:16:07.807,46.3900,3
40567807224395,11:16:07.807,46.3900,78
40567807272083,11:16:07.807,46.3900,19
40567807272083,11:16:07.807,46.3900,3
40583919721604,11:16:23.919,46.3900,78
40583922973217,11:16:23.922,46.3900,22
40583922973217,11:16:23.922,46.3900,78
40583923017295,11:16:23.923,46.3900,22
40595603688922,11:16:35.603,46.4000,100
40596803412593,11:16:36.803,46.4000,100
40597806984908,11:16:37.806,46.3950,100
40613335664962,11:16:53.335,46.3900,94
40613335890593,11:16:53.335,46.3900,6
40613335890593,11:16:53.335,46.3900,200
40624154073308,11:17:04.154,46.3900,100
40624154073308,11:17:04.154,46.3900,100
40647197019693,11:17:27.197,46.3800,100
40680513186042,11:18:00.513,46.3900,78
40680513587656,11:18:00.513,46.3900,22
40686900140008,11:18:06.900,46.3900,22
40686900140008,11:18:06.900,46.3900,4
40686907906937,11:18:06.907,46.3900,55
40686907906937,11:18:06.907,46.3900,45
40687854172449,11:18:07.854,46.3900,100
40690065234556,11:18:10.065,46.3900,100
40690065239910,11:18:10.065,46.3900,100
40707441988090,11:18:27.441,46.3900,100
40731562233596,11:18:51.562,46.4000,100
40731562233596,11:18:51.562,46.4000,100
40731562233596,11:18:51.562,46.4000,100
40731562233596,11:18:51.562,46.4000,100
40731665554008,11:18:51.665,46.4000,100
40731665554008,11:18:51.665,46.4000,100
40731665554008,11:18:51.665,46.4000,37
40731665554008,11:18:51.665,46.4000,100
40731666994968,11:18:51.666,46.4000,100
40731752782939,11:18:51.752,46.4000,100
40742844587829,11:19:02.844,46.4000,100
40746257998654,11:19:06.257,46.4000,78
40746258074841,11:19:06.258,46.4000,78
40746258146894,11:19:06.258,46.4000,78
40746258220723,11:19:06.258,46.4000,78
40746258264814,11:19:06.258,46.4000,88
40747810680290,11:19:07.810,46.4050,100
40748385823534,11:19:08.385,46.4000,100
40759847534056,11:19:19.847,46.4000,300
40760424260481,11:19:20.424,46.4050,100
40760424260481,11:19:20.424,46.4000,100
40760848419882,11:19:20.848,46.4050,100
40760848439332,11:19:20.848,46.4000,100
40761413104623,11:19:21.413,46.4000,100
40761413104623,11:19:21.413,46.4000,100
40761416449509,11:19:21.416,46.4000,100
40783845970671,11:19:43.845,46.4000,100
40803974276729,11:20:03.974,46.3950,100
40839803825051,11:20:39.803,46.3900,78
40839803911921,11:20:39.803,46.3900,14
40839804535232,11:20:39.804,46.3900,8
40855730357759,11:20:55.730,46.3900,78
40855730388760,11:20:55.730,46.3900,22
40855730388760,11:20:55.730,46.3900,1
40859782225311,11:20:59.782,46.4000,300
40897605714256,11:21:37.605,46.3950,100
40897605714256,11:21:37.605,46.3900,2
40897606032799,11:21:37.606,46.3900,98
40897606032799,11:21:37.606,46.3900,2
40901443005777,11:21:41.443,46.3900,5
40901446205757,11:21:41.446,46.3900,5
40909932418562,11:21:49.932,46.3850,100
40909932418562,11:21:49.932,46.3800,100
40918552860764,11:21:58.552,46.3900,100
40930113805369,11:22:10.113,46.3800,2
40930113805369,11:22:10.113,46.3800,76
40930132105017,11:22:10.132,46.3800,24
40930132503251,11:22:10.132,46.3800,100
40930139155545,11:22:10.139,46.3800,100
40935548619596,11:22:15.548,46.3700,35
40944169728287,11:22:24.169,46.3800,46
40944172307342,11:22:24.172,46.3800,54
40974005118614,11:22:54.005,46.3800,60
40974005118614,11:22:54.005,46.3800,40
40974005145809,11:22:54.005,46.3800,60
40974005145809,11:22:54.005,46.3800,36
40986391136895,11:23:06.391,46.4000,90
40986391156185,11:23:06.391,46.4000,10
40986391156185,11:23:06.391,46.4000,10
40986976794788,11:23:06.976,46.4000,65
40986976794788,11:23:06.976,46.4000,100
40986976794788,11:23:06.976,46.4000,100
40986976794788,11:23:06.976,46.4000,35
41019262127053,11:23:39.262,46.4000,200
41019262127053,11:23:39.262,46.4000,100
41019262155664,11:23:39.262,46.4000,65
41019262155664,11:23:39.262,46.4000,80
41025449079659,11:23:45.449,46.4000,100
41025449079659,11:23:45.449,46.4000,100
41025449079659,11:23:45.449,46.4000,100
41025449079659,11:23:45.449,46.4000,500
41025787623148,11:23:45.787,46.4000,200
41025787623148,11:23:45.787,46.4000,100
41028205968210,11:23:48.205,46.4000,46
41028206197000,11:23:48.206,46.4000,54
41028206197000,11:23:48.206,46.4000,216
41028206244236,11:23:48.206,46.4000,165
41028206273965,11:23:48.206,46.4000,19
41029097685605,11:23:49.097,46.4000,100
41029371124786,11:23:49.371,46.4000,100
41029762514058,11:23:49.762,46.4000,100
41029851275347,11:23:49.851,46.4000,75
41029851275347,11:23:49.851,46.4000,25
41031859807737,11:23:51.859,46.4000,100
41047824297957,11:24:07.824,46.3900,100
41047824297957,11:24:07.824,46.3900,100
41057820877702,11:24:17.820,46.4000,100
41057820877702,11:24:17.820,46.4000,100
41058149503204,11:24:18.149,46.4000,100
41058149503204,11:24:18.149,46.4000,100
41058149503204,11:24:18.149,46.4000,100
41058149503204,11:24:18.149,46.4000,100
41058149503204,11:24:18.149,46.4000,100
41059177440358,11:24:19.177,46.4000,100
41059665154727,11:24:19.665,46.4000,100
41059665154727,11:24:19.665,46.4000,100
41059665154727,11:24:19.665,46.4000,100
41059665218919,11:24:19.665,46.4000,4
41059981276449,11:24:19.981,46.4000,100
41060166481766,11:24:20.166,46.4000,100
41060166481766,11:24:20.166,46.4000,100
41060166481766,11:24:20.166,46.4000,100
41060166481766,11:24:20.166,46.4000,100
41077014534864,11:24:37.014,46.4000,23
41091346425891,11:24:51.346,46.4000,400
41091346535818,11:24:51.346,46.4000,100
41091346757386,11:24:51.346,46.4000,100
41091346824692,11:24:51.346,46.4000,78
41091346883220,11:24:51.346,46.4000,22
41091346883220,11:24:51.346,46.4000,100
41091676353026,11:24:51.676,46.4100,100
41091676353026,11:24:51.676,46.4100,100
41091676353026,11:24:51.676,46.4100,100
41092143763297,11:24:52.143,46.4100,33
41092354667702,11:24:52.354,46.4100,63
41092458992498,11:24:52.458,46.4100,78
41092459023004,11:24:52.459,46.4100,26
41093311383436,11:24:53.311,46.4100,100
41093311383436,11:24:53.311,46.4100,100
41096527629511,11:24:56.527,46.4100,100
41109060981821,11:25:09.060,46.4100,200
41121478284191,11:25:21.478,46.4100,100
41134686379216,11:25:34.686,46.4100,100
41144159851850,11:25:44.159,46.4100,80
41144159876320,11:25:44.159,46.4100,20
41157485452777,11:25:57.485,46.4100,100
41157744479948,11:25:57.744,46.4000,100
41157744479948,11:25:57.744,46.4000,100
41157744479948,11:25:57.744,46.4000,100
41170306569483,11:26:10.306,46.4000,100
41170306620451,11:26:10.306,46.4000,5
41189608909244,11:26:29.608,46.3900,100
41191487253119,11:26:31.487,46.3900,48
41214981076865,11:26:54.981,46.3900,78
41214981088655,11:26:54.981,46.3900,22
41220602583309,11:27:00.602,46.4000,100
41220602583309,11:27:00.602,46.4000,100
41230580254311,11:27:10.580,46.4100,100
41230580254311,11:27:10.580,46.4100,100
41235991660163,11:27:15.991,46.4200,100
41235991660163,11:27:15.991,46.4200,100
41235992392581,11:27:15.992,46.4200,78
41235992417680,11:27:15.992,46.4200,22
41235992417680,11:27:15.992,46.4200,100
41247286211875,11:27:27.286,46.4100,100
41247286211875,11:27:27.286,46.4100,100
41247286211875,11:27:27.286,46.4100,100
41270483120620,11:27:50.483,46.4200,100
41270483120620,11:27:50.483,46.4200,300
41270483120620,11:27:50.483,46.4200,100
41272519023235,11:27:52.519,46.4200,100
41272519054055,11:27:52.519,46.4200,100
41282370588079,11:28:02.370,46.4300,78
41282370637519,11:28:02.370,46.4300,22
41282370637519,11:28:02.370,46.4300,12
41282370694294,11:28:02.370,46.4300,88
41282370694294,11:28:02.370,46.4300,7
41282452779085,11:28:02.452,46.4300,100
41282452779085,11:28:02.452,46.4300,100
41282452779085,11:28:02.452,46.4300,100
41282452779085,11:28:02.452,46.4300,100
41282452779085,11:28:02.452,46.4300,300
41282452807699,11:28:02.452,46.4300,100
41282453706746,11:28:02.453,46.4300,100
41287338857825,11:28:07.338,46.4400,1
41297121681266,11:28:17.121,46.4300,100
41297143183234,11:28:17.143,46.4300,100
41307754860675,11:28:27.754,46.4400,69
41307755459613,11:28:27.755,46.4400,31
41329921036107,11:28:49.921,46.4400,5
41354778467869,11:29:14.778,46.4300,100
41385781877181,11:29:45.781,46.4300,100
41385781877181,11:29:45.781,46.4300,200
41385781877181,11:29:45.781,46.4300,100
41404075427223,11:30:04.075,46.4400,100
41404075427223,11:30:04.075,46.4400,83
41404762611918,11:30:04.762,46.4400,100
41439246991997,11:30:39.246,46.4300,100
41439246991997,11:30:39.246,46.4300,5
41439262596969,11:30:39.262,46.4200,100
41439262596969,11:30:39.262,46.4200,100
41439262596969,11:30:39.262,46.4200,100
41452985572263,11:30:52.985,46.4100,100
41452985572263,11:30:52.985,46.4100,100
41452985572263,11:30:52.985,46.4100,100
41460283398788,11:31:00.283,46.4100,100
41472403340416,11:31:12.403,46.4000,100
41496408250004,11:31:36.408,46.4000,30
41496408261333,11:31:36.408,46.4000,70
41496408261333,11:31:36.408,46.4000,31
41496408984253,11:31:36.408,46.4000,56
41496409390999,11:31:36.409,46.4000,13
41514731306974,11:31:54.731,46.4100,100
41523682581218,11:32:03.682,46.4200,100
41534001665218,11:32:14.001,46.4200,100
41538191353509,11:32:18.191,46.4200,78
41538191383448,11:32:18.191,46.4200,22
41557426975370,11:32:37.426,46.4200,20
41557426975370,11:32:37.426,46.4200,42
41578152040419,11:32:58.152,46.4100,100
41578152040419,11:32:58.152,46.4100,5
41578746997395,11:32:58.746,46.4000,100
41642429046701,11:34:02.429,46.3900,100
41642429046701,11:34:02.429,46.3900,100
41653980238605,11:34:13.980,46.4000,100
41654087242291,11:34:14.087,46.4000,10
41690366857536,11:34:50.366,46.4100,49
41732821525099,11:35:32.821,46.4100,100
41740271267053,11:35:40.271,46.4100,50
41740835266371,11:35:40.835,46.4100,50
41740835266371,11:35:40.835,46.4100,7
41740835322780,11:35:40.835,46.4100,93
41760798870132,11:36:00.798,46.4200,78
41760798899631,11:36:00.798,46.4200,22
41761328772881,11:36:01.328,46.4200,22
41761328833007,11:36:01.328,46.4200,227
41761363200326,11:36:01.363,46.4200,100
41789757414658,11:36:29.757,46.4100,57
41789757415601,11:36:29.757,46.4100,43
41789757415601,11:36:29.757,46.4100,6
41795035063371,11:36:35.035,46.3900,100
41795035127595,11:36:35.035,46.3900,100
41818037329938,11:36:58.037,46.3900,100
41818037343696,11:36:58.037,46.3900,100
41818037355146,11:36:58.037,46.3900,100
41888123392320,11:38:08.123,46.3800,100
41888123392320,11:38:08.123,46.3800,100
41888123392320,11:38:08.123,46.3800,6
41888123392320,11:38:08.123,46.3800,94
41888123420387,11:38:08.123,46.3800,6
41907135271094,11:38:27.135,46.3700,100
41919273518001,11:38:39.273,46.3600,100
41919273518001,11:38:39.273,46.3600,100
41919273518001,11:38:39.273,46.3600,100
41919273518001,11:38:39.273,46.3600,35
42000429537968,11:40:00.429,46.3400,100
42000429537968,11:40:00.429,46.3400,4
42000429549170,11:40:00.429,46.3400,96
42000430553410,11:40:00.430,46.3500,100
42000430553410,11:40:00.430,46.3500,100
42000430553410,11:40:00.430,46.3500,100
42000430553410,11:40:00.430,46.3500,100
42000430553410,11:40:00.430,46.3500,100
42000430553410,11:40:00.430,46.3500,100
42004771700077,11:40:04.771,46.3600,12
42004771700077,11:40:04.771,46.3600,88
42004771730153,11:40:04.771,46.3600,12
42022139616173,11:40:22.139,46.3600,5
42031697396165,11:40:31.697,46.3500,100
42031697396165,11:40:31.697,46.3500,6
42031697396165,11:40:31.697,46.3500,94
42034790600492,11:40:34.790,46.3500,6
42041108598080,11:40:41.108,46.3500,90
42041108622862,11:40:41.108,46.3500,5
42041108622862,11:40:41.108,46.3500,100
42047706534279,11:40:47.706,46.3600,5
42088974939321,11:41:28.974,46.3600,100
42088974970479,11:41:28.974,46.3600,100
42120167079629,11:42:00.167,46.3600,100
42123644824055,11:42:03.644,46.3600,100
42131248321527,11:42:11.248,46.3700,100
42165173575285,11:42:45.173,46.3800,200
42165173575285,11:42:45.173,46.3800,94
42165174171279,11:42:45.174,46.3800,100
42194888228526,11:43:14.888,46.3900,100
42238077016854,11:43:58.077,46.4050,100
42261299073978,11:44:21.299,46.4100,100
42261299073978,11:44:21.299,46.4100,100
42272603189183,11:44:32.603,46.4200,4
42282501838799,11:44:42.501,46.4200,100
42292538506594,11:44:52.538,46.4200,100
42301088421586,11:45:01.088,46.4200,100
42301408641421,11:45:01.408,46.4200,100
42357295044554,11:45:57.295,46.4100,100
42357295044554,11:45:57.295,46.4100,30
42357295515545,11:45:57.295,46.4100,70
42378500796848,11:46:18.500,46.4100,100
42378500796848,11:46:18.500,46.4100,100
42378505926016,11:46:18.505,46.4100,100
42395404711821,11:46:35.404,46.4100,100
42395404939782,11:46:35.404,46.4100,3
42420708796131,11:47:00.708,46.3900,100
42422504752060,11:47:02.504,46.3900,100
42446703534571,11:47:26.703,46.4000,87
42449775845389,11:47:29.775,46.4000,13
42449775845389,11:47:29.775,46.4000,87
42449775899055,11:47:29.775,46.4000,13
42463734560453,11:47:43.734,46.4000,100
42464015390628,11:47:44.015,46.4000,78
42464744186504,11:47:44.744,46.4000,22
42469457032126,11:47:49.457,46.4100,88
42469457058086,11:47:49.457,46.4100,12
42470452489198,11:47:50.452,46.4200,43
42470452514417,11:47:50.452,46.4200,57
42470452514417,11:47:50.452,46.4200,100
42482135790277,11:48:02.135,46.4300,100
42524528049991,11:48:44.528,46.4300,51
42524528049991,11:48:44.528,46.4300,100
42535621645483,11:48:55.621,46.4400,11
42552079441582,11:49:12.079,46.4500,32
42608171104287,11:50:08.171,46.4600,100
42608171104287,11:50:08.171,46.4600,3
42612930412795,11:50:12.930,46.4500,35
42666047730574,11:51:06.047,46.4500,65
42666047808288,11:51:06.047,46.4500,35
42678156842548,11:51:18.156,46.4500,24
42691517575480,11:51:31.517,46.4400,72
42691517792027,11:51:31.517,46.4400,28
42693872360209,11:51:33.872,46.4300,86
42693872406583,11:51:33.872,46.4300,33
42693872594907,11:51:33.872,46.4300,67
42693872594907,11:51:33.872,46.4300,19
42693872601819,11:51:33.872,46.4300,81
42693875038696,11:51:33.875,46.4200,16
42693875482611,11:51:33.875,46.4200,86
42693875706983,11:51:33.875,46.4200,14
42693912914204,11:51:33.912,46.4100,86
42735055607592,11:52:15.055,46.4100,2
42790855301178,11:53:10.855,46.4100,58
42790855328081,11:53:10.855,46.4100,42
42790855328081,11:53:10.855,46.4100,100
42790855328081,11:53:10.855,46.4100,96
42790855328081,11:53:10.855,46.4100,100
42793496569233,11:53:13.496,46.4200,100
42793496569233,11:53:13.496,46.4200,96
42793496804162,11:53:13.496,46.4200,4
42794989271324,11:53:14.989,46.4200,100
42794989271324,11:53:14.989,46.4200,100
42794989271324,11:53:14.989,46.4200,13
42804783587065,11:53:24.783,46.4200,87
42900572481943,11:55:00.572,46.4200,100
42912192756540,11:55:12.192,46.4300,4
42958244159938,11:55:58.244,46.4200,100
42958244159938,11:55:58.244,46.4200,100
42976910607762,11:56:16.910,46.4000,100
42976910607762,11:56:16.910,46.4000,4
42976910607762,11:56:16.910,46.4000,96
42976911554329,11:56:16.911,46.4000,4
42994742377769,11:56:34.742,46.3900,100
42994762517585,11:56:34.762,46.3900,100
42994974685284,11:56:34.974,46.3900,100
42994974709884,11:56:34.974,46.3900,37
42994974709884,11:56:34.974,46.3900,100
43010085855532,11:56:50.085,46.4000,100
43010101813799,11:56:50.101,46.4000,100
43114904892185,11:58:34.904,46.4100,100
43114904892185,11:58:34.904,46.4100,4
43114904892185,11:58:34.904,46.4100,100
43114904892185,11:58:34.904,46.4100,96
43115750661286,11:58:35.750,46.4100,4
43141758588546,11:59:01.758,46.4050,100
43144610074335,11:59:04.610,46.4000,100
43144610074335,11:59:04.610,46.4000,100
43144610074335,11:59:04.610,46.4000,100
43159339609401,11:59:19.339,46.4000,100
43159339609401,11:59:19.339,46.4000,100
43159340050021,11:59:19.340,46.4000,5
43174170717470,11:59:34.170,46.3900,100
43198670576164,11:59:58.670,46.3900,81
43198675487862,11:59:58.675,46.4000,100
43198675487862,11:59:58.675,46.4000,100
43198675487862,11:59:58.675,46.4000,100
43198676618308,11:59:58.676,46.4000,100
43200202353592,12:00:00.202,46.4100,100
43215892937464,12:00:15.892,46.4100,100
43225757984684,12:00:25.757,46.4000,4
43248492489437,12:00:48.492,46.3800,3
43254876170452,12:00:54.876,46.4000,100
43280159825767,12:01:20.159,46.4000,100
43280160188789,12:01:20.160,46.4000,100
43280160188789,12:01:20.160,46.4000,100
43330836096519,12:02:10.836,46.4000,48
43330836124156,12:02:10.836,46.4000,52
43330836124156,12:02:10.836,46.4000,100
43332942191474,12:02:12.942,46.4100,100
43332942216584,12:02:12.942,46.4100,100
43332942216584,12:02:12.942,46.4100,100
43356667524212,12:02:36.667,46.4400,9
43356669902890,12:02:36.669,46.4400,91
43357021846872,12:02:37.021,46.4500,13
43361956623777,12:02:41.956,46.4400,98
43361956692488,12:02:41.956,46.4400,2
43361956692488,12:02:41.956,46.4400,4
43361956692488,12:02:41.956,46.4400,100
43402765220340,12:03:22.765,46.4500,78
43402765260786,12:03:22.765,46.4500,87
43434512562934,12:03:54.512,46.4600,25
43447270259198,12:04:07.270,46.4500,100
43447272676265,12:04:07.272,46.4500,3
43498002699959,12:04:58.002,46.4400,100
43498002699959,12:04:58.002,46.4400,27
43515684583089,12:05:15.684,46.4500,100
43553241347741,12:05:53.241,46.4500,56
43570521130274,12:06:10.521,46.4600,100
43570521130274,12:06:10.521,46.4600,100
43583599978232,12:06:23.599,46.4500,100
43583600063575,12:06:23.600,46.4500,3
43711547135110,12:08:31.547,46.4700,15
43711547135110,12:08:31.547,46.4700,3
43732372680345,12:08:52.372,46.4700,100
43752512245197,12:09:12.512,46.4700,100
43752512245197,12:09:12.512,46.4700,100
43753541003492,12:09:13.541,46.4700,100
43753549541061,12:09:13.549,46.4800,91
43762648704751,12:09:22.648,46.4800,9
43762649760603,12:09:22.649,46.4900,100
43762649760603,12:09:22.649,46.4900,10
43762649760603,12:09:22.649,46.4900,10
43762649760603,12:09:22.649,46.4900,100
43762649760603,12:09:22.649,46.4900,100
43762649760603,12:09:22.649,46.4900,100
43762650133154,12:09:22.650,46.4900,100
43762650172205,12:09:22.650,46.4900,100
43762650172205,12:09:22.650,46.4900,100
43766466027254,12:09:26.466,46.4900,100
43767246545142,12:09:27.246,46.4900,100
43773747275074,12:09:33.747,46.4800,50
43804788714635,12:10:04.788,46.4800,100
43804794843187,12:10:04.794,46.4850,100
43820603585838,12:10:20.603,46.4900,100
43820631951305,12:10:20.631,46.4900,78
43820631979877,12:10:20.631,46.4900,1
43820631989386,12:10:20.631,46.4900,18
43820632136806,12:10:20.632,46.4900,3
43821263433790,12:10:21.263,46.4900,100
43826220237752,12:10:26.220,46.5000,10
43826220237752,12:10:26.220,46.5000,10
43826220237752,12:10:26.220,46.5000,80
43888478974773,12:11:28.478,46.5000,100
43945589020941,12:12:25.589,46.5000,28
43945589392126,12:12:25.589,46.5000,72
43954829215360,12:12:34.829,46.4900,100
43954829215360,12:12:34.829,46.4900,100
43954829215360,12:12:34.829,46.4900,100
43954829241787,12:12:34.829,46.4900,2
43954829321058,12:12:34.829,46.4900,100
43954829321058,12:12:34.829,46.4900,2
43954829450148,12:12:34.829,46.4900,7
43972425785822,12:12:52.425,46.5000,100
43983376455636,12:13:03.376,46.5100,100
43983407511106,12:13:03.407,46.5100,100
43987075248421,12:13:07.075,46.5000,100
43987075248421,12:13:07.075,46.5000,100
44015212836106,12:13:35.212,46.5100,100
44045434628694,12:14:05.434,46.5000,1
44045434828847,12:14:05.434,46.5000,10
44060778848671,12:14:20.778,46.5000,22
44087912731661,12:14:47.912,46.5100,100
44087913075232,12:14:47.913,46.5100,100
44087913075232,12:14:47.913,46.5100,100
44087922872171,12:14:47.922,46.5100,100
44088253506971,12:14:48.253,46.5100,100
44116596312369,12:15:16.596,46.5000,10
44116596312369,12:15:16.596,46.5000,100
44158980272169,12:15:58.980,46.5200,100
44189421517469,12:16:29.421,46.5200,100
44215347783543,12:16:55.347,46.5300,5
44215347783543,12:16:55.347,46.5300,100
44215347783543,12:16:55.347,46.5300,12
44220117135917,12:17:00.117,46.5400,100
44220139242775,12:17:00.139,46.5400,100
44220139242775,12:17:00.139,46.5400,100
44220845600201,12:17:00.845,46.5300,100
44220845626998,12:17:00.845,46.5300,1
44220845626998,12:17:00.845,46.5300,100
44224772581645,12:17:04.772,46.5300,17
44246029621953,12:17:26.029,46.5400,100
44259811893391,12:17:39.811,46.5400,100
44287027898323,12:18:07.027,46.5300,100
44287027898323,12:18:07.027,46.5300,1
44287028039098,12:18:07.028,46.5300,100
44287028039098,12:18:07.028,46.5300,100
44287028063157,12:18:07.028,46.5300,100
44289907130098,12:18:09.907,46.5300,10
44290245296759,12:18:10.245,46.5300,90
44290245296759,12:18:10.245,46.5300,10
44318662689955,12:18:38.662,46.5300,90
44318662689955,12:18:38.662,46.5300,10
44330273430878,12:18:50.273,46.5200,100
44402686411662,12:20:02.686,46.5300,5
44417463843651,12:20:17.463,46.5400,78
44417463874991,12:20:17.463,46.5400,22
44417463874991,12:20:17.463,46.5400,100
44428443758859,12:20:28.443,46.5400,1
44447337966185,12:20:47.337,46.5400,100
44447337966185,12:20:47.337,46.5400,100
44470357880233,12:21:10.357,46.5300,100
44512265818080,12:21:52.265,46.5300,100
44512265818080,12:21:52.265,46.5300,100
44512265818080,12:21:52.265,46.5300,100
44512265818080,12:21:52.265,46.5300,100
44518411488491,12:21:58.411,46.5300,100
44520528075194,12:22:00.528,46.5300,100
44520528075194,12:22:00.528,46.5300,100
44520528075194,12:22:00.528,46.5300,100
44530957187122,12:22:10.957,46.5300,1
44538860661290,12:22:18.860,46.5300,100
44538860661290,12:22:18.860,46.5300,100
44545797539731,12:22:25.797,46.5200,100
44546169325404,12:22:26.169,46.5200,37
44546318899705,12:22:26.318,46.5200,100
44564742852332,12:22:44.742,46.5100,100
44568138562510,12:22:48.138,46.5100,30
44568138587359,12:22:48.138,46.5100,70
44568138587359,12:22:48.138,46.5100,100
44605952446464,12:23:25.952,46.5000,56
44605952471779,12:23:25.952,46.5000,44
44609415202339,12:23:29.415,46.5000,11
44665325644438,12:24:25.325,46.5000,100
44689064951570,12:24:49.064,46.5000,100
44720260798241,12:25:20.260,46.5000,5
44726008968771,12:25:26.008,46.5000,95
44726008968771,12:25:26.008,46.5000,100
44726008968771,12:25:26.008,46.5000,100
44785798935451,12:26:25.798,46.5000,1
44789127163869,12:26:29.127,46.5000,100
44789881859887,12:26:29.881,46.5000,100
44846326468294,12:27:26.326,46.4900,100
44878812590690,12:27:58.812,46.5100,100
44878812590690,12:27:58.812,46.5100,100
44878812622671,12:27:58.812,46.5100,100
44878812622671,12:27:58.812,46.5100,100
44917092161566,12:28:37.092,46.5100,78
44917092161566,12:28:37.092,46.5100,22
44926142200016,12:28:46.142,46.5100,100
44926143058189,12:28:46.143,46.5200,100
44926143058189,12:28:46.143,46.5200,300
44926143058189,12:28:46.143,46.5200,300
44926143058189,12:28:46.143,46.5200,100
44926143058189,12:28:46.143,46.5200,100
44926143058189,12:28:46.143,46.5200,100
44930307010535,12:28:50.307,46.5200,100
44938291607338,12:28:58.291,46.5200,50
44960616801150,12:29:20.616,46.5250,100
44960616801150,12:29:20.616,46.5200,100
44960616801150,12:29:20.616,46.5200,50
44960616936679,12:29:20.616,46.5200,50
44960617224045,12:29:20.617,46.5200,5
44962405209311,12:29:22.405,46.5200,5
44963998623322,12:29:23.998,46.5200,100
44963998623322,12:29:23.998,46.5200,100
45036656036618,12:30:36.656,46.5200,100
45036799546949,12:30:36.799,46.5200,1
45142869786660,12:32:22.869,46.5100,100
45142869786660,12:32:22.869,46.5100,50
45142869786660,12:32:22.869,46.5100,100
45142869786660,12:32:22.869,46.5100,100
45142869786660,12:32:22.869,46.5100,1
45142897425139,12:32:22.897,46.5100,97
45157678396368,12:32:37.678,46.5100,10
45157678396368,12:32:37.678,46.5100,100
45183498513703,12:33:03.498,46.5000,100
45183498513703,12:33:03.498,46.5000,100
45215721133476,12:33:35.721,46.4900,100
45215721528791,12:33:35.721,46.4900,70
45215723895400,12:33:35.723,46.4900,30
45215723895400,12:33:35.723,46.4900,100
45239178830439,12:33:59.178,46.4900,100
45282704817986,12:34:42.704,46.4800,100
45310840942427,12:35:10.840,46.4900,100
45310840942427,12:35:10.840,46.4900,100
45315843604562,12:35:15.843,46.4900,200
45315843604562,12:35:15.843,46.4900,1
45315843604562,12:35:15.843,46.4900,99
45353332430580,12:35:53.332,46.4800,100
45353332430580,12:35:53.332,46.4800,1
45353332430580,12:35:53.332,46.4800,88
45353332430580,12:35:53.332,46.4800,100
45353332430580,12:35:53.332,46.4800,11
45353333111221,12:35:53.333,46.4800,89
45353333111221,12:35:53.333,46.4800,11
45372122927593,12:36:12.122,46.4800,1
45395241381602,12:36:35.241,46.4600,93
45395241615513,12:36:35.241,46.4600,7
45398328388528,12:36:38.328,46.4600,100
45398328413156,12:36:38.328,46.4600,100
45487849130176,12:38:07.849,46.4700,66
45487849176284,12:38:07.849,46.4700,34
45487849176284,12:38:07.849,46.4700,84
45487849203016,12:38:07.849,46.4700,16
45487849203016,12:38:07.849,46.4700,100
45562142813131,12:39:22.142,46.4800,100
45562142813131,12:39:22.142,46.4800,100
45562142813131,12:39:22.142,46.4800,169
45562142813131,12:39:22.142,46.4800,30
45562142813131,12:39:22.142,46.4800,100
45570216542626,12:39:30.216,46.4900,100
45570818867278,12:39:30.818,46.4900,100
45611015643388,12:40:11.015,46.5000,20
45611015643388,12:40:11.015,46.5000,80
45631074260096,12:40:31.074,46.4900,1
45638949674921,12:40:38.949,46.4900,100
45639423087596,12:40:39.423,46.4900,19
45667069868662,12:41:07.069,46.4900,100
45667946897698,12:41:07.946,46.5000,78
45667947669689,12:41:07.947,46.5000,22
45668016317961,12:41:08.016,46.5000,10
45679352033912,12:41:19.352,46.5000,100
45681262019508,12:41:21.262,46.5000,100
45681262019508,12:41:21.262,46.5000,100
45694632642801,12:41:34.632,46.4900,100
45694632789528,12:41:34.632,46.4900,100
45694632789528,12:41:34.632,46.4900,100
45694632817336,12:41:34.632,46.4900,100
45696884379509,12:41:36.884,46.4900,100
45696884379509,12:41:36.884,46.4900,100
45710284583109,12:41:50.284,46.4700,100
45710284583109,12:41:50.284,46.4700,100
45710284583109,12:41:50.284,46.4700,25
45710284597063,12:41:50.284,46.4700,75
45710284597063,12:41:50.284,46.4700,32
45710284612571,12:41:50.284,46.4700,68
45710284612571,12:41:50.284,46.4700,100
45710352559892,12:41:50.352,46.4600,100
45710352559892,12:41:50.352,46.4600,100
45710352559892,12:41:50.352,46.4600,100
45710352559892,12:41:50.352,46.4600,100
45721096548760,12:42:01.096,46.4700,100
45721096548760,12:42:01.096,46.4700,100
45724938508037,12:42:04.938,46.4700,51
45724954435842,12:42:04.954,46.4700,100
45724954435842,12:42:04.954,46.4700,1
45728702047022,12:42:08.702,46.4600,100
45728702047022,12:42:08.702,46.4600,100
45792855118838,12:43:12.855,46.4700,100
45792855118838,12:43:12.855,46.4700,100
45792855118838,12:43:12.855,46.4700,85
45792855147153,12:43:12.855,46.4700,15
45821309159571,12:43:41.309,46.4800,100
45843960740159,12:44:03.960,46.4700,200
45843960740159,12:44:03.960,46.4700,100
45843987040171,12:44:03.987,46.4600,2
45867672680277,12:44:27.672,46.4600,100
45867676106793,12:44:27.676,46.4600,100
45867676106793,12:44:27.676,46.4600,100
45884736838257,12:44:44.736,46.4500,78
45884736928467,12:44:44.736,46.4500,22
45884736928467,12:44:44.736,46.4500,100
45893438129320,12:44:53.438,46.4500,100
45893742681105,12:44:53.742,46.4500,100
45928800811006,12:45:28.800,46.4600,100
45928800811006,12:45:28.800,46.4600,67
45928800839443,12:45:28.800,46.4600,33
45990512476113,12:46:30.512,46.4500,100
45990512503436,12:46:30.512,46.4500,100
45990512503436,12:46:30.512,46.4500,100
45990512503436,12:46:30.512,46.4500,2
45990512503436,12:46:30.512,46.4500,25
46009587809451,12:46:49.587,46.4500,36
46015486508524,12:46:55.486,46.4500,64
46048159004605,12:47:28.159,46.4700,100
46070018695356,12:47:50.018,46.4700,86
46070018975384,12:47:50.018,46.4700,114
46089914184147,12:48:09.914,46.4700,100
46094918138972,12:48:14.918,46.4700,100
46115215621778,12:48:35.215,46.4700,100
46201629064776,12:50:01.629,46.4700,100
46201629064776,12:50:01.629,46.4700,200
46201629064776,12:50:01.629,46.4700,100
46203893640364,12:50:03.893,46.4700,3
46229256091141,12:50:29.256,46.4800,100
46229256546461,12:50:29.256,46.4800,7
46237004758883,12:50:37.004,46.4800,93
46237004758883,12:50:37.004,46.4800,7
46254998273227,12:50:54.998,46.4800,93
46282640052228,12:51:22.640,46.4900,20
46282640838388,12:51:22.640,46.5000,80
46283886345438,12:51:23.886,46.5000,6
46306861739697,12:51:46.861,46.4900,40
46306862005338,12:51:46.862,46.4900,18
46331968822794,12:52:11.968,46.4900,40
46396556049901,12:53:16.556,46.4900,100
46407830438085,12:53:27.830,46.4800,3
46407830438085,12:53:27.830,46.4800,100
46407830438085,12:53:27.830,46.4800,36
46407830464974,12:53:27.830,46.4800,28
46407830996676,12:53:27.830,46.4800,26
46410990094524,12:53:30.990,46.4800,100
46423974292979,12:53:43.974,46.4700,10
46434939367500,12:53:54.939,46.4700,26
46480021401125,12:54:40.021,46.4600,29
46480021424855,12:54:40.021,46.4600,6
46480022348584,12:54:40.022,46.4600,3
46484385380022,12:54:44.385,46.4600,100
46510581279813,12:55:10.581,46.4700,3
46510581306669,12:55:10.581,46.4700,1
46512020745374,12:55:12.020,46.4700,96
46535392769209,12:55:35.392,46.4600,1
46535392788294,12:55:35.392,46.4600,99
46565766344487,12:56:05.766,46.4700,100
46610097919237,12:56:50.097,46.4700,100
46631387463293,12:57:11.387,46.4700,65
46631387867663,12:57:11.387,46.4700,65
46631544704994,12:57:11.544,46.4700,35
46687881042422,12:58:07.881,46.4600,77
46701811360218,12:58:21.811,46.4500,100
46704733631177,12:58:24.733,46.4500,100
46704733631177,12:58:24.733,46.4500,3
46769824801100,12:59:29.824,46.4500,100
46781181983491,12:59:41.181,46.4400,100
46781181983491,12:59:41.181,46.4400,100
46781181983491,12:59:41.181,46.4400,100
46790040485499,12:59:50.040,46.4500,100
46790040485499,12:59:50.040,46.4500,100
46808039228540,13:00:08.039,46.4500,38
46808039228540,13:00:08.039,46.4500,2
46813447416932,13:00:13.447,46.4500,100
46813447512761,13:00:13.447,46.4500,37
46844849771259,13:00:44.849,46.4500,100
46844850632117,13:00:44.850,46.4500,53
46844850632117,13:00:44.850,46.4500,100
46862084277452,13:01:02.084,46.4500,100
46993716592229,13:03:13.716,46.4600,100
46996211403029,13:03:16.211,46.4600,100
46996211633448,13:03:16.211,46.4600,100
46996211633448,13:03:16.211,46.4600,100
46996211633448,13:03:16.211,46.4600,199
46996211634646,13:03:16.211,46.4600,1
47008743548492,13:03:28.743,46.4700,100
47008744428447,13:03:28.744,46.4700,100
47008744428447,13:03:28.744,46.4700,100
47008744428447,13:03:28.744,46.4700,100
47008744428447,13:03:28.744,46.4700,100
47008744428447,13:03:28.744,46.4700,40
47008744428447,13:03:28.744,46.4700,100
47008745206613,13:03:28.745,46.4700,78
47008745245807,13:03:28.745,46.4700,22
47008745911349,13:03:28.745,46.4700,100
47008745962440,13:03:28.745,46.4700,100
47008746009433,13:03:28.746,46.4700,100
47008746057383,13:03:28.746,46.4700,100
47008746103943,13:03:28.746,46.4700,100
47008746449793,13:03:28.746,46.4700,99
47017001632983,13:03:37.001,46.4700,100
47017001632983,13:03:37.001,46.4700,43
47017001632983,13:03:37.001,46.4700,20
47017001632983,13:03:37.001,46.4700,137
47017001805292,13:03:37.001,46.4700,63
47022086917263,13:03:42.086,46.4700,100
47023427364666,13:03:43.427,46.4700,100
47040346454947,13:04:00.346,46.4600,100
47042658760267,13:04:02.658,46.4600,100
47051470122978,13:04:11.470,46.4600,78
47072286023756,13:04:32.286,46.4700,100
47072286023756,13:04:32.286,46.4700,100
47072286023756,13:04:32.286,46.4700,100
47072388302018,13:04:32.388,46.4700,100
47099572671558,13:04:59.572,46.4700,78
47102386333767,13:05:02.386,46.4700,22
47125723169919,13:05:25.723,46.4700,1
47147722634422,13:05:47.722,46.4700,100
47148604799888,13:05:48.604,46.4700,2
47148604799888,13:05:48.604,46.4700,94
47148604895636,13:05:48.604,46.4700,6
47178063644177,13:06:18.063,46.4700,100
47210859304507,13:06:50.859,46.4800,100
47210859304507,13:06:50.859,46.4800,20
47210859304507,13:06:50.859,46.4800,200
47210859304507,13:06:50.859,46.4800,100
47218789223405,13:06:58.789,46.4800,100
47218789223405,13:06:58.789,46.4800,2
47222855929041,13:07:02.855,46.4900,200
47222855929041,13:07:02.855,46.4900,100
47222855929041,13:07:02.855,46.4900,100
47222855929041,13:07:02.855,46.4900,100
47222855929041,13:07:02.855,46.4900,100
47222856248940,13:07:02.856,46.4900,200
47222856248940,13:07:02.856,46.4900,100
47222856248940,13:07:02.856,46.4900,100
47222856447421,13:07:02.856,46.4900,97
47222856965688,13:07:02.856,46.4900,3
47224080337870,13:07:04.080,46.4900,100
47226180723912,13:07:06.180,46.4800,100
47226180723912,13:07:06.180,46.4800,100
47232961286595,13:07:12.961,46.4800,100
47238820227602,13:07:18.820,46.4800,100
47238820227602,13:07:18.820,46.4800,100
47238820403380,13:07:18.820,46.4800,100
47238820403380,13:07:18.820,46.4800,100
47246767286387,13:07:26.767,46.4800,100
47261960909148,13:07:41.960,46.4700,100
47261961060983,13:07:41.961,46.4700,100
47261961060983,13:07:41.961,46.4700,100
47261961062585,13:07:41.961,46.4700,100
47261961064017,13:07:41.961,46.4700,100
47266760460412,13:07:46.760,46.4700,100
47266760460412,13:07:46.760,46.4700,100
47268675502920,13:07:48.675,46.4700,100
47297823424853,13:08:17.823,46.4700,100
47305733806503,13:08:25.733,46.4700,99
47305733833260,13:08:25.733,46.4700,1
47305733833260,13:08:25.733,46.4700,1
47305738329044,13:08:25.738,46.4800,100
47305738329044,13:08:25.738,46.4800,100
47305741502997,13:08:25.741,46.4800,9
47328500376128,13:08:48.500,46.4900,100
47329270651233,13:08:49.270,46.4900,2
47336141201409,13:08:56.141,46.4900,100
47336785213822,13:08:56.785,46.4900,100
47344814642129,13:09:04.814,46.4900,100
47344814642129,13:09:04.814,46.4900,180
47344814672970,13:09:04.814,46.4900,20
47350228103356,13:09:10.228,46.4900,20
47354729589060,13:09:14.729,46.4900,100
47370424962389,13:09:30.424,46.4900,100
47422075822736,13:10:22.075,46.4900,1
47422075822736,13:10:22.075,46.4900,18
47422075822736,13:10:22.075,46.4900,25
47422075868289,13:10:22.075,46.4900,75
47422075868289,13:10:22.075,46.4900,100
47422075998359,13:10:22.075,46.4900,100
47422076022967,13:10:22.076,46.4900,1
47422076489506,13:10:22.076,46.4900,78
47422076525697,13:10:22.076,46.4900,21
47425810941169,13:10:25.810,46.4800,100
47425811155289,13:10:25.811,46.4800,100
47425811155289,13:10:25.811,46.4800,12
47425811155289,13:10:25.811,46.4800,100
47425811156302,13:10:25.811,46.4800,1
47425811299302,13:10:25.811,46.4800,100
47425811299302,13:10:25.811,46.4800,100
47425811326364,13:10:25.811,46.4800,99
47428387295722,13:10:28.387,46.4800,5
47453331259360,13:10:53.331,46.4800,100
47461577710346,13:11:01.577,46.4800,100
47461577710346,13:11:01.577,46.4800,100
47486681388288,13:11:26.681,46.4700,100
47486681388288,13:11:26.681,46.4700,100
47486681388288,13:11:26.681,46.4700,100
47507488020412,13:11:47.488,46.4700,100
47514180393321,13:11:54.180,46.4800,100
47539676180311,13:12:19.676,46.4700,10
47539676180311,13:12:19.676,46.4700,100
47539676180311,13:12:19.676,46.4700,96
47582839050076,13:13:02.839,46.4700,1
47602493075235,13:13:22.493,46.4700,100
47630630283051,13:13:50.630,46.4600,100
47630630283051,13:13:50.630,46.4600,100
47630630468241,13:13:50.630,46.4600,100
47689570605908,13:14:49.570,46.4500,1
47689570984055,13:14:49.570,46.4500,1
47689571060825,13:14:49.571,46.4500,1
47689571215737,13:14:49.571,46.4500,97
47689571215737,13:14:49.571,46.4500,1
47702102911480,13:15:02.102,46.4400,100
47702102911480,13:15:02.102,46.4400,100
47702102911480,13:15:02.102,46.4400,100
47745151121473,13:15:45.151,46.4300,82
47745151151006,13:15:45.151,46.4300,18
47749196618844,13:15:49.196,46.4300,67
47749196854001,13:15:49.196,46.4300,33
47781658794520,13:16:21.658,46.4400,100
47781658794520,13:16:21.658,46.4400,100
47781658794520,13:16:21.658,46.4400,100
47781658794520,13:16:21.658,46.4400,100
47797309291324,13:16:37.309,46.4400,100
47801713001778,13:16:41.713,46.4400,22
47801713139375,13:16:41.713,46.4400,78
47830061599006,13:17:10.061,46.4350,40
47830061599006,13:17:10.061,46.4300,1
47830061599006,13:17:10.061,46.4300,100
47830061599006,13:17:10.061,46.4300,59
47830061909025,13:17:10.061,46.4300,100
47830110206270,13:17:10.110,46.4300,32
47887582111094,13:18:07.582,46.4200,100
47887582169685,13:18:07.582,46.4200,100
47887582401896,13:18:07.582,46.4200,32
47887582401896,13:18:07.582,46.4200,1
47930286547111,13:18:50.286,46.4100,100
47931262614425,13:18:51.262,46.4100,60
47983413291764,13:19:43.413,46.4100,5
48000470531066,13:20:00.470,46.4000,41
48000470531066,13:20:00.470,46.4000,100
48000470531066,13:20:00.470,46.4000,59
48000470663389,13:20:00.470,46.4000,41
48016079004682,13:20:16.079,46.3900,1
48023036219355,13:20:23.036,46.3900,100
48030456521312,13:20:30.456,46.3900,100
48041368673189,13:20:41.368,46.3900,78
48041368704071,13:20:41.368,46.3900,22
48045855674133,13:20:45.855,46.3800,100
48057084293409,13:20:57.084,46.3800,69
48057084534244,13:20:57.084,46.3800,31
48057608762441,13:20:57.608,46.3800,100
48059476805876,13:20:59.476,46.3800,100
48150022659720,13:22:30.022,46.3800,100
48150022707772,13:22:30.022,46.3800,1
48164360479237,13:22:44.360,46.3700,60
48164360566782,13:22:44.360,46.3700,40
48170032841663,13:22:50.032,46.3700,100
48170032841663,13:22:50.032,46.3700,100
48177165197317,13:22:57.165,46.3700,78
48197186178152,13:23:17.186,46.3700,100
48270773627204,13:24:30.773,46.3800,200
48270773645394,13:24:30.773,46.3800,54
48270773645394,13:24:30.773,46.3800,46
48270773650780,13:24:30.773,46.3800,54
48285837338039,13:24:45.837,46.3800,17
48285838232010,13:24:45.838,46.3800,5
48305003063424,13:25:05.003,46.3700,79
48305025603752,13:25:05.025,46.3700,12
48305028478534,13:25:05.028,46.3700,1
48332011254649,13:25:32.011,46.3700,5
48361161150328,13:26:01.161,46.3700,5
48361161150328,13:26:01.161,46.3700,95
48460541819820,13:27:40.541,46.3700,100
48488535180990,13:28:08.535,46.3700,95
48488536180647,13:28:08.536,46.3700,5
48488536180647,13:28:08.536,46.3700,82
48488536250736,13:28:08.536,46.3700,18
48488536250736,13:28:08.536,46.3700,1
48539339512823,13:28:59.339,46.3800,100
48558183574887,13:29:18.183,46.3900,100
48566461341859,13:29:26.461,46.4000,100
48636124998556,13:30:36.124,46.3950,100
48642036141137,13:30:42.036,46.4000,36
48678772344126,13:31:18.772,46.4000,64
48678772344126,13:31:18.772,46.4000,36
48722241693800,13:32:02.241,46.3900,99
48778351003390,13:32:58.351,46.4000,100
48778351003390,13:32:58.351,46.4000,100
48778351515066,13:32:58.351,46.4000,100
48778351515066,13:32:58.351,46.4000,100
48831850057061,13:33:51.850,46.4000,48
48831850078311,13:33:51.850,46.4000,52
48831850078311,13:33:51.850,46.4000,5
48831850078311,13:33:51.850,46.4000,100
48831850078311,13:33:51.850,46.4000,1
48831850078311,13:33:51.850,46.4000,2
48831850167969,13:33:51.850,46.4000,98
48831850167969,13:33:51.850,46.4000,10
48831850458955,13:33:51.850,46.4000,90
48864057681525,13:34:24.057,46.4000,100
48864057706119,13:34:24.057,46.4000,100
48864057706119,13:34:24.057,46.4000,100
48876152647367,13:34:36.152,46.4000,2
48876152647367,13:34:36.152,46.4000,35
48977118738927,13:36:17.118,46.4000,100
48978657126172,13:36:18.657,46.4000,100
49044344506734,13:37:24.344,46.4100,95
49044344506734,13:37:24.344,46.4100,5
49063045934239,13:37:43.045,46.4100,9
49063045934239,13:37:43.045,46.4100,100
49069144907473,13:37:49.144,46.4200,100
49158526023973,13:39:18.526,46.4300,20
49158526023973,13:39:18.526,46.4300,86
49158526032695,13:39:18.526,46.4300,114
49158526032695,13:39:18.526,46.4300,15
49158526032695,13:39:18.526,46.4300,1
49158526032695,13:39:18.526,46.4300,21
49158526240093,13:39:18.526,46.4300,79
49158526240093,13:39:18.526,46.4300,21
49158526241074,13:39:18.526,46.4300,79
49158531124858,13:39:18.531,46.4300,10
49164105514634,13:39:24.105,46.4400,100
49164816840289,13:39:24.816,46.4400,100
49199029121007,13:39:59.029,46.4300,90
49199029121007,13:39:59.029,46.4300,100
49199029121007,13:39:59.029,46.4300,100
49199029121007,13:39:59.029,46.4300,29
49199029121007,13:39:59.029,46.4300,100
49199029121007,13:39:59.029,46.4300,100
49199029403289,13:39:59.029,46.4300,29
49199029434403,13:39:59.029,46.4300,71
49199029434403,13:39:59.029,46.4300,100
49203273257687,13:40:03.273,46.4300,10
49205035161619,13:40:05.035,46.4300,100
49205035161619,13:40:05.035,46.4300,100
49316417094259,13:41:56.417,46.4350,34
49344997393886,13:42:24.997,46.4350,33
49344997393886,13:42:24.997,46.4300,67
49344997465564,13:42:24.997,46.4300,133
49344997465564,13:42:24.997,46.4300,100
49344997465564,13:42:24.997,46.4300,35
49344997465564,13:42:24.997,46.4300,100
49344997465564,13:42:24.997,46.4300,100
49344997465564,13:42:24.997,46.4300,100
49344997465564,13:42:24.997,46.4300,2
49344998185057,13:42:24.998,46.4200,87
49439923215836,13:43:59.923,46.4300,100
49439923215836,13:43:59.923,46.4300,100
49439923215836,13:43:59.923,46.4300,100
49453460728496,13:44:13.460,46.4200,100
49453460728496,13:44:13.460,46.4200,100
49453460728496,13:44:13.460,46.4200,100
49453460728496,13:44:13.460,46.4200,100
49455227504773,13:44:15.227,46.4200,2
49455885841962,13:44:15.885,46.4100,32
49455886422271,13:44:15.886,46.4100,68
49462232602536,13:44:22.232,46.4000,100
49500935448560,13:45:00.935,46.4000,100
49500935448560,13:45:00.935,46.4000,100
49501282142741,13:45:01.282,46.4000,100
49501282142741,13:45:01.282,46.4000,200
49501282142741,13:45:01.282,46.4000,23
49501282401699,13:45:01.282,46.4000,34
49501282401699,13:45:01.282,46.4000,100
49501282401699,13:45:01.282,46.4000,18
49501283486718,13:45:01.283,46.4000,32
49501283486718,13:45:01.283,46.4000,119
49501283682664,13:45:01.283,46.4000,81
49518403646967,13:45:18.403,46.3900,100
49518403677717,13:45:18.403,46.3900,100
49518403677717,13:45:18.403,46.3900,100
49518403708266,13:45:18.403,46.3900,100
49518403721026,13:45:18.403,46.3900,100
49518403874209,13:45:18.403,46.3900,100
49518403874209,13:45:18.403,46.3900,47
49518403900859,13:45:18.403,46.3900,53
49527529432812,13:45:27.529,46.3900,68
49527529460429,13:45:27.529,46.3900,100
49527530606841,13:45:27.530,46.4000,200
49527530606841,13:45:27.530,46.4000,100
49527530606841,13:45:27.530,46.4000,100
49527530606841,13:45:27.530,46.4000,100
49527531025906,13:45:27.531,46.4000,100
49576571423157,13:46:16.571,46.4000,100
49576571450011,13:46:16.571,46.4000,2
49592570888606,13:46:32.570,46.4000,100
49621879070356,13:47:01.879,46.3900,100
49621879070356,13:47:01.879,46.3900,2
49621879070356,13:47:01.879,46.3900,98
49628488907249,13:47:08.488,46.3900,2
49628488907249,13:47:08.488,46.3900,18
49651032072482,13:47:31.032,46.3900,100
49652040223273,13:47:32.040,46.3800,100
49652040223273,13:47:32.040,46.3800,100
49761332784812,13:49:21.332,46.3700,78
49761333942699,13:49:21.333,46.3700,22
49761333942699,13:49:21.333,46.3700,36
49761334761402,13:49:21.334,46.3700,64
49773379383795,13:49:33.379,46.3700,100
49773379383795,13:49:33.379,46.3700,100
49790067448252,13:49:50.067,46.3700,100
49826538139225,13:50:26.538,46.3800,200
49826538139225,13:50:26.538,46.3800,100
49826538139225,13:50:26.538,46.3800,100
49836541496340,13:50:36.541,46.3800,100
49872945118818,13:51:12.945,46.3900,100
49872945196153,13:51:12.945,46.3900,100
49872945251756,13:51:12.945,46.3900,100
49872945323714,13:51:12.945,46.3900,100
49872945380741,13:51:12.945,46.3900,100
49872945406595,13:51:12.945,46.3900,97
49881263313024,13:51:21.263,46.4000,100
49881263313024,13:51:21.263,46.4000,100
49881263313024,13:51:21.263,46.4000,190
49881288206634,13:51:21.288,46.4000,100
49881288206634,13:51:21.288,46.4000,100
49881288206634,13:51:21.288,46.4000,100
49881288206634,13:51:21.288,46.4000,100
49881288206634,13:51:21.288,46.4000,100
49927052950563,13:52:07.052,46.4000,100
49927053800705,13:52:07.053,46.4000,100
49927053800705,13:52:07.053,46.4000,1
49928667903931,13:52:08.667,46.4000,78
49940254168486,13:52:20.254,46.4000,100
49943551757445,13:52:23.551,46.4000,10
49944425111287,13:52:24.425,46.4000,100
49973447909024,13:52:53.447,46.3900,100
49973447909024,13:52:53.447,46.3900,100
49973447909024,13:52:53.447,46.3900,100
49973447909024,13:52:53.447,46.3900,100
49974742501333,13:52:54.742,46.3900,15
50005388694361,13:53:25.388,46.4000,100
50005388694361,13:53:25.388,46.4000,200
50005388694361,13:53:25.388,46.4000,78
50005388700995,13:53:25.388,46.4000,89
50005388700995,13:53:25.388,46.4000,2
50009853574968,13:53:29.853,46.4100,100
50009853599259,13:53:29.853,46.4100,100
50037430058938,13:53:57.430,46.4100,100
50057641094459,13:54:17.641,46.4100,100
50057641094459,13:54:17.641,46.4100,42
50057641147717,13:54:17.641,46.4100,58
50057641147717,13:54:17.641,46.4100,1
50059110588602,13:54:19.110,46.4200,10
50060306528322,13:54:20.306,46.4200,100
50087683283844,13:54:47.683,46.4300,100
50087683308653,13:54:47.683,46.4300,100
50105980567614,13:55:05.980,46.4100,100
50105980568469,13:55:05.980,46.4100,100
50117728049550,13:55:17.728,46.4100,100
50154995867729,13:55:54.995,46.3900,100
50154995867729,13:55:54.995,46.3900,6
50154996637001,13:55:54.996,46.3900,94
50156098758084,13:55:56.098,46.3800,100
50156098758084,13:55:56.098,46.3800,100
50156098793402,13:55:56.098,46.3800,100
50156180786310,13:55:56.180,46.3700,100
50160028914532,13:56:00.028,46.3800,100
50162930355939,13:56:02.930,46.3900,100
50162930462152,13:56:02.930,46.3900,28
50170812260962,13:56:10.812,46.3900,3
50170812260962,13:56:10.812,46.3900,97
50170812302687,13:56:10.812,46.3900,3
50171520354936,13:56:11.520,46.3900,100
50201348705641,13:56:41.348,46.4000,50
50201348705641,13:56:41.348,46.4000,50
50203711596088,13:56:43.711,46.4000,100
50203711638800,13:56:43.711,46.4000,100
50203711638800,13:56:43.711,46.4000,200
50203711795987,13:56:43.711,46.4000,50
50203711795987,13:56:43.711,46.4000,50
50203748780288,13:56:43.748,46.4000,50
50203748780288,13:56:43.748,46.4000,200
50203748780288,13:56:43.748,46.4000,100
50203748780288,13:56:43.748,46.4000,100
50203748780288,13:56:43.748,46.4000,31
50203748780288,13:56:43.748,46.4000,19
50203748865216,13:56:43.748,46.4000,100
50220747321565,13:57:00.747,46.4100,100
50220747321565,13:57:00.747,46.4100,52
50220747371010,13:57:00.747,46.4100,48
50220747371010,13:57:00.747,46.4100,178
50220748693362,13:57:00.748,46.4100,22
50239464255243,13:57:19.464,46.4200,100
50239464255243,13:57:19.464,46.4200,20
50239464255243,13:57:19.464,46.4200,100
50252878307534,13:57:32.878,46.4200,100
50252878307534,13:57:32.878,46.4200,100
50252878402025,13:57:32.878,46.4200,100
50252878442573,13:57:32.878,46.4200,100
50252878476943,13:57:32.878,46.4200,100
50252879024372,13:57:32.879,46.4200,100
50253189507063,13:57:33.189,46.4200,100
50253695345130,13:57:33.695,46.4200,100
50254595927566,13:57:34.595,46.4200,100
50254595927566,13:57:34.595,46.4200,100
50298325980938,13:58:18.325,46.4100,70
50298334538109,13:58:18.334,46.4200,100
50308008783827,13:58:28.008,46.4100,100
50330786936635,13:58:50.786,46.4100,100
50336590592347,13:58:56.590,46.4000,44
50349562130908,13:59:09.562,46.4100,4
50349562896862,13:59:09.562,46.4100,4
50381090798958,13:59:41.090,46.4100,1
50381090798958,13:59:41.090,46.4100,2
50402685438908,14:00:02.685,46.4200,36
50402685470425,14:00:02.685,46.4200,64
50402686798710,14:00:02.686,46.4200,100
50402686798710,14:00:02.686,46.4200,8
50402686880861,14:00:02.686,46.4200,192
50402686880861,14:00:02.686,46.4200,100
50402686880861,14:00:02.686,46.4200,200
50402686880861,14:00:02.686,46.4200,100
50402689081672,14:00:02.689,46.4200,100
50402689822982,14:00:02.689,46.4100,100
50402689822982,14:00:02.689,46.4100,49
50402689822982,14:00:02.689,46.4000,56
50402689822982,14:00:02.689,46.4000,100
50402689822982,14:00:02.689,46.4000,49
50402689822982,14:00:02.689,46.4000,100
50402689822982,14:00:02.689,46.4000,18
50402696788951,14:00:02.696,46.4000,82
50402709440794,14:00:02.709,46.4100,100
50402709440794,14:00:02.709,46.4200,8
50402709529693,14:00:02.709,46.4200,92
50402709529693,14:00:02.709,46.4200,200
50402720675491,14:00:02.720,46.4200,100
50402720847385,14:00:02.720,46.4200,200
50402721552526,14:00:02.721,46.4300,100
50402721610241,14:00:02.721,46.4300,100
50402726472191,14:00:02.726,46.4200,100
50402734242073,14:00:02.734,46.4200,3
50402738994362,14:00:02.738,46.4000,100
50402769280432,14:00:02.769,46.4100,8
50402769284819,14:00:02.769,46.4100,8
50402782450187,14:00:02.782,46.4100,221
50402782462596,14:00:02.782,46.4100,79
50402814725875,14:00:02.814,46.4200,99
50402964233785,14:00:02.964,46.4200,25
50402964349829,14:00:02.964,46.4200,83
50403045373536,14:00:03.045,46.4200,100
50403145291709,14:00:03.145,46.4200,100
50403145576438,14:00:03.145,46.4300,8
50403198211277,14:00:03.198,46.4200,16
50403200316692,14:00:03.200,46.4300,78
50403906416622,14:00:03.906,46.4100,4
50405719655307,14:00:05.719,46.4200,100
50405726415604,14:00:05.726,46.4300,122
50405726415604,14:00:05.726,46.4300,22
50405726425128,14:00:05.726,46.4400,100
50405726425128,14:00:05.726,46.4400,300
50405726425128,14:00:05.726,46.4400,100
50405955689876,14:00:05.955,46.4500,16
50406727704416,14:00:06.727,46.4500,100
50406727704416,14:00:06.727,46.4500,19
50406730128237,14:00:06.730,46.4500,100
50406921253615,14:00:06.921,46.4200,1
50407739263302,14:00:07.739,46.4700,92
50408991514109,14:00:08.991,46.5000,20
50408991514109,14:00:08.991,46.5000,17
50408995837645,14:00:08.995,46.5100,20
50409001680749,14:00:09.001,46.5200,10
50409001809752,14:00:09.001,46.5000,100
50409001809752,14:00:09.001,46.5000,11
50409012105217,14:00:09.012,46.5300,10
50409012105217,14:00:09.012,46.5300,100
50409012105217,14:00:09.012,46.5300,100
50409012105217,14:00:09.012,46.5300,90
50409022709358,14:00:09.022,46.5300,10
50409964512423,14:00:09.964,46.5400,20
50410721173090,14:00:10.721,46.5600,10
50410721683910,14:00:10.721,46.5500,100
50410721683910,14:00:10.721,46.5500,100
50410721683910,14:00:10.721,46.5500,100
50413010374212,14:00:13.010,46.5800,5
50413010374212,14:00:13.010,46.5800,10
50413012565220,14:00:13.012,46.5900,100
50413019334600,14:00:13.019,46.6000,15
50413020432568,14:00:13.020,46.6000,85
50413021393919,14:00:13.021,46.6100,15
50414914387414,14:00:14.914,46.6400,78
50414914842137,14:00:14.914,46.6400,22
50414914842137,14:00:14.914,46.6400,78
50414944961265,14:00:14.944,46.6400,22
50414944961265,14:00:14.944,46.6400,100
50414945243761,14:00:14.945,46.6400,100
50414945291955,14:00:14.945,46.6400,100
50414945634302,14:00:14.945,46.6400,100
50415235652040,14:00:15.235,46.6300,100
50415235652040,14:00:15.235,46.6300,147
50418207512538,14:00:18.207,46.5300,100
50418207567379,14:00:18.207,46.5300,100
50419225601977,14:00:19.225,46.5700,23
50419226259697,14:00:19.226,46.5700,100
50419226315518,14:00:19.226,46.5600,100
50419226315518,14:00:19.226,46.5600,100
50419264970097,14:00:19.264,46.5600,200
50419264970097,14:00:19.264,46.5600,194
50419265214801,14:00:19.265,46.5700,100
50419531869947,14:00:19.531,46.5800,200
50421458097677,14:00:21.458,46.5700,100
50421458097677,14:00:21.458,46.5600,144
50421504035581,14:00:21.504,46.5500,200
50421516442465,14:00:21.516,46.5500,200
50421531450738,14:00:21.531,46.5600,200
50421536621497,14:00:21.536,46.5600,100
50421536621497,14:00:21.536,46.5600,100
50421536621497,14:00:21.536,46.5600,144
50421544337370,14:00:21.544,46.5500,200
50421594868995,14:00:21.594,46.5800,100
50421597051950,14:00:21.597,46.5600,100
50421597051950,14:00:21.597,46.5500,100
50421597075300,14:00:21.597,46.5500,100
50421772523076,14:00:21.772,46.5800,100
50422750224882,14:00:22.750,46.5500,200
50422896571573,14:00:22.896,46.5500,23
50422898755168,14:00:22.898,46.5500,75
50423344728287,14:00:23.344,46.5000,100
50423357351328,14:00:23.357,46.5000,100
50423357356756,14:00:23.357,46.5000,20
50423512077101,14:00:23.512,46.5100,100
50423710863418,14:00:23.710,46.5000,100
50423710863418,14:00:23.710,46.5000,144
50423752858133,14:00:23.752,46.5000,100
50423753403685,14:00:23.753,46.5000,100
50423753408657,14:00:23.753,46.5000,100
50423753408657,14:00:23.753,46.5000,100
50423860664273,14:00:23.860,46.4900,100
50424754795087,14:00:24.754,46.4600,100
50424755082801,14:00:24.755,46.4600,100
50424755082801,14:00:24.755,46.4600,100
50424755177457,14:00:24.755,46.4500,78
50424755207181,14:00:24.755,46.4500,22
50424758154407,14:00:24.758,46.4600,144
50426313627248,14:00:26.313,46.4400,100
50428406315215,14:00:28.406,46.4400,100
50428406315215,14:00:28.406,46.4400,143
50429408678869,14:00:29.408,46.4400,56
50430414663441,14:00:30.414,46.3900,100
50435057209910,14:00:35.057,46.4100,200
50435057209910,14:00:35.057,46.4100,100
50435057240133,14:00:35.057,46.4100,100
50435057999850,14:00:35.057,46.4200,100
50435059278105,14:00:35.059,46.4200,100
50435059278105,14:00:35.059,46.4200,100
50435059278105,14:00:35.059,46.4100,100
50435059278105,14:00:35.059,46.4100,100
50435059392646,14:00:35.059,46.4200,100
50435059392646,14:00:35.059,46.4200,100
50435059392646,14:00:35.059,46.4200,43
50435059506943,14:00:35.059,46.4200,57
50435059506943,14:00:35.059,46.4200,20
50435059506943,14:00:35.059,46.4200,143
50435059506943,14:00:35.059,46.4200,100
50435059506943,14:00:35.059,46.4200,100
50435059670100,14:00:35.059,46.4100,100
50435059670100,14:00:35.059,46.4000,100
50435059670100,14:00:35.059,46.4000,100
50435060136587,14:00:35.060,46.4100,100
50435065178842,14:00:35.065,46.4100,110
50435067174014,14:00:35.067,46.4100,35
50436062897755,14:00:36.062,46.4000,100
50439401830701,14:00:39.401,46.3900,100
50439570015414,14:00:39.570,46.4000,62
50439570327746,14:00:39.570,46.4100,62
50439570469229,14:00:39.570,46.4100,62
50439570593483,14:00:39.570,46.4100,38
50439571470282,14:00:39.571,46.4200,81
50439572250458,14:00:39.572,46.4200,62
50439627119751,14:00:39.627,46.4200,100
50439627161554,14:00:39.627,46.4200,100
50439627161554,14:00:39.627,46.4200,100
50439628190921,14:00:39.628,46.4100,100
50440403703001,14:00:40.403,46.3900,100
50440403703001,14:00:40.403,46.3900,100
50440404091897,14:00:40.404,46.3900,100
50440405443843,14:00:40.405,46.3900,100
50440405516905,14:00:40.405,46.3900,100
50440405801111,14:00:40.405,46.4000,100
50440405812977,14:00:40.405,46.4000,100
50440405876521,14:00:40.405,46.4000,100
50440405876521,14:00:40.405,46.4000,100
50441467549716,14:00:41.467,46.3900,100
50441467549716,14:00:41.467,46.3800,100
50441467549716,14:00:41.467,46.3800,100
50442009230672,14:00:42.009,46.3800,100
50442009230672,14:00:42.009,46.3800,47
50442009230672,14:00:42.009,46.3800,100
50442009230672,14:00:42.009,46.3800,100
50442009970837,14:00:42.009,46.3800,100
50442009970837,14:00:42.009,46.3900,100
50442132032955,14:00:42.132,46.4100,100
50442133728887,14:00:42.133,46.4200,100
50442162343461,14:00:42.162,46.4300,100
50442162363261,14:00:42.162,46.4300,100
50442162383214,14:00:42.162,46.4300,100
50442162383214,14:00:42.162,46.4300,75
50442162423051,14:00:42.162,46.4300,25
50442162423051,14:00:42.162,46.4300,100
50442185463106,14:00:42.185,46.4400,100
50442186411396,14:00:42.186,46.4400,100
50446509399017,14:00:46.509,46.3700,100
50446509399017,14:00:46.509,46.3700,100
50446509399017,14:00:46.509,46.3700,100
50446512589564,14:00:46.512,46.3700,32
50446513091527,14:00:46.513,46.3700,7
50446531143746,14:00:46.531,46.3600,100
50451047951040,14:00:51.047,46.3800,100
50451047951040,14:00:51.047,46.3900,100
50451049075926,14:00:51.049,46.3900,100
50451071534700,14:00:51.071,46.4100,300
50451078569386,14:00:51.078,46.4200,100
50451078569386,14:00:51.078,46.4200,100
50451137839114,14:00:51.137,46.4300,100
50451137937115,14:00:51.137,46.4300,100
50458507522518,14:00:58.507,46.3800,100
50458507522518,14:00:58.507,46.3800,100
50458510922054,14:00:58.510,46.3900,100
50458631958516,14:00:58.631,46.4000,200
50458631991999,14:00:58.631,46.4000,100
50458631992564,14:00:58.631,46.4000,100
50458729635438,14:00:58.729,46.4200,100
50459510320219,14:00:59.510,46.4100,140
50460512529511,14:01:00.512,46.4000,100
50460512529511,14:01:00.512,46.4000,100
50460552451361,14:01:00.552,46.4000,100
50466708190906,14:01:06.708,46.4500,29
50466717015048,14:01:06.717,46.4500,71
50466717015048,14:01:06.717,46.4400,100
50466717015048,14:01:06.717,46.4400,46
50466717015048,14:01:06.717,46.4400,29
50466717227775,14:01:06.717,46.4400,71
50466719381874,14:01:06.719,46.4400,100
50466719381874,14:01:06.719,46.4400,100
50466719985300,14:01:06.719,46.4400,71
50466720022206,14:01:06.720,46.4400,29
50466739188677,14:01:06.739,46.4300,100
50466759706297,14:01:06.759,46.4100,100
50466759706297,14:01:06.759,46.4100,100
50466759706297,14:01:06.759,46.4100,100
50471955590314,14:01:11.955,46.4200,100
50471955939478,14:01:11.955,46.4200,100
50471956300711,14:01:11.956,46.4300,100
50471960688803,14:01:11.960,46.4400,200
50471960688803,14:01:11.960,46.4400,11
50471960698193,14:01:11.960,46.4400,129
50471963589942,14:01:11.963,46.4400,100
50472261267976,14:01:12.261,46.4400,100
50473035538903,14:01:13.035,46.4300,100
50473035538903,14:01:13.035,46.4300,100
50480235293059,14:01:20.235,46.4100,140
50480235351140,14:01:20.235,46.4000,100
50480235351140,14:01:20.235,46.4000,60
50480246561305,14:01:20.246,46.4100,100
50480246561305,14:01:20.246,46.4100,2
50480252207618,14:01:20.252,46.4100,100
50480252207618,14:01:20.252,46.4100,100
50480252207618,14:01:20.252,46.4100,100
50480253937801,14:01:20.253,46.4100,100
50480314166882,14:01:20.314,46.4200,100
50491223517100,14:01:31.223,46.4100,100
50495047238476,14:01:35.047,46.4300,100
50496085716277,14:01:36.085,46.4400,100
50496085729291,14:01:36.085,46.4400,100
50496086068141,14:01:36.086,46.4400,100
50496086151958,14:01:36.086,46.4400,100
50496127262478,14:01:36.127,46.4500,200
50496127262478,14:01:36.127,46.4500,100
50496127262478,14:01:36.127,46.4500,46
50496127262478,14:01:36.127,46.4500,138
50496127262478,14:01:36.127,46.4500,100
50496127262478,14:01:36.127,46.4500,100
50496127262478,14:01:36.127,46.4500,100
50504560591166,14:01:44.560,46.4400,100
50504560591166,14:01:44.560,46.4400,100
50515775593291,14:01:55.775,46.4400,24
50515775617911,14:01:55.775,46.4400,76
50534785919252,14:02:14.785,46.4400,100
50534785919252,14:02:14.785,46.4400,100
50535685180644,14:02:15.685,46.4400,100
50535685885544,14:02:15.685,46.4400,8
50537456029736,14:02:17.456,46.4300,100
50537456542486,14:02:17.456,46.4300,100
50537757075827,14:02:17.757,46.4300,100
50537757075827,14:02:17.757,46.4300,100
50537827746840,14:02:17.827,46.4100,100
50537827746840,14:02:17.827,46.4100,100
50538071877456,14:02:18.071,46.4100,100
50538072308338,14:02:18.072,46.4100,100
50538072308338,14:02:18.072,46.4100,100
50538072764728,14:02:18.072,46.4100,100
50538072764728,14:02:18.072,46.4100,100
50538072764728,14:02:18.072,46.4100,100
50538072959598,14:02:18.072,46.4200,100
50538073307213,14:02:18.073,46.4200,100
50539048609301,14:02:19.048,46.4200,100
50539048609301,14:02:19.048,46.4200,100
50539100637277,14:02:19.100,46.4100,100
50539100637277,14:02:19.100,46.4100,100
50539100637277,14:02:19.100,46.4100,100
50543620905755,14:02:23.620,46.4000,3
50543620905755,14:02:23.620,46.4000,97
50543620992373,14:02:23.620,46.4000,3
50543620992373,14:02:23.620,46.4000,97
50543621070029,14:02:23.621,46.4000,3
50543621424795,14:02:23.621,46.4000,100
50548457050437,14:02:28.457,46.4100,100
50558945467978,14:02:38.945,46.4300,100
50566047760161,14:02:46.047,46.4400,100
50566047760161,14:02:46.047,46.4400,100
50566047805568,14:02:46.047,46.4400,100
50566048235961,14:02:46.048,46.4500,89
50566048494322,14:02:46.048,46.4500,100
50566062961640,14:02:46.062,46.4500,100
50566062961640,14:02:46.062,46.4400,100
50566087958689,14:02:46.087,46.4300,100
50576396782534,14:02:56.396,46.4400,70
50576397166587,14:02:56.397,46.4400,30
50576397166587,14:02:56.397,46.4400,70
50576412251319,14:02:56.412,46.4500,50
50576412306716,14:02:56.412,46.4500,50
50593176856987,14:03:13.176,46.4700,200
50593176856987,14:03:13.176,46.4700,100
50593799297325,14:03:13.799,46.4900,100
50593806386312,14:03:13.806,46.4900,100
50596941521053,14:03:16.941,46.4900,78
50597313361293,14:03:17.313,46.4900,100
50597313361293,14:03:17.313,46.4900,100
50598585877409,14:03:18.585,46.4900,100
50598814301713,14:03:18.814,46.5000,3
50600301277121,14:03:20.301,46.5000,100
50600301319796,14:03:20.301,46.5000,97
50600301319796,14:03:20.301,46.5000,100
50600304228422,14:03:20.304,46.5100,400
50601036724386,14:03:21.036,46.5100,18
50601036724386,14:03:21.036,46.5100,82
50607794037118,14:03:27.794,46.5100,100
50607794037118,14:03:27.794,46.5100,18
50607794037118,14:03:27.794,46.5100,82
50614205714753,14:03:34.205,46.5100,100
50614205714753,14:03:34.205,46.5100,100
50614205714753,14:03:34.205,46.5100,100
50614207168954,14:03:34.207,46.5200,200
50621660610453,14:03:41.660,46.5200,100
50627556923360,14:03:47.556,46.5400,9
50627557012139,14:03:47.557,46.5400,91
50646613277434,14:04:06.613,46.5800,100
50646808088032,14:04:06.808,46.5800,10
50648141753846,14:04:08.141,46.6000,100
50648143313542,14:04:08.143,46.6000,100
50648143354158,14:04:08.143,46.6000,100
50652621642588,14:04:12.621,46.6100,100
50652654742639,14:04:12.654,46.6000,100
50663738498980,14:04:23.738,46.6200,200
50663738498980,14:04:23.738,46.6200,127
50663738498980,14:04:23.738,46.6200,100
50663763960053,14:04:23.763,46.6200,100
50663936675431,14:04:23.936,46.6100,100
50663937193378,14:04:23.937,46.6100,100
50663937215715,14:04:23.937,46.6000,100
50663938663997,14:04:23.938,46.6000,51
50663938701403,14:04:23.938,46.6000,49
50667130984514,14:04:27.130,46.6200,100
50667312709187,14:04:27.312,46.6200,100
50667312709187,14:04:27.312,46.6200,100
50667312709187,14:04:27.312,46.6200,100
50691364713938,14:04:51.364,46.6400,100
50691365128048,14:04:51.365,46.6400,100
50691365128048,14:04:51.365,46.6400,200
50691365128048,14:04:51.365,46.6400,100
50691365568236,14:04:51.365,46.6400,100
50691411396469,14:04:51.411,46.6400,100
50692071943573,14:04:52.071,46.6400,100
50697415213159,14:04:57.415,46.6400,100
50697415213159,14:04:57.415,46.6400,100
50697415213159,14:04:57.415,46.6400,100
50697415213159,14:04:57.415,46.6400,100
50703020182021,14:05:03.020,46.6300,100
50703020182021,14:05:03.020,46.6300,100
50703133194837,14:05:03.133,46.6200,100
50703133262547,14:05:03.133,46.6300,100
50715599635548,14:05:15.599,46.6200,300
50715599635548,14:05:15.599,46.6200,100
50715783164671,14:05:15.783,46.6100,200
50715783164671,14:05:15.783,46.6100,200
50716332134299,14:05:16.332,46.6100,100
