timestamp,time,price,volume
34200398314171,09:30:00.398,39.4900,578
34270267096839,09:31:10.267,39.7600,1
34479225713514,09:34:39.225,39.9300,100
34646933785774,09:37:26.933,39.9000,6
34979109202378,09:42:59.109,39.9600,8
35079447538896,09:44:39.447,39.8400,100
35186368167391,09:46:26.368,39.8200,100
35186368167391,09:46:26.368,39.8100,13
35186368167391,09:46:26.368,39.8100,142
35189346484605,09:46:29.346,39.5100,100
35231420234535,09:47:11.420,39.3600,15
35231420234535,09:47:11.420,39.3900,200
35231420234535,09:47:11.420,39.3900,85
35594839786428,09:53:14.839,39.0100,9
35902995424886,09:58:22.995,39.0100,8
35902995743897,09:58:22.995,39.0100,100
35902996834334,09:58:22.996,39.0000,100
35902997251090,09:58:22.997,39.0000,58
35902997423682,09:58:22.997,39.0000,553
35902997996446,09:58:22.997,39.0100,80
35902998408231,09:58:22.998,39.0100,20
35903024625783,09:58:23.024,39.0100,100
35959342587519,09:59:19.342,39.0000,289
35959342587519,09:59:19.342,39.0000,100
35959342587519,09:59:19.342,39.0000,11
35959342663633,09:59:19.342,39.0000,37
35959342674259,09:59:19.342,39.0000,52
36065336293848,10:01:05.336,38.8200,100
36065336293848,10:01:05.336,38.8200,100
36160166407346,10:02:40.166,38.9000,100
36160169276647,10:02:40.169,38.9800,100
36198983426211,10:03:18.983,38.9000,9
36501083374406,10:08:21.083,38.8800,8
36776039658248,10:12:56.039,38.8200,8
36837508395058,10:13:57.508,38.7400,5
36838115670150,10:13:58.115,38.8900,37
36838115670150,10:13:58.115,38.8900,27
37114170444502,10:18:34.170,38.7700,9
37389074522966,10:23:09.074,38.7700,100
37398458961451,10:23:18.458,38.7700,100
37398458961451,10:23:18.458,38.7700,8
37398724757324,10:23:18.724,38.7800,100
37398724758113,10:23:18.724,38.7900,100
37398724761949,10:23:18.724,38.7900,100
37400621205292,10:23:20.621,38.9900,16
37691632576752,10:28:11.632,38.9400,9
37761619032775,10:29:21.619,39.3400,8
37761622346245,10:29:21.622,39.3400,92
37761622346245,10:29:21.622,39.3500,8
37761622409232,10:29:21.622,39.3500,79
37761622409232,10:29:21.622,39.3500,100
37902055827324,10:31:42.055,39.3700,35
37902056238762,10:31:42.056,39.3600,15
37902961048396,10:31:42.961,39.3500,36
37902961048396,10:31:42.961,39.3200,35
37903111524711,10:31:43.111,39.3200,15
37903111588776,10:31:43.111,39.3200,14
37994970724100,10:33:14.970,39.3200,8
38137620954458,10:35:37.620,39.4800,8
38283109453915,10:38:03.109,39.3400,8
38603294944590,10:43:23.294,39.3600,9
38776966235460,10:46:16.966,39.3600,100
38776966235460,10:46:16.966,39.3600,100
38793784551484,10:46:33.784,39.3300,16
38894622751783,10:48:14.622,39.2200,8
38894622751783,10:48:14.622,39.2200,5
39014946178443,10:50:14.946,39.2200,100
39014946178443,10:50:14.946,39.2200,200
39019238317491,10:50:19.238,39.2400,85
39019238317491,10:50:19.238,39.2500,15
39084630123199,10:51:24.630,39.3700,9
39191087950399,10:53:11.087,39.2400,9
39331630373917,10:55:31.630,39.3700,10
39499596629971,10:58:19.596,39.3200,100
39499596629971,10:58:19.596,39.3200,17
39680172106274,11:01:20.172,39.2600,50
39682704283963,11:01:22.704,39.2600,100
39682704283963,11:01:22.704,39.2600,100
39682704958473,11:01:22.704,39.2600,100
39724357839613,11:02:04.357,39.3100,50
39780758391401,11:03:00.758,39.3000,8
39894590811991,11:04:54.590,39.3200,100
39894599568338,11:04:54.599,39.2700,100
39894608441328,11:04:54.608,39.2700,38
39895888618962,11:04:55.888,39.2800,32
39950470373036,11:05:50.470,39.2800,41
40098145973473,11:08:18.145,39.2200,9
40148366099031,11:09:08.366,39.2900,50
40252326794382,11:10:52.326,39.2200,50
40415951767076,11:13:35.951,39.2300,8
40440964544097,11:14:00.964,39.2600,100
40591513443634,11:16:31.513,39.2900,50
40591513725263,11:16:31.513,39.2900,50
40591513725263,11:16:31.513,39.2900,100
40644852884032,11:17:24.852,39.3300,2
40647271733828,11:17:27.271,39.3300,2
40648448817556,11:17:28.448,39.3300,2
40649518733404,11:17:29.518,39.3300,2
40651477753981,11:17:31.477,39.3300,2
40653825406318,11:17:33.825,39.3300,2
40657864607218,11:17:37.864,39.3300,2
40658848068708,11:17:38.848,39.3300,86
40659360418963,11:17:39.360,39.3300,14
40661171239224,11:17:41.171,39.3400,2
40662361362391,11:17:42.361,39.3400,2
40674398557456,11:17:54.398,39.3400,2
40675376996268,11:17:55.376,39.3400,2
40676163904296,11:17:56.163,39.3400,2
40676870529983,11:17:56.870,39.3400,2
40677032804307,11:17:57.032,39.3400,2
40677877568627,11:17:57.877,39.3400,2
40678071075600,11:17:58.071,39.3400,2
40687078487939,11:18:07.078,39.3400,2
40687807677502,11:18:07.807,39.3400,2
40687961029374,11:18:07.961,39.3400,2
40688135174659,11:18:08.135,39.3400,2
40688825625985,11:18:08.825,39.3400,2
40689029239949,11:18:09.029,39.3400,2
40712535529128,11:18:32.535,39.3350,2
40713732336244,11:18:33.732,39.3500,2
40714689401510,11:18:34.689,39.3500,2
40717429506675,11:18:37.429,39.3500,96
40775057384080,11:19:35.057,39.3600,100
40975019250907,11:22:55.019,39.3300,100
40975019734762,11:22:55.019,39.3300,100
41100227720876,11:25:00.227,39.3100,100
41112214721657,11:25:12.214,39.3000,8
41156278624198,11:25:56.278,39.3100,50
41189754558576,11:26:29.754,39.3000,53
41295226936370,11:28:15.226,39.3000,8
41350178375857,11:29:10.178,39.3000,9
41359910738126,11:29:19.910,39.3100,50
41366807536221,11:29:26.807,39.3200,100
41377287636236,11:29:37.287,39.3200,2
41378409675142,11:29:38.409,39.3200,2
41378591058712,11:29:38.591,39.3200,2
41381837313892,11:29:41.837,39.3200,14
41381837313892,11:29:41.837,39.3200,40
41387117515007,11:29:47.117,39.3600,2
41387371336717,11:29:47.371,39.3600,2
41391324607540,11:29:51.324,39.3700,2
41392526795038,11:29:52.526,39.3700,2
41400282554997,11:30:00.282,39.3600,2
41403081543442,11:30:03.081,39.3600,100
41462036146276,11:31:02.036,39.3600,100
41462036146276,11:31:02.036,39.3600,100
41462036146276,11:31:02.036,39.3600,279
41588824919606,11:33:08.824,39.3500,100
41588824919606,11:33:08.824,39.3500,7
41588824985289,11:33:08.824,39.3400,100
41588847209633,11:33:08.847,39.3000,9
41589020911336,11:33:09.020,39.3300,93
41589020988659,11:33:09.020,39.3300,7
41727075177650,11:35:27.075,39.3000,100
41727075253135,11:35:27.075,39.3000,50
41727770351514,11:35:27.770,39.3000,100
41729294212522,11:35:29.294,39.3000,100
41736845100015,11:35:36.845,39.3000,24
41736845100015,11:35:36.845,39.3100,26
41736846143318,11:35:36.846,39.3100,74
41736846143318,11:35:36.846,39.3100,26
41748342390590,11:35:48.342,39.3100,74
41748342390590,11:35:48.342,39.3100,100
41748342390590,11:35:48.342,39.3100,26
41758433510573,11:35:58.433,39.3100,100
41770837080891,11:36:10.837,39.3400,3
41771942734912,11:36:11.942,39.3400,3
41785006113048,11:36:25.006,39.3400,4
41786692618062,11:36:26.692,39.3400,4
41788468467179,11:36:28.468,39.3400,24
41788468467179,11:36:28.468,39.3400,50
41798423647398,11:36:38.423,39.3600,2
41799757352947,11:36:39.757,39.3600,2
41801472437722,11:36:41.472,39.3600,2
41823748213514,11:37:03.748,39.3600,10
41824532524733,11:37:04.532,39.3600,10
41825296813258,11:37:05.296,39.3600,10
41827501188510,11:37:07.501,39.3600,10
41833098894389,11:37:13.098,39.3600,3
41835861339949,11:37:15.861,39.3600,3
41848001391888,11:37:28.001,39.3600,5
41848806064598,11:37:28.806,39.3600,5
41848806124339,11:37:28.806,39.3600,38
41848806124339,11:37:28.806,39.3600,12
41848806559409,11:37:28.806,39.3600,88
41853555623586,11:37:33.555,39.3600,5
41855286513537,11:37:35.286,39.3600,95
41855286513537,11:37:35.286,39.3800,5
41856923384447,11:37:36.923,39.3600,5
41859491077648,11:37:39.491,39.3800,5
41892559345055,11:38:12.559,39.3700,1
41895817675513,11:38:15.817,39.3600,100
41895817675513,11:38:15.817,39.3600,100
41895817675513,11:38:15.817,39.3600,50
41895819527355,11:38:15.819,39.3500,70
41895819563475,11:38:15.819,39.3500,30
41914028304215,11:38:34.028,39.2900,200
41936044650050,11:38:56.044,39.3200,50
41937617921030,11:38:57.617,39.3200,50
41938985334059,11:38:58.985,39.3200,50
41969936398918,11:39:29.936,39.3400,100
42045197474223,11:40:45.197,39.3200,100
42235979812487,11:43:55.979,39.3700,100
42237100509366,11:43:57.100,39.3400,100
42331020747463,11:45:31.020,39.3500,9
42491728665455,11:48:11.728,39.3700,31
42491728665455,11:48:11.728,39.3700,19
42614270040403,11:50:14.270,39.3600,100
42618036293476,11:50:18.036,39.3000,7
42618036494444,11:50:18.036,39.3500,100
42776812010487,11:52:56.812,39.3050,50
42776813569695,11:52:56.813,39.3100,100
42778580872108,11:52:58.580,39.3100,100
42787801590252,11:53:07.801,39.3200,9
42789337650643,11:53:09.337,39.3400,50
42991723906409,11:56:31.723,39.3800,50
42992582235485,11:56:32.582,39.3800,50
42992582235485,11:56:32.582,39.3800,50
43388426629646,12:03:08.426,39.3500,100
43388428545241,12:03:08.428,39.3300,29
43388428667630,12:03:08.428,39.3300,8
43388428752167,12:03:08.428,39.3300,63
43388429541170,12:03:08.429,39.3200,37
43388530112889,12:03:08.530,39.3100,50
43640161863321,12:07:20.161,39.3000,100
43789518337190,12:09:49.518,39.3000,1
43789518337190,12:09:49.518,39.3000,49
43806103887275,12:10:06.103,39.3100,9
43806105402398,12:10:06.105,39.3200,47
43806105402398,12:10:06.105,39.3200,153
43806105897873,12:10:06.105,39.3200,47
43815594736519,12:10:15.594,39.3500,8
43842427612504,12:10:42.427,39.3600,6
43954631175761,12:12:34.631,39.3700,100
43975179386446,12:12:55.179,39.3900,100
43975576825613,12:12:55.576,39.3900,100
43975576825613,12:12:55.576,39.3900,100
43991971747070,12:13:11.971,39.4000,100
44000949462722,12:13:20.949,39.4300,92
44001103377785,12:13:21.103,39.4500,100
44248580205662,12:17:28.580,39.4250,100
44263336739090,12:17:43.336,39.4200,100
44263337233814,12:17:43.337,39.4200,100
44263337233814,12:17:43.337,39.4200,100
44281575236684,12:18:01.575,39.4000,50
44312063931506,12:18:32.063,39.3900,9
44373017591915,12:19:33.017,39.4100,100
44388490564060,12:19:48.490,39.4300,50
44392277178688,12:19:52.277,39.4300,50
44392277178688,12:19:52.277,39.4300,100
44400293122424,12:20:00.293,39.4900,100
44400298095729,12:20:00.298,39.4800,100
44416174316259,12:20:16.174,39.4800,100
44416174316259,12:20:16.174,39.4800,45
44416174316259,12:20:16.174,39.4800,55
44416174369253,12:20:16.174,39.4800,18
44416174369253,12:20:16.174,39.4800,31
44522666019819,12:22:02.666,39.4800,100
44622698781556,12:23:42.698,39.4800,7
44639496970142,12:23:59.496,39.4900,86
44639497107253,12:23:59.497,39.4900,14
44639645847146,12:23:59.645,39.5000,50
44639896786009,12:23:59.896,39.5550,50
44642583965001,12:24:02.583,39.5000,50
44648915444595,12:24:08.915,39.5100,50
44664052656259,12:24:24.052,39.6200,100
44872410161394,12:27:52.410,39.6600,100
44874662821220,12:27:54.662,39.6600,100
44876157104518,12:27:56.157,39.6600,200
44876866847009,12:27:56.866,39.6850,100
44885968151524,12:28:05.968,39.6800,8
44896618743786,12:28:16.618,39.7200,100
44907881191091,12:28:27.881,39.7700,100
44956989057902,12:29:16.989,39.8000,38
44956989057902,12:29:16.989,39.8100,62
44956989115176,12:29:16.989,39.8100,38
44956989115176,12:29:16.989,39.8100,12
44971915806085,12:29:31.915,39.7400,100
45053779648133,12:30:53.779,39.7800,7
45130047941090,12:32:10.047,39.8200,100
45184962784777,12:33:04.962,39.7900,100
45186043900655,12:33:06.043,39.8000,9
45188188191969,12:33:08.188,39.7900,7
45420946463026,12:37:00.946,39.7400,100
45486103716893,12:38:06.103,39.7300,100
45486103791173,12:38:06.103,39.7300,100
45496778676961,12:38:16.778,39.6400,8
45504434427332,12:38:24.434,39.6500,100
45508224928066,12:38:28.224,39.6300,100
45508226417251,12:38:28.226,39.6300,30
45593542825963,12:39:53.542,39.5400,100
45593555526773,12:39:53.555,39.5500,100
45595022709958,12:39:55.022,39.5500,33
45595133366778,12:39:55.133,39.5500,67
45595158460699,12:39:55.158,39.6000,63
45660546709222,12:41:00.546,39.6000,100
45662852647836,12:41:02.852,39.6000,37
45662852647836,12:41:02.852,39.6000,63
45662860193691,12:41:02.860,39.6000,37
45662860770960,12:41:02.860,39.6000,100
45824159896766,12:43:44.159,39.5800,100
45832666743237,12:43:52.666,39.5900,9
45908296976440,12:45:08.296,39.6100,100
45908298037464,12:45:08.298,39.6100,100
45946712139458,12:45:46.712,39.6800,66
45956439023678,12:45:56.439,39.6800,34
45956439023678,12:45:56.439,39.6800,7
45958826031133,12:45:58.826,39.6800,193
45958826031133,12:45:58.826,39.6800,107
45958826088564,12:45:58.826,39.6800,50
45959827862010,12:45:59.827,39.6800,43
46083840119113,12:48:03.840,39.6900,50
46083840261777,12:48:03.840,39.6900,8
46083840317262,12:48:03.840,39.6900,42
46344392031746,12:52:24.392,39.6000,100
46376018851592,12:52:56.018,39.5900,100
46376019401117,12:52:56.019,39.5900,100
46376019943022,12:52:56.019,39.5900,100
46376020623566,12:52:56.020,39.5800,70
46377318522497,12:52:57.318,39.5800,50
46377318590139,12:52:57.318,39.5800,50
46416601895027,12:53:36.601,39.5800,300
46416602071716,12:53:36.602,39.5800,430
46416603555277,12:53:36.603,39.5600,8
46416603555277,12:53:36.603,39.5800,100
46416603555277,12:53:36.603,39.5800,42
46416603613610,12:53:36.603,39.5800,50
47027368550958,13:03:47.368,39.5500,36
47351063833796,13:09:11.063,39.5500,19
47351064010488,13:09:11.064,39.5500,8
47351064012056,13:09:11.064,39.5500,73
47524817384416,13:12:04.817,39.4900,36
47524817466372,13:12:04.817,39.4900,64
47526265535826,13:12:06.265,39.3100,9
47526265535826,13:12:06.265,39.3100,9
47528834708818,13:12:08.834,39.3200,100
47533194881891,13:12:13.194,39.3000,13
47533194881891,13:12:13.194,39.3000,100
47675829512500,13:14:35.829,39.4100,8
47675829512500,13:14:35.829,39.4100,92
47675831285893,13:14:35.831,39.4150,200
47677481425078,13:14:37.481,39.4200,100
47677506235532,13:14:37.506,39.4200,24
47787201136045,13:16:27.201,39.4700,50
47787201136045,13:16:27.201,39.4900,200
47787201136045,13:16:27.201,39.4900,100
47787201136045,13:16:27.201,39.4900,50
47787202785448,13:16:27.202,39.4900,50
47799298641407,13:16:39.298,39.5000,100
47799807060047,13:16:39.807,39.5000,78
47801203706461,13:16:41.203,39.5000,22
47801203706461,13:16:41.203,39.5000,78
47809323449636,13:16:49.323,39.5000,22
47814556121814,13:16:54.556,39.5600,100
47827024532261,13:17:07.024,39.5600,100
47847224903404,13:17:27.224,39.5900,50
47861199837289,13:17:41.199,39.6050,100
47870692109546,13:17:50.692,39.5800,50
47937458184824,13:18:57.458,39.5400,8
47937458238751,13:18:57.458,39.5700,50
47937458535061,13:18:57.458,39.5700,50
47938732160207,13:18:58.732,39.5700,100
47938732906521,13:18:58.732,39.5700,100
47995201261276,13:19:55.201,39.5400,100
48007615122029,13:20:07.615,39.5800,66
48134446610473,13:22:14.446,39.5600,100
48135003675228,13:22:15.003,39.5300,100
48135517739965,13:22:15.517,39.5200,100
48135519394920,13:22:15.519,39.5000,100
48204954461812,13:23:24.954,39.4100,9
48303312436202,13:25:03.312,39.3300,1
48303312436202,13:25:03.312,39.3300,99
48303312807493,13:25:03.312,39.3300,1
48303314259495,13:25:03.314,39.3200,2
48507558223977,13:28:27.558,39.2300,8
48792142569691,13:33:12.142,39.2500,9
48819392191070,13:33:39.392,39.2400,191
48861200112812,13:34:21.200,39.2500,100
48979942940294,13:36:19.942,39.3700,100
48979967937600,13:36:19.967,39.3000,56
48983777407370,13:36:23.777,39.3000,44
49033415297301,13:37:13.415,39.2800,100
49096805336354,13:38:16.805,39.3100,8
49160516202107,13:39:20.516,39.2450,100
49213676863933,13:40:13.676,39.2600,100
49236693811395,13:40:36.693,39.2200,7
49319199577441,13:41:59.199,39.2200,100
49399577316911,13:43:19.577,39.2200,8
49487412956096,13:44:47.412,39.2000,100
49487413034168,13:44:47.413,39.2000,100
49658037710038,13:47:38.037,39.1700,81
49751828713320,13:49:11.828,39.1600,7
49933105839347,13:52:13.105,39.1500,100
49933106018812,13:52:13.106,39.1500,100
49933559901936,13:52:13.559,39.1200,3
49997643741871,13:53:17.643,39.0100,100
50005763678900,13:53:25.763,39.0200,8
50289243857614,13:58:09.243,39.0100,4
50298728258801,13:58:18.728,39.0100,5
50311630732255,13:58:31.630,39.0050,100
50314391226514,13:58:34.391,39.0000,100
50314391259578,13:58:34.391,39.0000,100
50314391259578,13:58:34.391,39.0000,100
50402691945648,14:00:02.691,39.0050,100
50407919901925,14:00:07.919,39.0100,100
50409297988088,14:00:09.297,39.0100,100
50409502850446,14:00:09.502,39.0200,100
50491584461705,14:01:31.584,39.1300,100
50585020204886,14:03:05.020,39.0100,8
50585020204886,14:03:05.020,39.0100,92
50585569520124,14:03:05.569,39.0100,8
50605592834157,14:03:25.592,39.1300,100
50608515667461,14:03:28.515,39.1300,8
50608515667461,14:03:28.515,39.1300,17
50780098007053,14:06:20.098,39.3000,50
50794504225725,14:06:34.504,39.3000,50
50794504259792,14:06:34.504,39.3000,50
50794504266757,14:06:34.504,39.2900,100
50794506138307,14:06:34.506,39.2700,90
50794511083738,14:06:34.511,39.2700,100
50886872012013,14:08:06.872,39.2300,9
51010605193437,14:10:10.605,39.3200,42
51201341969417,14:13:21.341,39.2400,8
51483050154876,14:18:03.050,39.2500,8
51502134918607,14:18:22.134,39.3700,23
51502134918607,14:18:22.134,39.3700,20
51502134918607,14:18:22.134,39.3700,7
51774836136164,14:22:54.836,39.3100,50
51774836136164,14:22:54.836,39.3200,36
51774836136164,14:22:54.836,39.3200,14
51780141092393,14:23:00.141,39.3200,50
51805266661944,14:23:25.266,39.3100,9
51805266732625,14:23:25.266,39.3300,100
52103767819670,14:28:23.767,39.3000,100
52103767855519,14:28:23.767,39.3000,200
52103771089653,14:28:23.771,39.3000,2
52103851918880,14:28:23.851,39.3000,6
52103851918880,14:28:23.851,39.3000,50
52103852717870,14:28:23.852,39.3000,9
52210280567491,14:30:10.280,39.2950,84
52215776943045,14:30:15.776,39.2900,2
52215776943045,14:30:15.776,39.2900,98
52338742835232,14:32:18.742,39.2950,100
52426806624261,14:33:46.806,39.2950,100
52426808664755,14:33:46.808,39.2950,100
52429565433579,14:33:49.565,39.2950,100
52429567064190,14:33:49.567,39.2950,100
52437291882165,14:33:57.291,39.3000,50
52438733976146,14:33:58.733,39.3000,50
52438733976146,14:33:58.733,39.3000,100
52438733976146,14:33:58.733,39.3000,50
52438734093407,14:33:58.734,39.3000,50
52438734093407,14:33:58.734,39.3000,100
52438734093407,14:33:58.734,39.3000,100
52438734093407,14:33:58.734,39.3000,9
52438735100055,14:33:58.735,39.3100,28
52438735111630,14:33:58.735,39.3100,28
52438735400462,14:33:58.735,39.3200,100
52438735400462,14:33:58.735,39.3200,44
52438749974192,14:33:58.749,39.3300,41
52440574591726,14:34:00.574,39.3400,59
52440607360623,14:34:00.607,39.3400,41
52440607360623,14:34:00.607,39.3400,50
52440607360623,14:34:00.607,39.3600,50
52440831911037,14:34:00.831,39.3400,100
52463813254398,14:34:23.813,39.3600,100
52463813254398,14:34:23.813,39.3500,100
52463813254398,14:34:23.813,39.3500,200
52463813254398,14:34:23.813,39.3500,100
52463813254398,14:34:23.813,39.3500,200
52463848225375,14:34:23.848,39.3500,100
52697582606603,14:38:17.582,39.3200,8
52701392286331,14:38:21.392,39.3400,100
52701650417314,14:38:21.650,39.3300,50
52821825908060,14:40:21.825,39.3200,192
52870553687452,14:41:10.553,39.3100,100
52870554208591,14:41:10.554,39.3100,100
52980995485746,14:43:00.995,39.3100,8
53019046450279,14:43:39.046,39.3000,100
53019046450279,14:43:39.046,39.3000,100
53019046450279,14:43:39.046,39.3000,100
53193403395342,14:46:33.403,39.4600,1
53221709858671,14:47:01.709,39.2100,77
53285649195012,14:48:05.649,39.2400,9
53547189206860,14:52:27.189,39.4400,1
53547189211419,14:52:27.189,39.4400,1
53547189211953,14:52:27.189,39.4400,1
53547189212462,14:52:27.189,39.4400,1
53547220057852,14:52:27.220,39.4400,96
53547220057852,14:52:27.220,39.4500,4
53547220109714,14:52:27.220,39.4800,50
53593853694981,14:53:13.853,39.3200,8
53620473503751,14:53:40.473,39.3950,1
53620473503751,14:53:40.473,39.3950,1
53620473503751,14:53:40.473,39.3950,1
53620473503751,14:53:40.473,39.3950,1
53620473503751,14:53:40.473,39.3950,1
53620473503751,14:53:40.473,39.3950,1
53620473503751,14:53:40.473,39.3950,1
53620473503751,14:53:40.473,39.3950,1
53620473503751,14:53:40.473,39.3950,1
53620473503751,14:53:40.473,39.3950,1
53620473503751,14:53:40.473,39.3950,1
53620473503751,14:53:40.473,39.3950,1
53624872005897,14:53:44.872,39.3800,38
53630383497658,14:53:50.383,39.4600,50
53630383497658,14:53:50.383,39.4800,50
53630383497658,14:53:50.383,39.4800,39
53630383497658,14:53:50.383,39.4800,19
53630383497658,14:53:50.383,39.4800,100
53630383497658,14:53:50.383,39.4800,100
53630383497658,14:53:50.383,39.4800,42
53630384269791,14:53:50.384,39.4800,58
53632456959710,14:53:52.456,39.4900,100
53632456959710,14:53:52.456,39.4900,100
53885491943375,14:58:05.491,39.4650,2
53885491943375,14:58:05.491,39.4650,1
53885491943375,14:58:05.491,39.4650,2
53885491943375,14:58:05.491,39.4650,1
53885491943375,14:58:05.491,39.4650,1
53898031389564,14:58:18.031,39.3500,9
54034422345340,15:00:34.422,39.5000,100
54137817716804,15:02:17.817,39.5000,2
54137817722075,15:02:17.817,39.5000,2
54137817723384,15:02:17.817,39.5000,1
54137817724743,15:02:17.817,39.5000,1
54162227147876,15:02:42.227,39.5000,1
54162227152496,15:02:42.227,39.5000,1
54162227156935,15:02:42.227,39.5000,1
54162227158935,15:02:42.227,39.5000,1
54162227163930,15:02:42.227,39.5000,1
54162227165442,15:02:42.227,39.5000,1
54197846259256,15:03:17.846,39.3800,8
54264257394267,15:04:24.257,39.4650,1
54264257394267,15:04:24.257,39.4650,1
54264257394267,15:04:24.257,39.4650,1
54264257394267,15:04:24.257,39.4650,1
54264257394267,15:04:24.257,39.4650,1
54264257394267,15:04:24.257,39.4650,1
54264257394267,15:04:24.257,39.4650,1
54264257394267,15:04:24.257,39.4650,1
54264257394267,15:04:24.257,39.4650,2
54306468145994,15:05:06.468,39.4700,1
54306468145994,15:05:06.468,39.4700,2
54306468145994,15:05:06.468,39.4700,1
54343293126065,15:05:43.293,39.4750,1
54343293126065,15:05:43.293,39.4750,1
54385856862448,15:06:25.856,39.3500,3
54386008956672,15:06:26.008,39.3500,6
54386008956672,15:06:26.008,39.3500,2
54386009108676,15:06:26.009,39.3500,24
54386009108676,15:06:26.009,39.3500,76
54493698222503,15:08:13.698,39.2600,8
54625324773782,15:10:25.324,39.3900,100
54698608357707,15:11:38.608,39.3600,24
54698608357707,15:11:38.608,39.3600,1
54731281256422,15:12:11.281,39.2500,100
54731281928282,15:12:11.281,39.2400,29
54731281928282,15:12:11.281,39.2500,63
54735501663379,15:12:15.501,39.2100,100
54735502259831,15:12:15.502,39.2200,56
54778279779113,15:12:58.279,39.1600,2
54778279779113,15:12:58.279,39.1600,1
54778279779113,15:12:58.279,39.1200,6
54815165388566,15:13:35.165,39.2000,100
54815165424192,15:13:35.165,39.2000,37
54815165424192,15:13:35.165,39.2000,8
54815165464767,15:13:35.165,39.2000,21
54816157508240,15:13:36.157,39.2000,50
54823814036824,15:13:43.814,39.2000,35
54823814036824,15:13:43.814,39.2000,17
54823814036824,15:13:43.814,39.2000,14
54823814036824,15:13:43.814,39.2000,1
54823814036824,15:13:43.814,39.2000,1
54827000633484,15:13:47.000,39.1500,20
54829756112898,15:13:49.756,39.2100,100
54924093652834,15:15:24.093,39.2800,1
54924093809771,15:15:24.093,39.2800,2
54924093970593,15:15:24.093,39.2800,2
54924094206123,15:15:24.094,39.2800,2
54924094476887,15:15:24.094,39.2800,1
54924094700568,15:15:24.094,39.2800,1
54924094719025,15:15:24.094,39.2800,1
54924094905502,15:15:24.094,39.2800,1
54924095319848,15:15:24.095,39.2800,1
54924544815698,15:15:24.544,39.2800,38
54924544815698,15:15:24.544,39.3450,62
54947271270722,15:15:47.271,39.3450,1
54947272128753,15:15:47.272,39.3450,1
54947273393573,15:15:47.273,39.3450,1
54947274101337,15:15:47.274,39.3450,1
54947274871622,15:15:47.274,39.3450,1
55069593123935,15:17:49.593,39.2200,92
55069593162113,15:17:49.593,39.2200,8
55069593220119,15:17:49.593,39.2100,100
55069593231133,15:17:49.593,39.2000,100
55069593317191,15:17:49.593,39.2000,49
55069594899721,15:17:49.594,39.2100,50
55069594899721,15:17:49.594,39.2200,42
55074903043813,15:17:54.903,39.2300,100
55105184833539,15:18:25.184,39.2300,8
55145071150908,15:19:05.071,39.2300,200
55199077537087,15:19:59.077,39.2100,10
55200491429312,15:20:00.491,39.2000,51
55200491429312,15:20:00.491,39.2000,49
55232103340690,15:20:32.103,39.2000,51
55232103340690,15:20:32.103,39.2000,49
55237750913522,15:20:37.750,39.2000,51
55237750913522,15:20:37.750,39.2000,100
55237750913522,15:20:37.750,39.2000,2
55238880517860,15:20:38.880,39.2000,98
55263594480936,15:21:03.594,39.1000,50
55298181898350,15:21:38.181,39.0900,100
55321325136622,15:22:01.325,39.0900,49
55321325136622,15:22:01.325,39.0500,51
55407904259201,15:23:27.904,39.0000,34
55407905322816,15:23:27.905,39.0000,92
55407905322816,15:23:27.905,39.0000,8
55407905701792,15:23:27.905,39.0000,92
55407907284195,15:23:27.907,38.9800,100
55412434267507,15:23:32.434,38.8500,9
55479326671243,15:24:39.326,38.8200,100
55684921632258,15:28:04.921,38.9000,1
55684921632258,15:28:04.921,38.9000,1
55684921632258,15:28:04.921,38.9000,1
55684921632258,15:28:04.921,38.9000,2
55684921632258,15:28:04.921,38.9000,1
55684921632258,15:28:04.921,38.9000,1
55684921632258,15:28:04.921,38.9000,1
55684921632258,15:28:04.921,38.9000,1
55684921632258,15:28:04.921,38.9000,1
55684921632258,15:28:04.921,38.9000,1
55684921632258,15:28:04.921,38.9000,1
55684921632258,15:28:04.921,38.9000,1
55684921632258,15:28:04.921,38.9000,1
55684921632258,15:28:04.921,38.9000,1
55684921632258,15:28:04.921,38.9000,1
55883354182431,15:31:23.354,38.8500,100
55883354245977,15:31:23.354,38.8500,100
55883354307360,15:31:23.354,38.8500,8
55883355606621,15:31:23.355,38.8500,92
55884885904895,15:31:24.885,38.8600,13
55884885904895,15:31:24.885,38.8600,87
55884885957280,15:31:24.885,38.8600,8
55884887029798,15:31:24.887,38.8600,5
56084535727413,15:34:44.535,38.8200,44
56084644667238,15:34:44.644,38.8200,56
56084644667238,15:34:44.644,38.8200,100
56085664616319,15:34:45.664,38.8300,35
56085664616319,15:34:45.664,38.8300,65
56236429595054,15:37:16.429,38.8600,50
56403355369993,15:40:03.355,38.9000,100
56403355442693,15:40:03.355,38.9000,32
56495943903691,15:41:35.943,38.9050,100
56496696969502,15:41:36.696,38.9100,100
56496696971924,15:41:36.696,38.9100,100
56496696971924,15:41:36.696,38.9100,100
56543977593644,15:42:23.977,38.9500,1
56543977596951,15:42:23.977,38.9200,100
56543977602076,15:42:23.977,38.9100,98
56543977616592,15:42:23.977,38.9100,2
56543977631715,15:42:23.977,38.9000,187
56543977647166,15:42:23.977,38.9000,1
56543980222696,15:42:23.980,38.9200,100
56545611795302,15:42:25.611,38.9100,24
56545611795302,15:42:25.611,38.9100,76
56560582980886,15:42:40.582,38.9400,50
56560582980886,15:42:40.582,39.0000,50
56618286375917,15:43:38.286,38.9100,9
56712535835098,15:45:12.535,39.0000,100
56712536165777,15:45:12.536,39.0500,50
56724492357827,15:45:24.492,39.0400,50
56724492357827,15:45:24.492,39.0400,50
56724730674312,15:45:24.730,39.0500,100
56730866555552,15:45:30.866,39.1200,100
56732024568054,15:45:32.024,39.1100,100
56778640927085,15:46:18.640,39.0200,100
56821640629100,15:47:01.640,39.0500,100
56893500524823,15:48:13.500,39.2000,100
56893500565458,15:48:13.500,39.2000,50
56894501428843,15:48:14.501,39.2000,50
56895503206301,15:48:15.503,39.2000,50
56982497980480,15:49:42.497,39.2200,100
56982497980480,15:49:42.497,39.2200,100
56994080559854,15:49:54.080,39.2200,100
56994549007635,15:49:54.549,39.2300,31
57004548189896,15:50:04.548,39.2400,100
57004548235372,15:50:04.548,39.2400,49
57004548237875,15:50:04.548,39.2400,51
57004548574159,15:50:04.548,39.2500,48
57006019752127,15:50:06.019,39.2300,100
57010891377239,15:50:10.891,39.2500,52
57011068692050,15:50:11.068,39.2600,100
57011372253265,15:50:11.372,39.2700,29
57012298376152,15:50:12.298,39.2700,45
57012624776306,15:50:12.624,39.2800,100
57012624776306,15:50:12.624,39.3100,80
57021121858329,15:50:21.121,39.3100,20
57021121858329,15:50:21.121,39.3100,80
57044640944317,15:50:44.640,39.2900,100
57044640982211,15:50:44.640,39.2800,100
57044640982211,15:50:44.640,39.2800,198
57044640994269,15:50:44.640,39.2800,202
57046337714834,15:50:46.337,39.2900,100
57073307277956,15:51:13.307,39.2800,100
57073312358203,15:51:13.312,39.2700,100
57073312847099,15:51:13.312,39.2500,100
57116994242438,15:51:56.994,39.2400,100
57214381488020,15:53:34.381,39.1800,82
57216692443028,15:53:36.692,39.1700,16
57300086152529,15:55:00.086,39.1750,100
57300271585035,15:55:00.271,39.1800,190
57300271623085,15:55:00.271,39.1800,100
57300271626175,15:55:00.271,39.1800,10
57300271626175,15:55:00.271,39.1800,90
57300271627906,15:55:00.271,39.1800,10
57300271627906,15:55:00.271,39.1800,33
57300271627906,15:55:00.271,39.1800,56
57300271641637,15:55:00.271,39.1800,44
57300271641637,15:55:00.271,39.1800,56
57300272023246,15:55:00.272,39.1800,44
57300272023246,15:55:00.272,39.1800,100
57300272023246,15:55:00.272,39.1800,100
57300272023246,15:55:00.272,39.1800,300
57300272023246,15:55:00.272,39.1800,99
57300272842258,15:55:00.272,39.1800,100
57310149551277,15:55:10.149,39.1800,17
57310153624094,15:55:10.153,39.1800,100
57310153685611,15:55:10.153,39.1800,100
57310549592457,15:55:10.549,39.1700,24
57310549627028,15:55:10.549,39.1700,60
57310549627028,15:55:10.549,39.1700,100
57310549627028,15:55:10.549,39.1700,22
57310549646664,15:55:10.549,39.1700,78
57310549646664,15:55:10.549,39.1700,10
57310549646664,15:55:10.549,39.1700,50
57310549646664,15:55:10.549,39.1700,61
57340575715283,15:55:40.575,39.1700,39
57340575715283,15:55:40.575,39.1700,100
57340575715283,15:55:40.575,39.1700,30
57340575715283,15:55:40.575,39.1700,27
57340575715283,15:55:40.575,39.1700,204
57340576748510,15:55:40.576,39.1700,100
57340576748510,15:55:40.576,39.1700,696
57340576917679,15:55:40.576,39.1700,100
57340576944690,15:55:40.576,39.1700,100
57340578440445,15:55:40.578,39.1600,100
57340582756854,15:55:40.582,39.1200,50
57341641771517,15:55:41.641,39.0800,50
57341641771517,15:55:41.641,39.0500,50
57347106481588,15:55:47.106,39.1000,100
57347106497558,15:55:47.106,39.1100,49
57347106498055,15:55:47.106,39.1100,48
57347106542010,15:55:47.106,39.1100,3
57348249164965,15:55:48.249,39.1000,97
57377495946839,15:56:17.495,39.0500,100
57378640897380,15:56:18.640,39.0500,78
57378640897380,15:56:18.640,39.0500,22
57382640606331,15:56:22.640,39.0500,100
57420717004628,15:57:00.717,39.0500,100
57444496088382,15:57:24.496,39.0500,100
57453734922701,15:57:33.734,39.0500,17
57458258050821,15:57:38.258,39.0500,12
57458258050821,15:57:38.258,39.0500,15
57458258050821,15:57:38.258,39.0500,58
57458258050821,15:57:38.258,39.0500,15
57458258050821,15:57:38.258,39.0500,273
57458258050821,15:57:38.258,39.0400,100
57458258050821,15:57:38.258,39.0400,100
57458258050821,15:57:38.258,39.0400,100
57458258050821,15:57:38.258,39.0400,300
57458258050821,15:57:38.258,39.0400,100
57458258050821,15:57:38.258,39.0400,44
57458258050821,15:57:38.258,39.0400,33
57458258050821,15:57:38.258,39.0400,100
57458258050821,15:57:38.258,39.0400,100
57458258050821,15:57:38.258,39.0400,54
57458258050821,15:57:38.258,39.0400,58
57458258050821,15:57:38.258,39.0400,62
57458258109508,15:57:38.258,39.0000,171
57458261199111,15:57:38.261,39.0000,100
57472641242675,15:57:52.641,39.0100,100
57483473427821,15:58:03.473,39.0100,100
57483473427821,15:58:03.473,39.0100,100
57483473427821,15:58:03.473,39.0100,78
57483473480566,15:58:03.473,39.0100,22
57483473480566,15:58:03.473,39.0100,28
57483473729940,15:58:03.473,39.0100,72
57483473729940,15:58:03.473,39.0100,100
57483473729940,15:58:03.473,39.0100,28
57508194557440,15:58:28.194,39.0100,1
57508195039752,15:58:28.195,39.0100,271
57508195039752,15:58:28.195,39.0100,100
57508195039752,15:58:28.195,39.0100,100
57508195137935,15:58:28.195,39.0100,100
57508195510375,15:58:28.195,39.0100,100
57508199614084,15:58:28.199,39.0100,100
57510712748041,15:58:30.712,39.0100,29
57512731119294,15:58:32.731,39.0100,100
57521799710663,15:58:41.799,39.0100,100
57521799710663,15:58:41.799,39.0100,100
57522072783339,15:58:42.072,39.0100,60
57523063625710,15:58:43.063,39.0100,8
57524170911693,15:58:44.170,39.0100,100
57540813964410,15:59:00.813,39.0300,30
57540814019661,15:59:00.814,39.0400,50
57547051952421,15:59:07.051,39.0400,200
57550978964958,15:59:10.978,39.0300,24
57553501724524,15:59:13.501,39.0200,154
57553501724524,15:59:13.501,39.0200,100
57553501724524,15:59:13.501,39.0200,46
57554330355901,15:59:14.330,39.0200,60
57554330355901,15:59:14.330,39.0200,40
57558274431041,15:59:18.274,39.0200,96
57560139675562,15:59:20.139,39.0300,13
57565225296692,15:59:25.225,39.0400,200
57579516839366,15:59:39.516,39.0300,100
57580286926563,15:59:40.286,39.0200,4
57580286926563,15:59:40.286,39.0200,1
57580368082358,15:59:40.368,39.0300,100
57580408091289,15:59:40.408,39.0300,100
57585198731984,15:59:45.198,39.0300,58
57585198731984,15:59:45.198,39.0300,42
57587032415417,15:59:47.032,39.0300,58
57587032415417,15:59:47.032,39.0300,42
57587040789298,15:59:47.040,39.0300,28
57587153382561,15:59:47.153,39.0300,100
57588041902435,15:59:48.041,39.0300,30
57588041902435,15:59:48.041,39.0300,70
57588099540636,15:59:48.099,39.0300,94
57590164836426,15:59:50.164,39.0200,93
57590164836426,15:59:50.164,39.0200,333
57590164836426,15:59:50.164,39.0200,48
57590164836426,15:59:50.164,39.0200,100
57590164836426,15:59:50.164,39.0200,100
57590164836426,15:59:50.164,39.0200,100
57590336221902,15:59:50.336,39.0000,100
57590340167836,15:59:50.340,39.0100,84
57592166651426,15:59:52.166,39.0100,9
57592166651426,15:59:52.166,39.0100,200
57592166651426,15:59:52.166,39.0100,91
57592268683759,15:59:52.268,39.0100,9
57592268683759,15:59:52.268,39.0100,78
57592268683759,15:59:52.268,39.0100,13
57592709050991,15:59:52.709,39.0000,15
57592711971624,15:59:52.711,39.0000,15
57593110502736,15:59:53.110,39.0100,73
57595111532590,15:59:55.111,39.0000,100
57596685385395,15:59:56.685,39.0100,100
57597112820621,15:59:57.112,39.0100,100
57597112820621,15:59:57.112,39.0100,200
57597112820621,15:59:57.112,39.0100,100
57597136015542,15:59:57.136,39.0100,200
57597136015542,15:59:57.136,39.0100,100
57597148908053,15:59:57.148,39.0100,80
57597162653053,15:59:57.162,39.0100,20
57597162653053,15:59:57.162,39.0100,72
57598712208078,15:59:58.712,39.0100,100
57600592723948,16:00:00.592,39.0100,28
57600592723948,16:00:00.592,39.0100,200
57600592723948,16:00:00.592,39.0100,200
57600592723948,16:00:00.592,39.0100,13241
