timestamp,time,price,volume
24370891688736,06:46:10.891,42.1400,200
24372553044296,06:46:12.553,42.1400,6800
31094916678653,08:38:14.916,42.0700,100
31094916725652,08:38:14.916,42.0700,100
31094916859223,08:38:14.916,42.0700,28
33164897333370,09:12:44.897,42.1400,20
34200190861615,09:30:00.190,42.1100,300
34200852763331,09:30:00.852,0.0000,0
34201932923322,09:30:01.932,42.1300,100
34201932995587,09:30:01.932,42.1300,100
34201934398584,09:30:01.934,42.1300,300
34201935490105,09:30:01.935,42.1300,50
34205998285434,09:30:05.998,42.1300,300
34205998285434,09:30:05.998,42.1300,300
34206735809256,09:30:06.735,42.1300,100
34206962514670,09:30:06.962,42.1300,200
34206962514670,09:30:06.962,42.1300,7
34206963777556,09:30:06.963,42.1300,93
34206963777556,09:30:06.963,42.1300,93
34207725772721,09:30:07.725,42.1300,7
34207726057756,09:30:07.726,42.1200,100
34207734875482,09:30:07.734,42.1200,100
34225611950500,09:30:25.611,42.1100,100
34226233843637,09:30:26.233,42.1100,100
34251196842677,09:30:51.196,42.1100,100
34266088875357,09:31:06.088,42.1000,100
34266088875357,09:31:06.088,42.1000,100
34266088919383,09:31:06.088,42.1000,200
34266088919383,09:31:06.088,42.1000,200
34266088919383,09:31:06.088,42.1000,100
34266089059683,09:31:06.089,42.1000,1400
34266089059683,09:31:06.089,42.1000,300
34266089059683,09:31:06.089,42.1000,100
34266089059683,09:31:06.089,42.1000,400
34266089059683,09:31:06.089,42.1000,400
34266089059683,09:31:06.089,42.1000,100
34266089059683,09:31:06.089,42.1000,400
34266089059683,09:31:06.089,42.1000,100
34271130243106,09:31:11.130,42.1000,200
34271130715537,09:31:11.130,42.1000,300
34273137474244,09:31:13.137,42.0900,100
34273138055736,09:31:13.138,42.0900,100
34273138513456,09:31:13.138,42.0900,100
34273138513456,09:31:13.138,42.0900,100
34273138513456,09:31:13.138,42.0900,100
34283539515292,09:31:23.539,42.0900,1
34283863780661,09:31:23.863,42.1000,200
34283863780661,09:31:23.863,42.1000,100
34283863780661,09:31:23.863,42.1000,200
34283863780661,09:31:23.863,42.1000,200
34283863780661,09:31:23.863,42.1000,1
34284926762323,09:31:24.926,42.1000,100
34307854931893,09:31:47.854,42.0900,100
34307854931893,09:31:47.854,42.0900,200
34307855450995,09:31:47.855,42.0900,300
34307855923056,09:31:47.855,42.0900,100
34307856384279,09:31:47.856,42.0900,200
34307856384279,09:31:47.856,42.0900,200
34307856384279,09:31:47.856,42.0900,200
34323243328689,09:32:03.243,42.0900,600
34323243328689,09:32:03.243,42.0900,200
34323243328689,09:32:03.243,42.0900,100
34323243328689,09:32:03.243,42.0900,100
34323243328689,09:32:03.243,42.0900,100
34323417783182,09:32:03.417,42.1000,100
34323417783182,09:32:03.417,42.1000,91
34323418040190,09:32:03.418,42.1000,9
34323418040190,09:32:03.418,42.1000,200
34323418040190,09:32:03.418,42.1000,100
34323418040190,09:32:03.418,42.1000,300
34323419597662,09:32:03.419,42.1000,100
34323419597662,09:32:03.419,42.1000,700
34326636082888,09:32:06.636,42.1100,100
34326636082888,09:32:06.636,42.1100,100
34326636082888,09:32:06.636,42.1100,100
34327386027718,09:32:07.386,42.1150,100
34327428111238,09:32:07.428,42.1200,800
34330093151855,09:32:10.093,42.1100,100
34331252711381,09:32:11.252,42.1100,100
34339138645785,09:32:19.138,42.1100,100
34339155845385,09:32:19.155,42.1100,100
34343821002116,09:32:23.821,42.1150,1
34344116640922,09:32:24.116,42.1100,100
34344116640922,09:32:24.116,42.1100,200
34347609817915,09:32:27.609,42.1100,100
34353778245583,09:32:33.778,42.1200,200
34353778867772,09:32:33.778,42.1200,100
34366862024262,09:32:46.862,42.1250,200
34369948544172,09:32:49.948,42.1200,7
34369948544172,09:32:49.948,42.1200,200
34369948544172,09:32:49.948,42.1200,100
34372546036876,09:32:52.546,42.1250,100
34372546040696,09:32:52.546,42.1250,100
34373046017406,09:32:53.046,42.1250,200
34381013735708,09:33:01.013,42.1200,200
34381013735708,09:33:01.013,42.1200,321
34381013764747,09:33:01.013,42.1200,479
34381013764747,09:33:01.013,42.1200,100
34381013764747,09:33:01.013,42.1200,100
34381013764747,09:33:01.013,42.1200,200
34384141287494,09:33:04.141,42.1200,100
34388119813429,09:33:08.119,42.1200,700
34388119813429,09:33:08.119,42.1200,500
34393071500568,09:33:13.071,42.1100,200
34393071500568,09:33:13.071,42.1100,700
34393071500568,09:33:13.071,42.1100,200
34393071500568,09:33:13.071,42.1100,800
34393071500568,09:33:13.071,42.1100,300
34393073305139,09:33:13.073,42.1100,200
34393073305139,09:33:13.073,42.1100,600
34396124948364,09:33:16.124,42.1100,200
34396124948364,09:33:16.124,42.1100,600
34396125244663,09:33:16.125,42.1100,200
34396125244663,09:33:16.125,42.1100,100
34396125252340,09:33:16.125,42.1100,300
34397657471104,09:33:17.657,42.1100,100
34397878753478,09:33:17.878,42.1050,19
34401080596268,09:33:21.080,42.1000,200
34403245899937,09:33:23.245,42.1000,268
34416226750769,09:33:36.226,42.0950,670
34416226750769,09:33:36.226,42.0950,100
34416226750769,09:33:36.226,42.0950,800
34416226750769,09:33:36.226,42.0900,430
34416270219839,09:33:36.270,42.0900,100
34419452854261,09:33:39.452,42.0900,200
34419452854261,09:33:39.452,42.0900,97
34419452854261,09:33:39.452,42.0900,500
34419452854261,09:33:39.452,42.0900,3
34444406100135,09:34:04.406,42.0900,200
34444406100135,09:34:04.406,42.0900,200
34444406100135,09:34:04.406,42.0900,100
34444406136452,09:34:04.406,42.0900,500
34444406150853,09:34:04.406,42.0900,500
34444406176758,09:34:04.406,42.0900,500
34444406253544,09:34:04.406,42.0900,500
34444406304682,09:34:04.406,42.0900,500
34445062880419,09:34:05.062,42.0950,200
34446426645799,09:34:06.426,42.0950,400
34477198041167,09:34:37.198,42.0850,200
34494208555210,09:34:54.208,42.0850,100
34494312948921,09:34:54.312,42.0800,100
34494312948921,09:34:54.312,42.0800,100
34501041513985,09:35:01.041,42.0800,100
34501041513985,09:35:01.041,42.0800,100
34501041513985,09:35:01.041,42.0800,100
34501041513985,09:35:01.041,42.0800,100
34501041513985,09:35:01.041,42.0800,100
34501041513985,09:35:01.041,42.0800,200
34501041513985,09:35:01.041,42.0800,100
34501041533621,09:35:01.041,42.0800,800
34501041560224,09:35:01.041,42.0800,400
34501041560224,09:35:01.041,42.0800,400
34501041573066,09:35:01.041,42.0800,200
34502027923935,09:35:02.027,42.0800,1000
34502027923935,09:35:02.027,42.0800,1100
34502027923935,09:35:02.027,42.0800,1000
34502027923935,09:35:02.027,42.0800,100
34502027923935,09:35:02.027,42.0800,100
34502027923935,09:35:02.027,42.0800,100
34502027923935,09:35:02.027,42.0800,100
34502027923935,09:35:02.027,42.0800,100
34502027923935,09:35:02.027,42.0800,200
34502027923935,09:35:02.027,42.0800,100
34503002843655,09:35:03.002,42.0800,100
34503002843655,09:35:03.002,42.0800,100
34503002843655,09:35:03.002,42.0800,100
34503002843655,09:35:03.002,42.0800,100
34503002845082,09:35:03.002,42.0800,200
34503092830525,09:35:03.092,42.0850,100
34505879399807,09:35:05.879,42.0800,300
34505879399807,09:35:05.879,42.0800,200
34536619087019,09:35:36.619,42.0600,100
34536619087019,09:35:36.619,42.0600,200
34536619087019,09:35:36.619,42.0600,100
34536619087019,09:35:36.619,42.0600,252
34536619180699,09:35:36.619,42.0600,2176
34536619202564,09:35:36.619,42.0600,100
34536619267727,09:35:36.619,42.0600,1200
34536619551139,09:35:36.619,42.0600,172
34537273386688,09:35:37.273,42.0500,300
34537273386688,09:35:37.273,42.0500,200
34537273386688,09:35:37.273,42.0500,200
34537273424959,09:35:37.273,42.0500,200
34545927048145,09:35:45.927,42.0550,200
34547949050075,09:35:47.949,42.0550,200
34548449066744,09:35:48.449,42.0550,100
34556698110418,09:35:56.698,42.0550,800
34556698110418,09:35:56.698,42.0550,800
34556698110418,09:35:56.698,42.0600,100
34556698110418,09:35:56.698,42.0600,200
34556698110418,09:35:56.698,42.0600,300
34556698110418,09:35:56.698,42.0600,800
34556698110418,09:35:56.698,42.0600,400
34561464175182,09:36:01.464,42.0600,30
34561464175182,09:36:01.464,42.0600,100
34561464175182,09:36:01.464,42.0600,500
34563074805765,09:36:03.074,42.0700,30
34565267746758,09:36:05.267,42.0650,1500
34565268642439,09:36:05.268,42.0600,600
34578879550806,09:36:18.879,42.0600,200
34578879550806,09:36:18.879,42.0600,100
34578879550806,09:36:18.879,42.0600,30
34592232318932,09:36:32.232,42.0600,200
34592232318932,09:36:32.232,42.0600,50
34593218525661,09:36:33.218,42.0550,800
34593218525661,09:36:33.218,42.0500,1100
34593218525661,09:36:33.218,42.0500,200
34593218525661,09:36:33.218,42.0500,800
34593218525661,09:36:33.218,42.0500,200
34593218525661,09:36:33.218,42.0500,800
34593218525661,09:36:33.218,42.0500,300
34593218525661,09:36:33.218,42.0500,100
34593218525661,09:36:33.218,42.0500,2400
34593219074954,09:36:33.219,42.0500,2
34593219515298,09:36:33.219,42.0500,198
34597018601684,09:36:37.018,42.0500,300
34597018601684,09:36:37.018,42.0500,200
34597018601684,09:36:37.018,42.0500,100
34597018601684,09:36:37.018,42.0500,200
34597018636867,09:36:37.018,42.0500,100
34597018636867,09:36:37.018,42.0500,30
34597018636867,09:36:37.018,42.0500,50
34597018954462,09:36:37.018,42.0500,300
34597019231304,09:36:37.019,42.0500,300
34597019263790,09:36:37.019,42.0500,300
34597019278269,09:36:37.019,42.0500,300
34597020137120,09:36:37.020,42.0500,700
34597020146999,09:36:37.020,42.0500,15
34597020491925,09:36:37.020,42.0500,800
34597020557510,09:36:37.020,42.0500,800
34597020629116,09:36:37.020,42.0500,600
34597020773351,09:36:37.020,42.0500,800
34598129990701,09:36:38.129,42.0500,200
34598129990701,09:36:38.129,42.0500,400
34598129990701,09:36:38.129,42.0500,885
34602168451781,09:36:42.168,42.0500,200
34602168451781,09:36:42.168,42.0500,1500
34602168451781,09:36:42.168,42.0500,30
34602168451781,09:36:42.168,42.0500,400
34602168451781,09:36:42.168,42.0500,770
34602169083677,09:36:42.169,42.0500,50
34605044686739,09:36:45.044,42.0500,100
34605952592375,09:36:45.952,42.0500,60
34608579352491,09:36:48.579,42.0500,30
34614519975242,09:36:54.519,42.0500,200
34615686777737,09:36:55.686,42.0500,1600
34615686777737,09:36:55.686,42.0500,400
34620419889627,09:37:00.419,42.0500,30
34620419889627,09:37:00.419,42.0500,370
34622192525978,09:37:02.192,42.0500,1
34623369926628,09:37:03.369,42.0600,50
34623941045706,09:37:03.941,42.0650,200
34624441044793,09:37:04.441,42.0650,200
34628675328299,09:37:08.675,42.0700,1300
34638048047732,09:37:18.048,42.0750,200
34641504053339,09:37:21.504,42.0750,100
34642793531772,09:37:22.793,42.0800,1400
34642793531772,09:37:22.793,42.0800,200
34642793531772,09:37:22.793,42.0800,400
34642793531772,09:37:22.793,42.0800,300
34642793531772,09:37:22.793,42.0800,100
34642793531772,09:37:22.793,42.0800,100
34642794591608,09:37:22.794,42.0800,100
34642794946993,09:37:22.794,42.0800,2200
34643840365036,09:37:23.840,42.0800,30
34647814719867,09:37:27.814,42.0750,800
34647814719867,09:37:27.814,42.0800,1300
34647814719867,09:37:27.814,42.0800,800
34647814719867,09:37:27.814,42.0800,600
34647814719867,09:37:27.814,42.0800,2300
34647814719867,09:37:27.814,42.0800,3900
34647814719867,09:37:27.814,42.0800,100
34647814719867,09:37:27.814,42.0800,500
34647814719867,09:37:27.814,42.0800,1600
34647814719867,09:37:27.814,42.0800,800
34647814719867,09:37:27.814,42.0800,4000
34647814719867,09:37:27.814,42.0800,600
34647814719867,09:37:27.814,42.0800,700
34647880074470,09:37:27.880,42.0800,200
34647880074470,09:37:27.880,42.0800,200
34647880074470,09:37:27.880,42.0800,200
34647880074470,09:37:27.880,42.0800,500
34647880074470,09:37:27.880,42.0800,4000
34647880074470,09:37:27.880,42.0800,1700
34651577340351,09:37:31.577,42.0700,200
34651577340351,09:37:31.577,42.0700,100
34651577340351,09:37:31.577,42.0700,30
34651577340351,09:37:31.577,42.0700,400
34656908057623,09:37:36.908,42.0650,300
34657923039674,09:37:37.923,42.0650,200
34660424038527,09:37:40.424,42.0650,200
34663841053363,09:37:43.841,42.0650,200
34670201573971,09:37:50.201,42.0600,100
34670202087404,09:37:50.202,42.0600,100
34670202087404,09:37:50.202,42.0600,30
34670202087404,09:37:50.202,42.0600,50
34674547170704,09:37:54.547,42.0600,200
34674674053417,09:37:54.674,42.0600,2600
34674674053417,09:37:54.674,42.0600,2600
34674674053417,09:37:54.674,42.0600,200
34674674053417,09:37:54.674,42.0600,500
34674674053417,09:37:54.674,42.0600,400
34674674053417,09:37:54.674,42.0600,1700
34674674053417,09:37:54.674,42.0600,4000
34677816639768,09:37:57.816,42.0700,500
34677816639768,09:37:57.816,42.0700,430
34679108056648,09:37:59.108,42.0750,200
34680805049296,09:38:00.805,42.0750,200
34682045055007,09:38:02.045,42.0750,200
34707362600481,09:38:27.362,42.0800,200
34707362600481,09:38:27.362,42.0800,30
34713767821187,09:38:33.767,42.0800,100
34713767821187,09:38:33.767,42.0800,200
34719851853343,09:38:39.851,42.0900,200
34719851853343,09:38:39.851,42.0900,100
34721557624281,09:38:41.557,42.0900,50
34721557624281,09:38:41.557,42.0900,30
34726444514751,09:38:46.444,42.0900,200
34726444514751,09:38:46.444,42.0900,30
34728844960437,09:38:48.844,42.0900,100
34734973438431,09:38:54.973,42.1000,200
34734973438431,09:38:54.973,42.1000,100
34735783290457,09:38:55.783,42.1000,200
34735783290457,09:38:55.783,42.1000,30
34737253049737,09:38:57.253,42.1000,200
34737253655959,09:38:57.253,42.1000,50
34745373992982,09:39:05.373,42.1000,200
34745373992982,09:39:05.373,42.1000,200
34745373992982,09:39:05.373,42.1000,1800
34745373992982,09:39:05.373,42.1000,30
34749955401539,09:39:09.955,42.1000,100
34749955401539,09:39:09.955,42.1000,200
34772906405631,09:39:32.906,42.1100,500
34772906405631,09:39:32.906,42.1100,100
34772906405631,09:39:32.906,42.1100,200
34772906405631,09:39:32.906,42.1100,300
34773552885269,09:39:33.552,42.1100,500
34773613477400,09:39:33.613,42.1100,1900
34773613477400,09:39:33.613,42.1100,100
34773613477400,09:39:33.613,42.1100,30
34773613477400,09:39:33.613,42.1100,50
34773613477400,09:39:33.613,42.1100,200
34773613477400,09:39:33.613,42.1100,800
34778079153605,09:39:38.079,42.1100,200
34778079944121,09:39:38.079,42.1100,100
34780966448328,09:39:40.966,42.1100,200
34784950012048,09:39:44.950,42.1150,200
34785450011662,09:39:45.450,42.1150,100
34796472078835,09:39:56.472,42.1100,200
34796615098961,09:39:56.615,42.1100,100
34796615098961,09:39:56.615,42.1100,30
34800952093864,09:40:00.952,42.1100,200
34800952093864,09:40:00.952,42.1100,100
34800952093864,09:40:00.952,42.1100,200
34821291703612,09:40:21.291,42.1150,1
34834241454341,09:40:34.241,42.1100,30
34842277153051,09:40:42.277,42.1000,100
34842277566978,09:40:42.277,42.1000,100
34842277608160,09:40:42.277,42.1000,50
34842706826313,09:40:42.706,42.1000,151
34842706998273,09:40:42.706,42.1000,302
34845136946630,09:40:45.136,42.1000,100
34845136946630,09:40:45.136,42.1000,30
34852951944065,09:40:52.951,42.1000,53
34852951945426,09:40:52.951,42.1000,5
34854774002650,09:40:54.774,42.0950,200
34864490679892,09:41:04.490,42.1000,200
34864490679892,09:41:04.490,42.1000,200
34864490679892,09:41:04.490,42.1000,200
34864490679892,09:41:04.490,42.1000,700
34864490679892,09:41:04.490,42.1000,300
34864490679892,09:41:04.490,42.1000,2355
34864492525836,09:41:04.492,42.1000,200
34864535950373,09:41:04.535,42.1000,145
34864535950373,09:41:04.535,42.1000,155
34864559651167,09:41:04.559,42.1000,345
34864559651167,09:41:04.559,42.1000,1900
34864559651167,09:41:04.559,42.1000,100
34864559651167,09:41:04.559,42.1000,30
34864559651167,09:41:04.559,42.1000,100
34864559651167,09:41:04.559,42.1000,50
34864627123158,09:41:04.627,42.1000,500
34864627123158,09:41:04.627,42.1000,200
34864631576982,09:41:04.631,42.1000,100
34866537958059,09:41:06.537,42.0900,200
34866537958059,09:41:06.537,42.0900,200
34866537958059,09:41:06.537,42.0900,200
34866537958059,09:41:06.537,42.0900,800
34879957658069,09:41:19.957,42.0800,200
34879957658069,09:41:19.957,42.0800,100
34879958198961,09:41:19.958,42.0800,100
34879958904536,09:41:19.958,42.0800,1700
34879958904536,09:41:19.958,42.0800,500
34879958904536,09:41:19.958,42.0800,2200
34879958904536,09:41:19.958,42.0800,100
34879959525739,09:41:19.959,42.0800,2200
34885936884012,09:41:25.936,42.0700,100
34885937412715,09:41:25.937,42.0700,100
34885937412715,09:41:25.937,42.0700,200
34885937412715,09:41:25.937,42.0700,50
34885937412715,09:41:25.937,42.0700,200
34886267168359,09:41:26.267,42.0700,500
34886267168359,09:41:26.267,42.0700,2000
34886267168359,09:41:26.267,42.0700,30
34886267168359,09:41:26.267,42.0700,100
34886267168359,09:41:26.267,42.0700,100
34886267168359,09:41:26.267,42.0700,100
34886267321466,09:41:26.267,42.0800,1300
34886267321466,09:41:26.267,42.0800,200
34886267321466,09:41:26.267,42.0800,200
34886267321466,09:41:26.267,42.0800,700
34886267321466,09:41:26.267,42.0800,1900
34886267321466,09:41:26.267,42.0800,4000
34886267321466,09:41:26.267,42.0800,600
34886267321466,09:41:26.267,42.0800,500
34886267321466,09:41:26.267,42.0800,500
34886302421671,09:41:26.302,42.0800,159
34886317828083,09:41:26.317,42.0800,100
34886317828083,09:41:26.317,42.0800,200
34886317828083,09:41:26.317,42.0800,200
34886325594449,09:41:26.325,42.0800,351
34886423345697,09:41:26.423,42.0800,2949
34886423345697,09:41:26.423,42.0800,1851
34886423378206,09:41:26.423,42.0800,149
34893041912056,09:41:33.041,42.0700,2000
34893041912056,09:41:33.041,42.0700,200
34893041912056,09:41:33.041,42.0700,100
34893042031745,09:41:33.042,42.0700,50
34894292611454,09:41:34.292,42.0600,100
34894335752508,09:41:34.335,42.0600,100
34894335752508,09:41:34.335,42.0600,100
34894336261571,09:41:34.336,42.0600,100
34897873733143,09:41:37.873,42.0700,200
34897873733143,09:41:37.873,42.0700,200
34897873733143,09:41:37.873,42.0700,200
34897873733143,09:41:37.873,42.0700,500
34897873733143,09:41:37.873,42.0700,2100
34897873733143,09:41:37.873,42.0700,800
34897873733143,09:41:37.873,42.0700,30
34897873733143,09:41:37.873,42.0700,200
34897873733143,09:41:37.873,42.0700,100
34897902455960,09:41:37.902,42.0700,200
34897902455960,09:41:37.902,42.0700,2000
34897902455960,09:41:37.902,42.0700,2100
34900236823864,09:41:40.236,42.0700,1500
34900236823864,09:41:40.236,42.0700,200
34900236823864,09:41:40.236,42.0700,200
34900236823864,09:41:40.236,42.0700,200
34905844142654,09:41:45.844,42.0700,200
34905844142654,09:41:45.844,42.0700,100
34905844142654,09:41:45.844,42.0700,30
34910138112832,09:41:50.138,42.0700,500
34910138112832,09:41:50.138,42.0700,1487
34910138178665,09:41:50.138,42.0700,613
34910138178665,09:41:50.138,42.0700,50
34925465569301,09:42:05.465,42.0600,100
34929686400144,09:42:09.686,42.0600,100
34929686884746,09:42:09.686,42.0600,100
34929687356213,09:42:09.687,42.0600,300
34929687805110,09:42:09.687,42.0600,100
34936039324459,09:42:16.039,42.0600,100
34936234581557,09:42:16.234,42.0700,600
34936234581557,09:42:16.234,42.0700,1300
34936234581557,09:42:16.234,42.0700,130
34936234581557,09:42:16.234,42.0700,2100
34936234581557,09:42:16.234,42.0700,1300
34936234581557,09:42:16.234,42.0700,300
34936234581557,09:42:16.234,42.0700,100
34936234581557,09:42:16.234,42.0700,30
34936234581557,09:42:16.234,42.0700,100
34936234581557,09:42:16.234,42.0700,500
34936234581557,09:42:16.234,42.0700,100
34936234581557,09:42:16.234,42.0700,200
34936234581557,09:42:16.234,42.0700,300
34936234581557,09:42:16.234,42.0700,240
34936234652903,09:42:16.234,42.0700,200
34936234652903,09:42:16.234,42.0700,100
34944952559145,09:42:24.952,42.0600,100
34952881719526,09:42:32.881,42.0700,2100
34952881719526,09:42:32.881,42.0700,200
34952881719526,09:42:32.881,42.0700,100
34952881719526,09:42:32.881,42.0700,200
34952881719526,09:42:32.881,42.0700,200
34952881719526,09:42:32.881,42.0700,200
34952881719526,09:42:32.881,42.0700,200
34952881719526,09:42:32.881,42.0700,30
34952881719526,09:42:32.881,42.0700,100
34952881719526,09:42:32.881,42.0700,100
34952881719526,09:42:32.881,42.0700,92
34952881719526,09:42:32.881,42.0700,278
34952882921664,09:42:32.882,42.0700,22
34952882921664,09:42:32.882,42.0700,500
34952882921664,09:42:32.882,42.0700,200
34953295544352,09:42:33.295,42.0700,1500
34953295544352,09:42:33.295,42.0700,600
34953330057629,09:42:33.330,42.0700,100
34953782900967,09:42:33.782,42.0700,400
34953782900967,09:42:33.782,42.0700,2100
34969478012009,09:42:49.478,42.0650,200
34970598054749,09:42:50.598,42.0600,200
34970598054749,09:42:50.598,42.0600,300
34970598054749,09:42:50.598,42.0600,1000
34970598569816,09:42:50.598,42.0600,1100
34970598569816,09:42:50.598,42.0600,200
34970599053400,09:42:50.599,42.0600,50
34970599053400,09:42:50.599,42.0600,50
34972216509171,09:42:52.216,42.0600,100
34972216994620,09:42:52.216,42.0600,400
34972217446877,09:42:52.217,42.0600,1000
34972217913509,09:42:52.217,42.0600,550
34972217913509,09:42:52.217,42.0600,50
34972218391148,09:42:52.218,42.0600,200
34972218847644,09:42:52.218,42.0600,100
34972219296408,09:42:52.219,42.0600,100
34972219747806,09:42:52.219,42.0600,100
34972220453472,09:42:52.220,42.0600,100
34972220945155,09:42:52.220,42.0600,300
34972221396613,09:42:52.221,42.0600,100
34972221855804,09:42:52.221,42.0600,100
34972223668364,09:42:52.223,42.0600,100
34972224137466,09:42:52.224,42.0600,100
34972224587468,09:42:52.224,42.0600,100
34972321399145,09:42:52.321,42.0600,100
34972321946379,09:42:52.321,42.0600,100
34972323317031,09:42:52.323,42.0600,100
34972326020842,09:42:52.326,42.0600,100
34972327403042,09:42:52.327,42.0600,100
34972427184583,09:42:52.427,42.0600,100
34972427864784,09:42:52.427,42.0600,100
34972428700772,09:42:52.428,42.0600,100
34972429358024,09:42:52.429,42.0600,100
34972429884378,09:42:52.429,42.0600,100
34972430345552,09:42:52.430,42.0600,100
34976156472332,09:42:56.156,42.0600,100
34976156472332,09:42:56.156,42.0600,30
34976156472332,09:42:56.156,42.0600,50
34986685021347,09:43:06.685,42.0600,100
34986687374230,09:43:06.687,42.0600,100
34986687840638,09:43:06.687,42.0600,500
34986688298317,09:43:06.688,42.0600,100
34986690086216,09:43:06.690,42.0600,100
34986690532748,09:43:06.690,42.0600,500
34986690999358,09:43:06.690,42.0600,100
34989630516677,09:43:09.630,42.0700,155
34996045825808,09:43:16.045,42.0700,2045
34996045825808,09:43:16.045,42.0700,30
34996045825808,09:43:16.045,42.0700,500
34996045825808,09:43:16.045,42.0700,4000
34996045825808,09:43:16.045,42.0700,325
34996046949979,09:43:16.046,42.0700,475
34996346734242,09:43:16.346,42.0700,500
34996426395644,09:43:16.426,42.0700,1700
35011778050248,09:43:31.778,42.0700,300
35011778050248,09:43:31.778,42.0700,200
35011778050248,09:43:31.778,42.0700,300
35011778114223,09:43:31.778,42.0700,300
35016930315774,09:43:36.930,42.0700,435
35016930661547,09:43:36.930,42.0700,30
35016930661547,09:43:36.930,42.0700,200
35016930661547,09:43:36.930,42.0700,50
35036153342367,09:43:56.153,42.0700,2200
35036153342367,09:43:56.153,42.0700,30
35036153342367,09:43:56.153,42.0700,100
35036153342367,09:43:56.153,42.0700,100
35036153342367,09:43:56.153,42.0700,200
35036153342367,09:43:56.153,42.0700,200
35036153342367,09:43:56.153,42.0700,370
35036154051440,09:43:56.154,42.0700,100
35036154051440,09:43:56.154,42.0700,100
35036154051440,09:43:56.154,42.0700,30
35036154051440,09:43:56.154,42.0700,100
35037079110870,09:43:57.079,42.0700,900
35037079953038,09:43:57.079,42.0700,1400
35046913593550,09:44:06.913,42.0600,200
35046913593550,09:44:06.913,42.0600,100
35046913593550,09:44:06.913,42.0600,2800
35046914071070,09:44:06.914,42.0600,44
35046914071070,09:44:06.914,42.0600,2700
35046914071070,09:44:06.914,42.0600,356
35046914155935,09:44:06.914,42.0600,1644
35046914155935,09:44:06.914,42.0600,44
35053701618529,09:44:13.701,42.0600,100
35053701618529,09:44:13.701,42.0600,30
35053701618529,09:44:13.701,42.0600,84
35058699383704,09:44:18.699,42.0600,50
35096000002055,09:44:56.000,42.0600,30
35096000002055,09:44:56.000,42.0600,100
35102613188470,09:45:02.613,42.0650,800
35102613188470,09:45:02.613,42.0650,690
35102613188470,09:45:02.613,42.0650,100
35102613188470,09:45:02.613,42.0650,135
35102613188470,09:45:02.613,42.0650,665
35102613188470,09:45:02.613,42.0600,200
35102613188470,09:45:02.613,42.0600,2500
35102613188470,09:45:02.613,42.0600,100
35102613188470,09:45:02.613,42.0600,4000
35102613188470,09:45:02.613,42.0600,500
35102613188470,09:45:02.613,42.0600,1661
35102613624237,09:45:02.613,42.0600,409
35102615089816,09:45:02.615,42.0600,130
35102615089816,09:45:02.615,42.0600,30
35102615089816,09:45:02.615,42.0600,100
35102615089816,09:45:02.615,42.0600,283
35107766632689,09:45:07.766,42.0700,200
35107766632689,09:45:07.766,42.0700,200
35107766632689,09:45:07.766,42.0700,200
35107766632689,09:45:07.766,42.0700,2300
35107766632689,09:45:07.766,42.0700,200
35107766632689,09:45:07.766,42.0700,4000
35107766632689,09:45:07.766,42.0700,400
35119097693294,09:45:19.097,42.0800,200
35119097693294,09:45:19.097,42.0800,92
35119097693294,09:45:19.097,42.0800,8
35119098251247,09:45:19.098,42.0800,292
35119098251247,09:45:19.098,42.0800,108
35119098912314,09:45:19.098,42.0800,92
35119098912314,09:45:19.098,42.0800,92
35126855462561,09:45:26.855,42.0800,200
35126855462561,09:45:26.855,42.0800,398
35126855499754,09:45:26.855,42.0800,2102
35126855499754,09:45:26.855,42.0800,30
35126855499754,09:45:26.855,42.0800,100
35168741033758,09:46:08.741,42.0700,100
35168741033758,09:46:08.741,42.0700,30
35168741047498,09:46:08.741,42.0700,58
35171528285913,09:46:11.528,42.0700,2500
35171528285913,09:46:11.528,42.0700,100
35203014946278,09:46:43.014,42.0700,200
35203014946278,09:46:43.014,42.0700,2500
35216372907709,09:46:56.372,42.0800,30
35216372907709,09:46:56.372,42.0800,92
35221657043819,09:47:01.657,42.0800,1
35221657043819,09:47:01.657,42.0800,30
35221657043819,09:47:01.657,42.0800,50
35221657097310,09:47:01.657,42.0800,1
35230523599674,09:47:10.523,42.0800,200
35230523599674,09:47:10.523,42.0800,200
35230523599674,09:47:10.523,42.0800,200
35230523599674,09:47:10.523,42.0800,200
35230523599674,09:47:10.523,42.0800,2700
35230523599674,09:47:10.523,42.0800,100
35230523599674,09:47:10.523,42.0800,30
35233236396599,09:47:13.236,42.0800,50
35241315540898,09:47:21.315,42.0750,2
35257388183758,09:47:37.388,42.0800,2800
35257388183758,09:47:37.388,42.0800,100
35257388183758,09:47:37.388,42.0800,30
35257388183758,09:47:37.388,42.0800,800
35257388183758,09:47:37.388,42.0800,100
35257388183758,09:47:37.388,42.0800,970
35257388218324,09:47:37.388,42.0800,580
35257524199325,09:47:37.524,42.0800,100
35287601691019,09:48:07.601,42.0700,356
35287602168465,09:48:07.602,42.0700,1010
35287887040305,09:48:07.887,42.0700,140
35287887542741,09:48:07.887,42.0700,767
35287887806605,09:48:07.887,42.0700,3327
35288579174857,09:48:08.579,42.0600,100
35288580612814,09:48:08.580,42.0600,92
35288580783752,09:48:08.580,42.0600,92
35289633599947,09:48:09.633,42.0600,29
35290083567056,09:48:10.083,42.0600,100
35291613655682,09:48:11.613,42.0600,50
35291613904493,09:48:11.613,42.0600,800
35295643839820,09:48:15.643,42.0600,30
35317016219137,09:48:37.016,42.0600,100
35320868863228,09:48:40.868,42.0600,624
35320868916774,09:48:40.868,42.0600,100
35320868916774,09:48:40.868,42.0600,202
35320868950130,09:48:40.868,42.0600,1644
35320868988282,09:48:40.868,42.0600,311
35320869052565,09:48:40.869,42.0600,300
35320869066206,09:48:40.869,42.0600,275
35320869095449,09:48:40.869,42.0600,1201
35320869100014,09:48:40.869,42.0600,700
35320869151893,09:48:40.869,42.0600,400
35320869283341,09:48:40.869,42.0600,967
35320869283341,09:48:40.869,42.0600,50
35324376066728,09:48:44.376,42.0600,1500
35324376066728,09:48:44.376,42.0600,615
35324376127478,09:48:44.376,42.0600,1285
35324376127478,09:48:44.376,42.0600,215
35324376496163,09:48:44.376,42.0600,2185
35324376496163,09:48:44.376,42.0600,30
35330578089861,09:48:50.578,42.0600,100
35330634375281,09:48:50.634,42.0600,100
35330634375281,09:48:50.634,42.0600,50
35330640509090,09:48:50.640,42.0500,200
35330640509090,09:48:50.640,42.0500,1600
35330640509090,09:48:50.640,42.0500,800
35330640509090,09:48:50.640,42.0500,500
35330640509090,09:48:50.640,42.0500,200
35333718607497,09:48:53.718,42.0500,2810
35333718653940,09:48:53.718,42.0500,190
35333718653940,09:48:53.718,42.0500,100
35333718653940,09:48:53.718,42.0500,100
35333718653940,09:48:53.718,42.0500,30
35343747148257,09:49:03.747,42.0500,200
35343747148257,09:49:03.747,42.0500,200
35343747148257,09:49:03.747,42.0500,200
35343747148257,09:49:03.747,42.0500,3100
35343747148257,09:49:03.747,42.0500,4000
35343747148257,09:49:03.747,42.0500,500
35343747148257,09:49:03.747,42.0500,800
35343747377656,09:49:03.747,42.0500,200
35343747377656,09:49:03.747,42.0500,3100
35350602491147,09:49:10.602,42.0500,30
35350602491147,09:49:10.602,42.0500,200
35350602491147,09:49:10.602,42.0500,200
35350602695722,09:49:10.602,42.0500,300
35350603172344,09:49:10.603,42.0500,200
35350603631246,09:49:10.603,42.0500,100
35350603631246,09:49:10.603,42.0500,1400
35351945811568,09:49:11.945,42.0500,100
35384009305799,09:49:44.009,42.0500,200
35384009305799,09:49:44.009,42.0500,200
35384009305799,09:49:44.009,42.0500,200
35384009305799,09:49:44.009,42.0500,1865
35396433233991,09:49:56.433,42.0550,600
35396433233991,09:49:56.433,42.0600,1900
35396433233991,09:49:56.433,42.0600,800
35396433233991,09:49:56.433,42.0600,1500
35422909736324,09:50:22.909,42.0600,200
35423903560258,09:50:23.903,42.0550,652
35423903751681,09:50:23.903,42.0600,1400
35423903751681,09:50:23.903,42.0600,200
35423903751681,09:50:23.903,42.0600,100
35423903751681,09:50:23.903,42.0600,300
35423903751681,09:50:23.903,42.0600,300
35423903751681,09:50:23.903,42.0600,300
35423903751681,09:50:23.903,42.0600,300
35423903751681,09:50:23.903,42.0600,100
35423903751681,09:50:23.903,42.0600,200
35423903751681,09:50:23.903,42.0600,100
35423903751681,09:50:23.903,42.0600,200
35423903751681,09:50:23.903,42.0600,30
35423903751681,09:50:23.903,42.0600,1170
35423945517037,09:50:23.945,42.0600,200
35423945517037,09:50:23.945,42.0600,100
35423948171522,09:50:23.948,42.0600,300
35423956501928,09:50:23.956,42.0600,200
35423956501928,09:50:23.956,42.0600,100
35423965736063,09:50:23.965,42.0600,100
35423965736063,09:50:23.965,42.0600,200
35423992984250,09:50:23.992,42.0600,300
35423995362125,09:50:23.995,42.0600,200
35447595130891,09:50:47.595,42.0600,200
35447595130891,09:50:47.595,42.0600,200
35447595130891,09:50:47.595,42.0600,200
35447595130891,09:50:47.595,42.0600,300
35447595130891,09:50:47.595,42.0600,300
35447595130891,09:50:47.595,42.0600,200
35447595130891,09:50:47.595,42.0600,430
35447595238108,09:50:47.595,42.0600,70
35447595238108,09:50:47.595,42.0600,30
35447616513088,09:50:47.616,42.0600,100
35447616513088,09:50:47.616,42.0600,2000
35447616513088,09:50:47.616,42.0600,3000
35447616810852,09:50:47.616,42.0600,200
35449650850392,09:50:49.650,42.0600,761
35449650861601,09:50:49.650,42.0600,998
35449650890039,09:50:49.650,42.0600,1441
35468971956129,09:51:08.971,42.0600,300
35468971956129,09:51:08.971,42.0600,100
35468971956129,09:51:08.971,42.0600,30
35468973157525,09:51:08.973,42.0600,400
35468973157525,09:51:08.973,42.0600,3300
35468973157525,09:51:08.973,42.0600,1500
35482953480787,09:51:22.953,42.0700,200
35482953480787,09:51:22.953,42.0700,200
35482953480787,09:51:22.953,42.0700,2900
35482953480787,09:51:22.953,42.0700,200
35482953480787,09:51:22.953,42.0700,500
35483076966984,09:51:23.076,42.0700,74
35495826946966,09:51:35.826,42.0700,3426
35495826946966,09:51:35.826,42.0700,800
35495826946966,09:51:35.826,42.0700,200
35495826946966,09:51:35.826,42.0700,200
35495826946966,09:51:35.826,42.0700,800
35495826946966,09:51:35.826,42.0700,500
35495826946966,09:51:35.826,42.0700,2500
35495826946966,09:51:35.826,42.0700,174
35529324806223,09:52:09.324,42.0600,200
35529324806223,09:52:09.324,42.0600,500
35529324806223,09:52:09.324,42.0600,2369
35529325225738,09:52:09.325,42.0600,302
35529462290776,09:52:09.462,42.0600,100
35533280516760,09:52:13.280,42.0600,529
35533280516760,09:52:13.280,42.0600,30
35533280516760,09:52:13.280,42.0600,145
35533280692075,09:52:13.280,42.0600,100
35533281093535,09:52:13.281,42.0600,273
35533281095016,09:52:13.281,42.0600,1121
35533281126925,09:52:13.281,42.0600,600
35533281321535,09:52:13.281,42.0600,760
35533281361431,09:52:13.281,42.0600,201
35533281361431,09:52:13.281,42.0600,50
35533281397320,09:52:13.281,42.0600,251
35533281402972,09:52:13.281,42.0600,251
35547655899513,09:52:27.655,42.0500,100
35547655899513,09:52:27.655,42.0500,200
35547655899513,09:52:27.655,42.0500,900
35547656405145,09:52:27.656,42.0500,100
35547656877195,09:52:27.656,42.0500,100
35547774821749,09:52:27.774,42.0500,100
35552661525274,09:52:32.661,42.0500,100
35553583633987,09:52:33.583,42.0500,100
35553583633987,09:52:33.583,42.0500,58
35555984641208,09:52:35.984,42.0500,100
35560781093362,09:52:40.781,42.0500,100
35560781570317,09:52:40.781,42.0500,300
35560781610599,09:52:40.781,42.0500,737
35560781635817,09:52:40.781,42.0500,200
35560781646613,09:52:40.781,42.0500,700
35560781652753,09:52:40.781,42.0500,300
35560781678661,09:52:40.781,42.0500,58
35560781712356,09:52:40.781,42.0500,100
35560781718172,09:52:40.781,42.0500,300
35560781740362,09:52:40.781,42.0500,400
35560781831345,09:52:40.781,42.0500,1200
35560781861736,09:52:40.781,42.0500,302
35560782029777,09:52:40.782,42.0500,300
35560782274304,09:52:40.782,42.0500,145
35560782274304,09:52:40.782,42.0500,30
35560782274304,09:52:40.782,42.0500,325
35578903233087,09:52:58.903,42.0500,200
35578903233087,09:52:58.903,42.0500,100
35578903233087,09:52:58.903,42.0500,100
35579392846921,09:52:59.392,42.0500,62
35579408773018,09:52:59.408,42.0500,100
35581947316882,09:53:01.947,42.0500,1053
35582463572387,09:53:02.463,42.0500,100
35583277081917,09:53:03.277,42.0500,367
35583277680352,09:53:03.277,42.0500,1618
35583277680352,09:53:03.277,42.0500,30
35583277680352,09:53:03.277,42.0500,50
35586870202188,09:53:06.870,42.0400,200
35588243452524,09:53:08.243,42.0400,30
35608010508841,09:53:28.010,42.0350,151
35622649265917,09:53:42.649,42.0300,25
35622651696097,09:53:42.651,42.0300,30
35622651696097,09:53:42.651,42.0300,200
35622651696097,09:53:42.651,42.0300,200
35622651696097,09:53:42.651,42.0300,100
35622651696097,09:53:42.651,42.0300,100
35622651696097,09:53:42.651,42.0300,43
35627076913759,09:53:47.076,42.0300,70
35630565995680,09:53:50.565,42.0300,726
35630566123440,09:53:50.566,42.0300,1929
35630566157707,09:53:50.566,42.0300,468
35630566190061,09:53:50.566,42.0300,107
35630566190061,09:53:50.566,42.0300,100
35630566548385,09:53:50.566,42.0300,200
35665025482266,09:54:25.025,42.0400,200
35665025482266,09:54:25.025,42.0400,100
35665025482266,09:54:25.025,42.0400,84
35665025482266,09:54:25.025,42.0400,200
35667766808387,09:54:27.766,42.0400,6
35667908646377,09:54:27.908,42.0400,300
35685585162729,09:54:45.585,42.0500,78
35755701510826,09:55:55.701,42.0400,776
35755701788955,09:55:55.701,42.0400,2200
35755701788955,09:55:55.701,42.0400,30
35755701788955,09:55:55.701,42.0400,74
35755701821727,09:55:55.701,42.0400,26
35755701821727,09:55:55.701,42.0400,192
35755701858745,09:55:55.701,42.0400,8
35755701858745,09:55:55.701,42.0400,50
35755701858745,09:55:55.701,42.0400,300
35755701858745,09:55:55.701,42.0400,100
35770825073725,09:56:10.825,42.0300,200
35774000752403,09:56:14.000,42.0300,200
35806716724665,09:56:46.716,42.0300,300
35806716724665,09:56:46.716,42.0300,100
35806719282561,09:56:46.719,42.0300,200
35806719282561,09:56:46.719,42.0300,100
35806721697656,09:56:46.721,42.0300,100
35806721697656,09:56:46.721,42.0300,200
35873480950297,09:57:53.480,42.0200,100
35873480950297,09:57:53.480,42.0200,168
35880719403487,09:58:00.719,42.0200,32
35880719403487,09:58:00.719,42.0200,30
35880719403487,09:58:00.719,42.0200,100
35880719403487,09:58:00.719,42.0200,100
35880719403487,09:58:00.719,42.0200,100
35880719403487,09:58:00.719,42.0200,100
35880719403487,09:58:00.719,42.0200,200
35880719403487,09:58:00.719,42.0200,50
35917982450311,09:58:37.982,42.0200,200
35917982450311,09:58:37.982,42.0200,111
35917999628212,09:58:37.999,42.0200,300
35970194061677,09:59:30.194,42.0100,30
35970194061677,09:59:30.194,42.0100,70
35970194453817,09:59:30.194,42.0100,30
35970194453817,09:59:30.194,42.0100,50
35996543707087,09:59:56.543,42.0100,100
36001580641161,10:00:01.580,42.0200,2789
36001580641161,10:00:01.580,42.0200,200
36001580641161,10:00:01.580,42.0200,200
36001580641161,10:00:01.580,42.0200,200
36001580641161,10:00:01.580,42.0200,200
36001580641161,10:00:01.580,42.0200,84
36001580641161,10:00:01.580,42.0200,50
36001580641161,10:00:01.580,42.0200,169
36002286410271,10:00:02.286,42.0200,3300
36002286410271,10:00:02.286,42.0200,700
36002286410271,10:00:02.286,42.0200,500
36002286410271,10:00:02.286,42.0200,800
36002286769395,10:00:02.286,42.0200,200
36002286769395,10:00:02.286,42.0200,200
36002286769395,10:00:02.286,42.0200,2600
36006816455135,10:00:06.816,42.0200,200
36006816470487,10:00:06.816,42.0200,99
36006816692725,10:00:06.816,42.0200,159
36007321296079,10:00:07.321,42.0200,2842
36007321296079,10:00:07.321,42.0200,30
36007321296079,10:00:07.321,42.0200,100
36007321296079,10:00:07.321,42.0200,100
36008505290302,10:00:08.505,42.0100,2026
36010865081221,10:00:10.865,42.0100,850
36010865101290,10:00:10.865,42.0100,424
36010865101290,10:00:10.865,42.0100,30
36028892512094,10:00:28.892,42.0200,2300
36074763179401,10:01:14.763,42.0200,4
36097005098388,10:01:37.005,42.0200,1108
36097005118718,10:01:37.005,42.0200,1200
36097005150122,10:01:37.005,42.0200,192
36097005150122,10:01:37.005,42.0200,100
36097005150122,10:01:37.005,42.0200,100
36106698534132,10:01:46.698,42.0200,58
36106698534132,10:01:46.698,42.0200,211
36106698534132,10:01:46.698,42.0200,30
36106698534132,10:01:46.698,42.0200,50
36106698534132,10:01:46.698,42.0200,100
36106698534132,10:01:46.698,42.0200,100
36106698534132,10:01:46.698,42.0200,54
36106698571272,10:01:46.698,42.0200,46
36154651020282,10:02:34.651,42.0100,30
36154651020282,10:02:34.651,42.0100,100
36154651020282,10:02:34.651,42.0100,100
36154651020282,10:02:34.651,42.0100,100
36154651020282,10:02:34.651,42.0100,100
36154651020282,10:02:34.651,42.0100,200
36154651020282,10:02:34.651,42.0100,50
36154651020282,10:02:34.651,42.0100,800
36165621197728,10:02:45.621,42.0000,200
36165621197728,10:02:45.621,42.0000,200
36165621197728,10:02:45.621,42.0000,200
36165621197728,10:02:45.621,42.0000,300
36165621197728,10:02:45.621,42.0000,100
36165621197728,10:02:45.621,42.0000,30
36165621197728,10:02:45.621,42.0000,100
36165621197728,10:02:45.621,42.0000,100
36165621197728,10:02:45.621,42.0000,50
36165621197728,10:02:45.621,42.0000,800
36166308537445,10:02:46.308,41.9900,100
36166686645288,10:02:46.686,41.9900,200
36166686645288,10:02:46.686,41.9900,200
36166686645288,10:02:46.686,41.9900,200
36166686645288,10:02:46.686,41.9900,30
36166686645288,10:02:46.686,41.9800,100
36166686645288,10:02:46.686,41.9800,200
36166686645288,10:02:46.686,41.9800,100
36166686645288,10:02:46.686,41.9800,200
36166686645288,10:02:46.686,41.9800,200
36166686645288,10:02:46.686,41.9800,200
36166686645288,10:02:46.686,41.9800,200
36166686645288,10:02:46.686,41.9800,2370
36166688628455,10:02:46.688,41.9800,530
36166688628455,10:02:46.688,41.9800,335
36166689440499,10:02:46.689,41.9800,100
36166690266235,10:02:46.690,41.9800,65
36166691767563,10:02:46.691,41.9800,100
36166691767563,10:02:46.691,41.9800,700
36168625953070,10:02:48.625,41.9800,100
36171389518852,10:02:51.389,41.9850,100
36189645308803,10:03:09.645,41.9800,30
36189645308803,10:03:09.645,41.9800,100
36189645308803,10:03:09.645,41.9800,100
36189645308803,10:03:09.645,41.9800,50
36196074512864,10:03:16.074,41.9700,100
36196074844380,10:03:16.074,41.9700,30
36196074844380,10:03:16.074,41.9700,100
36196074844380,10:03:16.074,41.9700,50
36198241605173,10:03:18.241,41.9700,100
36198241605173,10:03:18.241,41.9700,100
36198241605173,10:03:18.241,41.9700,100
36198241605173,10:03:18.241,41.9700,200
36216954102217,10:03:36.954,41.9800,161
36237309251680,10:03:57.309,41.9750,219
36237309251680,10:03:57.309,41.9750,100
36237309251680,10:03:57.309,41.9750,481
36241328950537,10:04:01.328,41.9800,200
36241328950537,10:04:01.328,41.9800,100
36241328950537,10:04:01.328,41.9800,100
36241328950537,10:04:01.328,41.9800,100
36241329086679,10:04:01.329,41.9800,100
36256532153126,10:04:16.532,41.9800,30
36256532153126,10:04:16.532,41.9800,100
36256532153126,10:04:16.532,41.9800,50
36261975150294,10:04:21.975,41.9800,1440
36261975217773,10:04:21.975,41.9800,100
36267845420708,10:04:27.845,41.9800,444
36267845446685,10:04:27.845,41.9800,579
36267845866762,10:04:27.845,41.9800,300
36267846054886,10:04:27.846,41.9800,30
36275912199051,10:04:35.912,41.9800,951
36295253217789,10:04:55.253,41.9700,100
36295270107102,10:04:55.270,41.9700,100
36295270107102,10:04:55.270,41.9700,100
36307838744304,10:05:07.838,41.9700,30
36307838744304,10:05:07.838,41.9700,100
36307838744304,10:05:07.838,41.9700,70
36323788722898,10:05:23.788,41.9600,100
36337317585030,10:05:37.317,41.9700,200
36337317585030,10:05:37.317,41.9700,200
36337317585030,10:05:37.317,41.9700,200
36337317585030,10:05:37.317,41.9700,200
36337317585030,10:05:37.317,41.9700,100
36337317585030,10:05:37.317,41.9700,30
36337317585030,10:05:37.317,41.9700,70
36337317751688,10:05:37.317,41.9700,130
36379076817831,10:06:19.076,41.9800,100
36379077030495,10:06:19.077,41.9800,25
36379077030495,10:06:19.077,41.9800,100
36379077030495,10:06:19.077,41.9800,100
36379077030495,10:06:19.077,41.9800,100
36432263431632,10:07:12.263,41.9800,200
36432263431632,10:07:12.263,41.9800,300
36437359356608,10:07:17.359,41.9800,1310
36437359419367,10:07:17.359,41.9800,850
36437359492556,10:07:17.359,41.9800,4
36437359674359,10:07:17.359,41.9800,843
36437359747395,10:07:17.359,41.9800,93
36437359747395,10:07:17.359,41.9800,30
36437359747395,10:07:17.359,41.9800,100
36448273189403,10:07:28.273,41.9700,300
36452757630346,10:07:32.757,41.9700,30
36452757630346,10:07:32.757,41.9700,100
36457592112640,10:07:37.592,41.9650,178
36471907468198,10:07:51.907,41.9700,200
36471907468198,10:07:51.907,41.9700,100
36488981901535,10:08:08.981,41.9800,200
36488981901535,10:08:08.981,41.9800,500
36488982631320,10:08:08.982,41.9800,200
36488982631320,10:08:08.982,41.9800,69
36488982723422,10:08:08.982,41.9800,31
36495990562683,10:08:15.990,41.9800,100
36495991529334,10:08:15.991,41.9800,30
36495991529334,10:08:15.991,41.9800,70
36495991610491,10:08:15.991,41.9800,30
36519689007408,10:08:39.689,41.9750,200
36523769139703,10:08:43.769,41.9800,2475
36523769170733,10:08:43.769,41.9800,525
36523769170733,10:08:43.769,41.9800,200
36523769170733,10:08:43.769,41.9800,200
36523769170733,10:08:43.769,41.9800,3500
36523769170733,10:08:43.769,41.9800,100
36523769170733,10:08:43.769,41.9800,100
36523769170733,10:08:43.769,41.9800,1300
36523769170733,10:08:43.769,41.9800,500
36523769170733,10:08:43.769,41.9800,100
36523769833678,10:08:43.769,41.9800,100
36523770780088,10:08:43.770,41.9800,2600
36523770780088,10:08:43.770,41.9800,100
36540031348875,10:09:00.031,41.9800,200
36547493711973,10:09:07.493,41.9800,100
36547495190582,10:09:07.495,41.9800,30
36547495190582,10:09:07.495,41.9800,100
36547495190582,10:09:07.495,41.9800,200
36547495190582,10:09:07.495,41.9800,500
36547495190582,10:09:07.495,41.9800,2872
36547495663980,10:09:07.495,41.9800,830
36547592931517,10:09:07.592,41.9800,3200
36547592931517,10:09:07.592,41.9800,5000
36547592931517,10:09:07.592,41.9800,200
36547592931517,10:09:07.592,41.9800,4000
36547592931517,10:09:07.592,41.9800,5000
36547592931517,10:09:07.592,41.9800,5600
36547592931517,10:09:07.592,41.9800,1300
36547592931517,10:09:07.592,41.9800,600
36547592931517,10:09:07.592,41.9800,3200
36554965466116,10:09:14.965,41.9800,200
36554965466116,10:09:14.965,41.9800,200
36554965466116,10:09:14.965,41.9800,200
36554965466116,10:09:14.965,41.9800,940
36554965466116,10:09:14.965,41.9800,100
36554965466116,10:09:14.965,41.9800,460
36554965496882,10:09:14.965,41.9800,2240
36554965496882,10:09:14.965,41.9800,5
36554965496882,10:09:14.965,41.9800,5
36554965496882,10:09:14.965,41.9800,30
36554965496882,10:09:14.965,41.9800,2100
36554965586996,10:09:14.965,41.9800,2026
36554965606042,10:09:14.965,41.9800,254
36554965918257,10:09:14.965,41.9800,700
36554966075275,10:09:14.966,41.9800,2280
36554967042992,10:09:14.967,41.9800,3980
36554985896186,10:09:14.985,41.9800,200
36555039470830,10:09:15.039,41.9800,200
36555039470830,10:09:15.039,41.9800,200
36555039470830,10:09:15.039,41.9800,100
36555039470830,10:09:15.039,41.9800,3600
36555039470830,10:09:15.039,41.9800,200
36555039470830,10:09:15.039,41.9800,200
36555039470830,10:09:15.039,41.9800,500
36555039470830,10:09:15.039,41.9800,500
36555039470830,10:09:15.039,41.9800,4000
36555039470830,10:09:15.039,41.9800,3700
36555039470830,10:09:15.039,41.9800,1300
36555039470830,10:09:15.039,41.9800,30
36579829852647,10:09:39.829,41.9900,100
36588174832972,10:09:48.174,42.0000,3100
36588174832972,10:09:48.174,42.0000,100
36588174832972,10:09:48.174,42.0000,200
36588174832972,10:09:48.174,42.0000,800
36594772982570,10:09:54.772,42.0050,1400
36594772982570,10:09:54.772,42.0050,800
36594772982570,10:09:54.772,42.0100,3100
36594772982570,10:09:54.772,42.0100,900
36594772982570,10:09:54.772,42.0100,500
36594772982570,10:09:54.772,42.0100,700
36594772982570,10:09:54.772,42.0100,1500
36594772982570,10:09:54.772,42.0100,800
36594772982570,10:09:54.772,42.0100,500
36594772982570,10:09:54.772,42.0100,500
36594773226121,10:09:54.773,42.0100,2745
36594773297945,10:09:54.773,42.0100,200
36594773492562,10:09:54.773,42.0100,100
36594774133132,10:09:54.774,42.0100,200
36594774197387,10:09:54.774,42.0100,145
36594774683176,10:09:54.774,42.0100,155
36594774683176,10:09:54.774,42.0100,345
36594856904027,10:09:54.856,42.0100,1400
36594856904027,10:09:54.856,42.0100,1068
36594858235857,10:09:54.858,42.0100,232
36594858235857,10:09:54.858,42.0100,168
36595009157130,10:09:55.009,42.0100,545
36595009157130,10:09:55.009,42.0100,10
36595009157130,10:09:55.009,42.0100,3000
36595009157130,10:09:55.009,42.0100,100
36595009157130,10:09:55.009,42.0100,200
36595009157130,10:09:55.009,42.0100,30
36595009157130,10:09:55.009,42.0100,1000
36595009160855,10:09:55.009,42.0100,200
36595786718596,10:09:55.786,42.0100,518
36620030921130,10:10:20.030,42.0000,100
36623991222617,10:10:23.991,42.0000,100
36623991222617,10:10:23.991,42.0000,30
36623991222617,10:10:23.991,42.0000,70
36623991370277,10:10:23.991,42.0000,30
36632253310707,10:10:32.253,41.9900,100
36632253310707,10:10:32.253,41.9900,50
36632253310707,10:10:32.253,41.9900,30
36633807749375,10:10:33.807,41.9900,200
36633807749375,10:10:33.807,41.9900,100
36636791083418,10:10:36.791,41.9900,100
36645993067245,10:10:45.993,41.9900,100
36665577276903,10:11:05.577,41.9900,100
36665577276903,10:11:05.577,41.9900,30
36665577276903,10:11:05.577,41.9900,50
36690854590216,10:11:30.854,42.0000,200
36690854590216,10:11:30.854,42.0000,200
36690854590216,10:11:30.854,42.0000,200
36690854590216,10:11:30.854,42.0000,200
36690854590216,10:11:30.854,42.0000,3600
36690854590216,10:11:30.854,42.0000,3200
36690854590216,10:11:30.854,42.0000,400
36690854590216,10:11:30.854,42.0000,300
36690854590216,10:11:30.854,42.0000,800
36690854590216,10:11:30.854,42.0000,100
36690855506939,10:11:30.855,42.0000,15
36690855587959,10:11:30.855,42.0000,882
36690855592252,10:11:30.855,42.0000,200
36690855652472,10:11:30.855,42.0000,200
36690855776041,10:11:30.855,42.0000,200
36690864905435,10:11:30.864,42.0000,3600
36690864905435,10:11:30.864,42.0000,200
36690864905435,10:11:30.864,42.0000,1400
36690864905435,10:11:30.864,42.0000,587
36690864905435,10:11:30.864,42.0000,1400
36690864905435,10:11:30.864,42.0000,100
36690864905435,10:11:30.864,42.0000,1500
36690864905435,10:11:30.864,42.0000,800
36690869184849,10:11:30.869,42.0050,300
36708105275114,10:11:48.105,42.0100,100
36708105275114,10:11:48.105,42.0100,100
36708105799819,10:11:48.105,42.0100,100
36708688786539,10:11:48.688,42.0200,200
36708688786539,10:11:48.688,42.0200,200
36708688786539,10:11:48.688,42.0200,200
36708688786539,10:11:48.688,42.0200,300
36708688786539,10:11:48.688,42.0200,300
36708688786539,10:11:48.688,42.0200,700
36708688786539,10:11:48.688,42.0200,2700
36708690140161,10:11:48.690,42.0200,100
36708690140161,10:11:48.690,42.0200,100
36708690140161,10:11:48.690,42.0200,800
36708753839685,10:11:48.753,42.0200,4000
36708753839685,10:11:48.753,42.0200,500
36708753839685,10:11:48.753,42.0200,320
36708753839685,10:11:48.753,42.0200,3200
36708753839685,10:11:48.753,42.0200,1980
36710795183995,10:11:50.795,42.0200,200
36710795183995,10:11:50.795,42.0200,200
36710795183995,10:11:50.795,42.0200,200
36710795183995,10:11:50.795,42.0200,200
36710795183995,10:11:50.795,42.0200,500
36710795183995,10:11:50.795,42.0200,50
36710795183995,10:11:50.795,42.0200,30
36710795183995,10:11:50.795,42.0200,1648
36712137085267,10:11:52.137,42.0100,100
36736618660595,10:12:16.618,42.0100,100
36736618660595,10:12:16.618,42.0100,30
36736618660595,10:12:16.618,42.0100,100
36736618660595,10:12:16.618,42.0100,100
36736618660595,10:12:16.618,42.0100,50
36760949289631,10:12:40.949,42.0100,125
36760949415957,10:12:40.949,42.0100,375
36760949415957,10:12:40.949,42.0100,25
36760949448618,10:12:40.949,42.0100,5
36760949448618,10:12:40.949,42.0100,50
36778546570912,10:12:58.546,42.0000,30
36778546570912,10:12:58.546,42.0000,200
36778546570912,10:12:58.546,42.0000,1300
36778546593040,10:12:58.546,42.0000,1530
36778546822409,10:12:58.546,42.0000,1530
36778546849191,10:12:58.546,42.0000,1600
36778546849191,10:12:58.546,42.0000,200
36778546849191,10:12:58.546,42.0000,3200
36778546850489,10:12:58.546,42.0000,1000
36778546920092,10:12:58.546,42.0000,508
36778554824200,10:12:58.554,42.0000,2000
36778554824200,10:12:58.554,42.0000,2668
36778554887474,10:12:58.554,42.0000,1032
36778554887474,10:12:58.554,42.0000,1073
36778554951185,10:12:58.554,42.0000,302
36778554992789,10:12:58.554,42.0000,25
36778554992789,10:12:58.554,42.0000,16
36778555055664,10:12:58.555,42.0000,118
36778555905118,10:12:58.555,42.0000,381
36778555934794,10:12:58.555,42.0000,1200
36778562271980,10:12:58.562,42.0000,800
36778562582109,10:12:58.562,42.0000,1085
36778562582109,10:12:58.562,42.0000,115
36778570059382,10:12:58.570,42.0000,85
36778570059382,10:12:58.570,42.0000,500
36799686473625,10:13:19.686,42.0100,120
36799686504874,10:13:19.686,42.0100,500
36799686564217,10:13:19.686,42.0100,400
36799686588543,10:13:19.686,42.0100,100
36799686606805,10:13:19.686,42.0100,665
36799686606805,10:13:19.686,42.0100,30
36824350124537,10:13:44.350,42.0100,1095
36824350124537,10:13:44.350,42.0100,956
36824350124537,10:13:44.350,42.0100,1425
36824350166917,10:13:44.350,42.0100,1075
36824350166917,10:13:44.350,42.0100,100
36824350166917,10:13:44.350,42.0100,136
36824350166917,10:13:44.350,42.0100,50
36824350176676,10:13:44.350,42.0100,200
36824350176676,10:13:44.350,42.0100,756
36824350223346,10:13:44.350,42.0100,88
36824350468160,10:13:44.350,42.0100,251
36824350496823,10:13:44.350,42.0100,1749
36859859168332,10:14:19.859,42.0100,200
36859859168332,10:14:19.859,42.0100,200
36859859168332,10:14:19.859,42.0100,200
36859859168332,10:14:19.859,42.0100,200
36859859168332,10:14:19.859,42.0100,3600
36859859168332,10:14:19.859,42.0100,30
36859859168332,10:14:19.859,42.0100,800
36859859168332,10:14:19.859,42.0100,500
36860596982461,10:14:20.596,42.0100,200
36860596982461,10:14:20.596,42.0100,50
36865090620685,10:14:25.090,42.0100,6400
36865090620685,10:14:25.090,42.0100,700
36865090620685,10:14:25.090,42.0100,6600
36865090620685,10:14:25.090,42.0100,7100
36865090620685,10:14:25.090,42.0100,3600
36865090620685,10:14:25.090,42.0100,30
36865090620685,10:14:25.090,42.0100,100
36882065787503,10:14:42.065,42.0200,30
36882103859016,10:14:42.103,42.0200,200
36882103859016,10:14:42.103,42.0200,200
36882103859016,10:14:42.103,42.0200,1600
36882103859016,10:14:42.103,42.0200,200
36882103859016,10:14:42.103,42.0200,30
36882103859016,10:14:42.103,42.0200,1770
36882104421289,10:14:42.104,42.0200,2230
36882104421289,10:14:42.104,42.0200,170
36882104887962,10:14:42.104,42.0200,100
36886033863411,10:14:46.033,42.0200,100
36911314666733,10:15:11.314,42.0100,100
36911317421217,10:15:11.317,42.0100,100
36911317421217,10:15:11.317,42.0100,101
36911317421217,10:15:11.317,42.0100,100
36911317421217,10:15:11.317,42.0100,50
36911317421217,10:15:11.317,42.0100,800
36941722474121,10:15:41.722,42.0100,49
36941722474121,10:15:41.722,42.0100,30
36949657021531,10:15:49.657,42.0200,200
36949657021531,10:15:49.657,42.0200,30
36950582266137,10:15:50.582,42.0200,50
36959390007950,10:15:59.390,42.0200,30
36966500435166,10:16:06.500,42.0200,50
36966500435166,10:16:06.500,42.0200,100
36966500435166,10:16:06.500,42.0200,100
36979380354152,10:16:19.380,42.0200,500
37006976600229,10:16:46.976,42.0100,500
37006976600229,10:16:46.976,42.0100,100
37010336513463,10:16:50.336,42.0100,200
37010336513463,10:16:50.336,42.0100,200
37010336513463,10:16:50.336,42.0100,200
37010336513463,10:16:50.336,42.0100,100
37010336513463,10:16:50.336,42.0100,30
37011129719190,10:16:51.129,42.0100,700
37011129719190,10:16:51.129,42.0100,200
37013654037984,10:16:53.654,42.0100,200
37013654037984,10:16:53.654,42.0100,50
37039166291923,10:17:19.166,42.0000,200
37039166291923,10:17:19.166,42.0000,200
37039166291923,10:17:19.166,42.0000,200
37039166291923,10:17:19.166,42.0000,200
37039166291923,10:17:19.166,42.0000,100
37039166291923,10:17:19.166,42.0000,900
37039166291923,10:17:19.166,42.0000,100
37039166291923,10:17:19.166,42.0000,100
37039166448085,10:17:19.166,42.0000,100
37039166448085,10:17:19.166,42.0000,300
37039167401578,10:17:19.167,42.0000,600
37039167401578,10:17:19.167,42.0000,3900
37039167401578,10:17:19.167,42.0000,100
37039167564146,10:17:19.167,42.0000,452
37039167573906,10:17:19.167,42.0000,248
37039167573906,10:17:19.167,42.0000,100
37039167573906,10:17:19.167,42.0000,852
37039167759313,10:17:19.167,42.0000,100
37039167759313,10:17:19.167,42.0000,400
37039168404953,10:17:19.168,42.0000,48
37039168404953,10:17:19.168,42.0000,100
37039168404953,10:17:19.168,42.0000,900
37039168404953,10:17:19.168,42.0000,100
37039168404953,10:17:19.168,42.0000,500
37039168404953,10:17:19.168,42.0000,4551
37039168434306,10:17:19.168,42.0000,2000
37039168616902,10:17:19.168,42.0000,2781
37039168616902,10:17:19.168,42.0000,519
37039297399087,10:17:19.297,42.0000,200
37039297399087,10:17:19.297,42.0000,200
37039297399087,10:17:19.297,42.0000,700
37039297399087,10:17:19.297,42.0000,5000
37039297399087,10:17:19.297,42.0000,4100
37039297399087,10:17:19.297,42.0000,400
37039297399087,10:17:19.297,42.0000,600
37039297399087,10:17:19.297,42.0000,3900
37039297399087,10:17:19.297,42.0000,200
37044637488428,10:17:24.637,42.0100,30
37044637488428,10:17:24.637,42.0100,200
37080229513967,10:18:00.229,42.0100,100
37080229513967,10:18:00.229,42.0100,100
37080229513967,10:18:00.229,42.0100,50
37088634409193,10:18:08.634,42.0000,100
37088634496761,10:18:08.634,42.0000,50
37088634496761,10:18:08.634,42.0000,100
37088634549544,10:18:08.634,42.0000,150
37127477434791,10:18:47.477,42.0000,43
37127477434791,10:18:47.477,42.0000,100
37127477434791,10:18:47.477,42.0000,30
37129936330660,10:18:49.936,42.0000,50
37142845110272,10:19:02.845,41.9900,5
37142845209120,10:19:02.845,41.9900,495
37142845209120,10:19:02.845,41.9900,450
37142845250640,10:19:02.845,41.9900,1044
37142845267922,10:19:02.845,41.9900,850
37142846091491,10:19:02.846,41.9900,656
37142846091491,10:19:02.846,41.9900,44
37142846112215,10:19:02.846,41.9900,6
37149717088115,10:19:09.717,41.9900,15
37149717088115,10:19:09.717,41.9900,43
37149717088115,10:19:09.717,41.9900,30
37177956123300,10:19:37.956,42.0000,30
37177956123300,10:19:37.956,42.0000,70
37177956152835,10:19:37.956,42.0000,30
37177956152835,10:19:37.956,42.0000,100
37218202091338,10:20:18.202,42.0000,600
37244238135820,10:20:44.238,42.0100,200
37244238135820,10:20:44.238,42.0100,200
37244238135820,10:20:44.238,42.0100,400
37245037094098,10:20:45.037,42.0100,100
37245037094098,10:20:45.037,42.0100,100
37256783989207,10:20:56.783,42.0150,200
37259056981201,10:20:59.056,42.0150,200
37259556980274,10:20:59.556,42.0150,200
37260056986523,10:21:00.056,42.0150,200
37270736758678,10:21:10.736,42.0100,200
37270736758678,10:21:10.736,42.0100,200
37273250865965,10:21:13.250,42.0100,1704
37273250955840,10:21:13.250,42.0100,898
37273250981513,10:21:13.250,42.0100,151
37273250986763,10:21:13.250,42.0100,1718
37273251121132,10:21:13.251,42.0100,1200
37273251150369,10:21:13.251,42.0100,518
37273251238810,10:21:13.251,42.0100,302
37273251543577,10:21:13.251,42.0100,1112
37273252609939,10:21:13.252,42.0100,1443
37273265619247,10:21:13.265,42.0100,754
37273265619247,10:21:13.265,42.0100,46
37273265722930,10:21:13.265,42.0100,54
37273265722930,10:21:13.265,42.0100,100
37282319560419,10:21:22.319,42.0100,30
37316275400164,10:21:56.275,42.0200,100
37322532896928,10:22:02.532,42.0200,100
37322532896928,10:22:02.532,42.0200,200
37322532896928,10:22:02.532,42.0200,30
37322532896928,10:22:02.532,42.0200,100
37322532896928,10:22:02.532,42.0200,1600
37322532896928,10:22:02.532,42.0200,200
37322532896928,10:22:02.532,42.0200,500
37331836943470,10:22:11.836,42.0300,200
37331836943470,10:22:11.836,42.0300,200
37331836943470,10:22:11.836,42.0300,600
37331836943470,10:22:11.836,42.0300,100
37331836943470,10:22:11.836,42.0300,100
37331836943470,10:22:11.836,42.0300,400
37331836943470,10:22:11.836,42.0300,30
37331836943470,10:22:11.836,42.0300,70
37331837053775,10:22:11.837,42.0300,30
37331837053775,10:22:11.837,42.0300,92
37363200835829,10:22:43.200,42.0300,500
37363200835829,10:22:43.200,42.0300,2755
37363200873665,10:22:43.200,42.0300,100
37363200873665,10:22:43.200,42.0300,30
37363200873665,10:22:43.200,42.0300,50
37373888975306,10:22:53.888,42.0200,300
37377712076711,10:22:57.712,42.0200,100
37377712076711,10:22:57.712,42.0200,30
37377712076711,10:22:57.712,42.0200,100
37468634010715,10:24:28.634,42.0100,30
37468634010715,10:24:28.634,42.0100,100
37468634010715,10:24:28.634,42.0100,100
37468634010715,10:24:28.634,42.0100,30
37468634010715,10:24:28.634,42.0100,100
37468634010715,10:24:28.634,42.0100,200
37468634010715,10:24:28.634,42.0100,200
37468634010715,10:24:28.634,42.0100,40
37468808617779,10:24:28.808,42.0100,100
37468808617779,10:24:28.808,42.0100,4000
37468808617779,10:24:28.808,42.0100,500
37468808689889,10:24:28.808,42.0100,500
37468808703678,10:24:28.808,42.0100,500
37468843987748,10:24:28.843,42.0100,100
37468843987748,10:24:28.843,42.0100,200
37468843987748,10:24:28.843,42.0100,200
37468843987748,10:24:28.843,42.0100,200
37468843987748,10:24:28.843,42.0100,200
37468843987748,10:24:28.843,42.0100,2400
37468843987748,10:24:28.843,42.0100,4300
37468843987748,10:24:28.843,42.0100,5000
37468843987748,10:24:28.843,42.0100,1000
37468843987748,10:24:28.843,42.0100,100
37468843987748,10:24:28.843,42.0100,600
37468843987748,10:24:28.843,42.0100,3900
37468843987748,10:24:28.843,42.0100,2856
37468844027837,10:24:28.844,42.0100,2144
37468844027837,10:24:28.844,42.0100,100
37468844027837,10:24:28.844,42.0100,500
37468844120312,10:24:28.844,42.0100,200
37468844189920,10:24:28.844,42.0100,227
37468844372958,10:24:28.844,42.0100,100
37468844393909,10:24:28.844,42.0100,2477
37468844402949,10:24:28.844,42.0100,1800
37468844434035,10:24:28.844,42.0100,200
37468844457207,10:24:28.844,42.0100,196
37469343993559,10:24:29.343,42.0150,200
37469345394384,10:24:29.345,42.0150,500
37469345394384,10:24:29.345,42.0150,700
37469345394384,10:24:29.345,42.0150,200
37469347980766,10:24:29.347,42.0150,200
37469386985089,10:24:29.386,42.0150,100
37469424682857,10:24:29.424,42.0150,300
37469923988255,10:24:29.923,42.0150,100
37471433992393,10:24:31.433,42.0150,100
37474120997354,10:24:34.120,42.0150,100
37514568380566,10:25:14.568,42.0200,100
37514568380566,10:25:14.568,42.0200,100
37514568380566,10:25:14.568,42.0200,200
37514568458883,10:25:14.568,42.0200,100
37557459697906,10:25:57.459,42.0300,200
37557459697906,10:25:57.459,42.0300,200
37557459697906,10:25:57.459,42.0300,200
37557459697906,10:25:57.459,42.0300,100
37557459697906,10:25:57.459,42.0300,100
37557459697906,10:25:57.459,42.0300,100
37557460062692,10:25:57.460,42.0300,22
37557460062692,10:25:57.460,42.0300,100
37570219997202,10:26:10.219,42.0350,100
37589640528317,10:26:29.640,42.0350,200
37599248448303,10:26:39.248,42.0300,81
37599250368882,10:26:39.250,42.0300,3192
37599265410677,10:26:39.265,42.0300,200
37600206933417,10:26:40.206,42.0300,100
37600206933417,10:26:40.206,42.0300,30
37600206933417,10:26:40.206,42.0300,30
37600206933417,10:26:40.206,42.0300,100
37600206933417,10:26:40.206,42.0300,100
37600206933417,10:26:40.206,42.0300,40
37600207034100,10:26:40.207,42.0300,60
37627452010124,10:27:07.452,42.0250,100
37628014002337,10:27:08.014,42.0250,100
37628617002279,10:27:08.617,42.0250,100
37631258979378,10:27:11.258,42.0200,100
37631258979378,10:27:11.258,42.0200,30
37631258979378,10:27:11.258,42.0200,100
37631258979378,10:27:11.258,42.0200,30
37631258979378,10:27:11.258,42.0200,40
37631259553492,10:27:11.259,42.0200,10
37631260284163,10:27:11.260,42.0200,100
37638434007049,10:27:18.434,42.0150,100
37694482005066,10:28:14.482,42.0200,200
37694482005066,10:28:14.482,42.0200,200
37694482005066,10:28:14.482,42.0200,84
37694482005066,10:28:14.482,42.0200,100
37694482005066,10:28:14.482,42.0200,16
37694482050852,10:28:14.482,42.0200,184
37696523007416,10:28:16.523,42.0250,100
37697138033653,10:28:17.138,42.0250,100
37697741002827,10:28:17.741,42.0250,100
37698345005270,10:28:18.345,42.0250,100
37698947999009,10:28:18.947,42.0250,100
37699552002505,10:28:19.552,42.0250,100
37700155001005,10:28:20.155,42.0250,100
37706956001602,10:28:26.956,42.0250,100
37710028893595,10:28:30.028,42.0200,50
37710028893595,10:28:30.028,42.0200,30
37710028893595,10:28:30.028,42.0200,30
37710028893595,10:28:30.028,42.0200,46
37710028893595,10:28:30.028,42.0200,100
37748235760517,10:29:08.235,42.0200,4000
37748235760517,10:29:08.235,42.0200,100
37748235760517,10:29:08.235,42.0200,500
37748235760517,10:29:08.235,42.0200,200
37748235760517,10:29:08.235,42.0200,100
37748235797076,10:29:08.235,42.0200,100
37748235797076,10:29:08.235,42.0200,30
37753773002758,10:29:13.773,42.0250,100
37756249997151,10:29:16.249,42.0250,100
37761174991784,10:29:21.174,42.0250,100
37792314616371,10:29:52.314,42.0200,200
37792314616371,10:29:52.314,42.0200,200
37792314616371,10:29:52.314,42.0200,200
37792314616371,10:29:52.314,42.0200,1963
37792864982522,10:29:52.864,42.0200,2137
37792864982522,10:29:52.864,42.0200,30
37792864982522,10:29:52.864,42.0200,100
37792864982522,10:29:52.864,42.0200,100
37800117059388,10:30:00.117,42.0200,30
37800117059388,10:30:00.117,42.0200,50
37815961094924,10:30:15.961,42.0300,200
37815961094924,10:30:15.961,42.0300,200
37815961094924,10:30:15.961,42.0300,200
37815961094924,10:30:15.961,42.0300,30
37815961094924,10:30:15.961,42.0300,400
37815961094924,10:30:15.961,42.0300,370
37815961512222,10:30:15.961,42.0300,119
37830026078033,10:30:30.026,42.0400,200
37830026078033,10:30:30.026,42.0400,300
37830423466782,10:30:30.423,42.0400,500
37838280332986,10:30:38.280,42.0400,300
37841328961369,10:30:41.328,42.0350,100
37841380957509,10:30:41.380,42.0350,100
37848499969866,10:30:48.499,42.0350,200
37848499971311,10:30:48.499,42.0350,100
37851841990158,10:30:51.841,42.0350,100
37852397959234,10:30:52.397,42.0350,100
37867093340667,10:31:07.093,42.0400,500
37872084429431,10:31:12.084,42.0350,340
37931958659780,10:32:11.958,42.0350,200
37931963534414,10:32:11.963,42.0300,200
37931963534414,10:32:11.963,42.0300,200
37931963534414,10:32:11.963,42.0300,200
37931963534414,10:32:11.963,42.0300,200
37931963534414,10:32:11.963,42.0300,1300
37931971637452,10:32:11.971,42.0300,2600
37931971637452,10:32:11.971,42.0300,30
37931971637452,10:32:11.971,42.0300,100
37931971637452,10:32:11.971,42.0300,30
37934595141200,10:32:14.595,42.0300,700
37934595697975,10:32:14.595,42.0300,100
37944963242553,10:32:24.963,42.0400,1600
37944963242553,10:32:24.963,42.0400,200
37944963242553,10:32:24.963,42.0400,200
37944963242553,10:32:24.963,42.0400,200
37944963242553,10:32:24.963,42.0400,3200
37944963242553,10:32:24.963,42.0400,1200
37944963667756,10:32:24.963,42.0400,1034
37944963671256,10:32:24.963,42.0400,166
37944963671256,10:32:24.963,42.0400,100
37944963671256,10:32:24.963,42.0400,500
37976150618537,10:32:56.150,42.0500,100
37999520214428,10:33:19.520,42.0450,200
38009913624411,10:33:29.913,42.0450,200
38009913624411,10:33:29.913,42.0450,700
38035231029465,10:33:55.231,42.0450,100
38039226039454,10:33:59.226,42.0450,100
38052090324591,10:34:12.090,42.0400,30
38052090324591,10:34:12.090,42.0400,30
38052090324591,10:34:12.090,42.0400,100
38052090324591,10:34:12.090,42.0400,100
38052090324591,10:34:12.090,42.0400,100
38052090324591,10:34:12.090,42.0400,200
38052090324591,10:34:12.090,42.0400,100
38052090324591,10:34:12.090,42.0400,100
38052288973664,10:34:12.288,42.0350,100
38052289442170,10:34:12.289,42.0350,100
38056103218643,10:34:16.103,42.0400,2100
38056103798710,10:34:16.103,42.0400,1800
38056103798710,10:34:16.103,42.0400,100
38056158338239,10:34:16.158,42.0400,103
38056159710668,10:34:16.159,42.0400,617
38056159793379,10:34:16.159,42.0400,206
38056159873655,10:34:16.159,42.0400,103
38059923996757,10:34:19.923,42.0400,3900
38059923996757,10:34:19.923,42.0400,30
38059923996757,10:34:19.923,42.0400,30
38059923996757,10:34:19.923,42.0400,50
38059923996757,10:34:19.923,42.0400,100
38087300571905,10:34:47.300,42.0350,200
38100250806749,10:35:00.250,42.0350,200
38101290909037,10:35:01.290,42.0350,200
38115152149344,10:35:15.152,42.0400,1000
38115152149344,10:35:15.152,42.0400,1452
38115153050158,10:35:15.153,42.0400,90
38115153136387,10:35:15.153,42.0400,794
38115171302948,10:35:15.171,42.0400,100
38115171302948,10:35:15.171,42.0400,100
38117169369698,10:35:17.169,42.0400,200
38117169369698,10:35:17.169,42.0400,211
38117169648825,10:35:17.169,42.0400,103
38117169749452,10:35:17.169,42.0400,103
38117170087453,10:35:17.170,42.0400,308
38117170177187,10:35:17.170,42.0400,103
38117671466395,10:35:17.671,42.0450,200
38117671466395,10:35:17.671,42.0400,211
38117671759043,10:35:17.671,42.0400,103
38117671861510,10:35:17.671,42.0400,103
38117672142148,10:35:17.672,42.0400,255
38117672142148,10:35:17.672,42.0400,53
38117672238535,10:35:17.672,42.0400,103
38118173839630,10:35:18.173,42.0450,200
38118173839630,10:35:18.173,42.0400,44
38118173839630,10:35:18.173,42.0400,167
38118174111435,10:35:18.174,42.0400,33
38118174111435,10:35:18.174,42.0400,70
38118174222668,10:35:18.174,42.0400,308
38118174266624,10:35:18.174,42.0400,206
38118676282417,10:35:18.676,42.0450,103
38118676355908,10:35:18.676,42.0450,97
38118676355908,10:35:18.676,42.0400,6
38118677296117,10:35:18.677,42.0400,823
38119179236725,10:35:19.179,42.0450,200
38119179236725,10:35:19.179,42.0400,828
38119681203245,10:35:19.681,42.0450,200
38119681203245,10:35:19.681,42.0400,623
38119681277586,10:35:19.681,42.0400,103
38119683501660,10:35:19.683,42.0400,103
38120185463961,10:35:20.185,42.0400,97
38120185463961,10:35:20.185,42.0400,200
38120185463961,10:35:20.185,42.0400,500
38120185463961,10:35:20.185,42.0400,26
38120185524752,10:35:20.185,42.0400,206
38120687975310,10:35:20.687,42.0400,468
38120687975310,10:35:20.687,42.0400,149
38120688049556,10:35:20.688,42.0400,411
38120810830624,10:35:20.810,42.0400,3640
38120810830624,10:35:20.810,42.0400,30
38120810830624,10:35:20.810,42.0400,30
38120810830624,10:35:20.810,42.0400,200
38139591355002,10:35:39.591,42.0400,2200
38139927527906,10:35:39.927,42.0400,45
38139927527906,10:35:39.927,42.0400,55
38140395268532,10:35:40.395,42.0400,100
38141550168553,10:35:41.550,42.0400,100
38141553715395,10:35:41.553,42.0400,411
38141553835839,10:35:41.553,42.0400,103
38141553956770,10:35:41.553,42.0400,111
38141553998321,10:35:41.553,42.0400,103
38141554106858,10:35:41.554,42.0400,300
38142056091039,10:35:42.056,42.0450,200
38142056091039,10:35:42.056,42.0400,6
38142056164408,10:35:42.056,42.0400,366
38142056164408,10:35:42.056,42.0400,457
38142215065132,10:35:42.215,42.0450,100
38142558153556,10:35:42.558,42.0450,200
38142558153556,10:35:42.558,42.0400,6
38142558232585,10:35:42.558,42.0400,206
38142558879363,10:35:42.558,42.0400,514
38142558917871,10:35:42.558,42.0400,103
38142821067572,10:35:42.821,42.0450,100
38151507075485,10:35:51.507,42.0450,100
38156981880150,10:35:56.981,42.0500,700
38177676193216,10:36:17.676,42.0450,200
38177676193216,10:36:17.676,42.0400,2892
38178175867192,10:36:18.175,42.0450,200
38178175867192,10:36:18.175,42.0400,1000
38178175867192,10:36:18.175,42.0400,500
38178175867192,10:36:18.175,42.0400,200
38178175867192,10:36:18.175,42.0400,800
38178175867192,10:36:18.175,42.0400,631
38180345555293,10:36:20.345,42.0400,1800
38181205237470,10:36:21.205,42.0400,1000
38181205707562,10:36:21.205,42.0400,100
38181206831225,10:36:21.206,42.0400,769
38181206831225,10:36:21.206,42.0400,30
38181206831225,10:36:21.206,42.0400,30
38181206831225,10:36:21.206,42.0400,100
38181206831225,10:36:21.206,42.0400,100
38181206831225,10:36:21.206,42.0400,100
38181206831225,10:36:21.206,42.0400,50
38196960592991,10:36:36.960,42.0400,100
38208098222785,10:36:48.098,42.0450,200
38208098222785,10:36:48.098,42.0450,55
38208116432306,10:36:48.116,42.0500,2500
38208116432306,10:36:48.116,42.0500,10
38208116432306,10:36:48.116,42.0500,200
38208116432306,10:36:48.116,42.0500,3000
38208116432306,10:36:48.116,42.0500,100
38208116432306,10:36:48.116,42.0500,175
38208117418730,10:36:48.117,42.0500,36
38208117457943,10:36:48.117,42.0500,200
38208117532418,10:36:48.117,42.0500,264
38208117532418,10:36:48.117,42.0500,2736
38208117591105,10:36:48.117,42.0500,1564
38208117591105,10:36:48.117,42.0500,100
38208905040836,10:36:48.905,42.0550,100
38209507037589,10:36:49.507,42.0550,100
38210113038799,10:36:50.113,42.0550,100
38210719050167,10:36:50.719,42.0550,100
38211325038403,10:36:51.325,42.0550,100
38211932040398,10:36:51.932,42.0550,100
38215940042977,10:36:55.940,42.0550,100
38216476035309,10:36:56.476,42.0550,100
38217083037684,10:36:57.083,42.0550,100
38217688037880,10:36:57.688,42.0550,100
38218294036098,10:36:58.294,42.0550,100
38218900036168,10:36:58.900,42.0550,100
38219506034536,10:36:59.506,42.0550,100
38220112039111,10:37:00.112,42.0550,100
38220718032393,10:37:00.718,42.0550,100
38221324034928,10:37:01.324,42.0550,100
38235305147948,10:37:15.305,42.0500,1028
38235305533326,10:37:15.305,42.0500,1028
38238140687990,10:37:18.140,42.0500,2244
38238140687990,10:37:18.140,42.0500,30
38238140687990,10:37:18.140,42.0500,30
38238140687990,10:37:18.140,42.0500,100
38238140687990,10:37:18.140,42.0500,100
38238140687990,10:37:18.140,42.0500,50
38240086099565,10:37:20.086,42.0450,100
38256038864540,10:37:36.038,42.0400,30
38256038864540,10:37:36.038,42.0400,30
38256038864540,10:37:36.038,42.0400,100
38256038864540,10:37:36.038,42.0400,100
38256038864540,10:37:36.038,42.0400,50
38263659241059,10:37:43.659,42.0350,200
38266054931149,10:37:46.054,42.0300,100
38266056400007,10:37:46.056,42.0300,2801
38266106079812,10:37:46.106,42.0300,999
38266106079812,10:37:46.106,42.0300,30
38266106079812,10:37:46.106,42.0300,30
38266106079812,10:37:46.106,42.0300,100
38266106079812,10:37:46.106,42.0300,100
38266106079812,10:37:46.106,42.0300,50
38268814193369,10:37:48.814,42.0300,78
38268831647912,10:37:48.831,42.0300,200
38269134810103,10:37:49.134,42.0300,99
38273833031140,10:37:53.833,42.0250,100
38294956692052,10:38:14.956,42.0300,1190
38294956721458,10:38:14.956,42.0300,1
38294956828966,10:38:14.956,42.0300,290
38294956828966,10:38:14.956,42.0300,65
38294956856098,10:38:14.956,42.0300,199
38294957177961,10:38:14.957,42.0300,2
38294957194657,10:38:14.957,42.0300,434
38294957194657,10:38:14.957,42.0300,100
38295968023362,10:38:15.968,42.0350,100
38314129016281,10:38:34.129,42.0450,100
38314674018416,10:38:34.674,42.0450,100
38317286022941,10:38:37.286,42.0450,100
38317884018793,10:38:37.884,42.0450,100
38318184264432,10:38:38.184,42.0500,100
38324470023084,10:38:44.470,42.0450,100
38325082021756,10:38:45.082,42.0450,100
38328977373586,10:38:48.977,42.0500,100
38328977373586,10:38:48.977,42.0500,200
38328977373586,10:38:48.977,42.0500,100
38328977373586,10:38:48.977,42.0500,100
38330584017573,10:38:50.584,42.0550,100
38341336220156,10:39:01.336,42.0600,500
38363798910821,10:39:23.798,42.0550,200
38363798910821,10:39:23.798,42.0550,100
38363798910821,10:39:23.798,42.0550,8
38366021309656,10:39:26.021,42.0500,200
38366021309656,10:39:26.021,42.0500,30
38366021309656,10:39:26.021,42.0500,30
38366021309656,10:39:26.021,42.0500,200
38366021309656,10:39:26.021,42.0500,200
38366021309656,10:39:26.021,42.0500,60
38366021475309,10:39:26.021,42.0500,100
38366021475309,10:39:26.021,42.0500,3
38366021587737,10:39:26.021,42.0500,47
38367975201692,10:39:27.975,42.0500,100
38367975201692,10:39:27.975,42.0500,100
38367978940509,10:39:27.978,42.0500,1028
38372066225599,10:39:32.066,42.0550,72
38375165760062,10:39:35.165,42.0500,720
38375165837151,10:39:35.165,42.0500,308
38375166129675,10:39:35.166,42.0500,1604
38375166311762,10:39:35.166,42.0500,30
38375166311762,10:39:35.166,42.0500,30
38375166311762,10:39:35.166,42.0500,50
38375166311762,10:39:35.166,42.0500,100
38381099910913,10:39:41.099,42.0500,1000
38381099910913,10:39:41.099,42.0500,100
38381099910913,10:39:41.099,42.0500,100
38381099910913,10:39:41.099,42.0500,100
38400580750495,10:40:00.580,42.0600,600
38401949181696,10:40:01.949,42.0600,100
38403749135367,10:40:03.749,42.0600,100
38403803254024,10:40:03.803,42.0600,100
38404995851424,10:40:04.995,42.0600,100
38420386127429,10:40:20.386,42.0600,100
38432463720152,10:40:32.463,42.0600,100
38432463720152,10:40:32.463,42.0600,100
38432463720152,10:40:32.463,42.0600,100
38432463720152,10:40:32.463,42.0600,1
38432464039308,10:40:32.464,42.0600,299
38432464039308,10:40:32.464,42.0600,500
38432712530704,10:40:32.712,42.0650,200
38435476499369,10:40:35.476,42.0600,1
38435477381236,10:40:35.477,42.0600,4099
38435477381236,10:40:35.477,42.0600,30
38435477381236,10:40:35.477,42.0600,30
38435477381236,10:40:35.477,42.0600,100
38455354267236,10:40:55.354,42.0550,800
38455354267236,10:40:55.354,42.0550,799
38455354267236,10:40:55.354,42.0550,200
38455354267236,10:40:55.354,42.0500,200
38455354267236,10:40:55.354,42.0500,700
38455354267236,10:40:55.354,42.0500,100
38455354267236,10:40:55.354,42.0500,1200
38455354267236,10:40:55.354,42.0500,100
38455354267236,10:40:55.354,42.0500,30
38455354267236,10:40:55.354,42.0500,30
38455354267236,10:40:55.354,42.0500,200
38455354267236,10:40:55.354,42.0500,100
38455354267236,10:40:55.354,42.0500,200
38455354267236,10:40:55.354,42.0500,4000
38455354267236,10:40:55.354,42.0500,441
38455388773600,10:40:55.388,42.0500,50
38455388773600,10:40:55.388,42.0500,100
38455388773600,10:40:55.388,42.0500,200
38455388773600,10:40:55.388,42.0500,200
38455388773600,10:40:55.388,42.0500,1388
38456339917153,10:40:56.339,42.0450,200
38456339917153,10:40:56.339,42.0400,200
38456339917153,10:40:56.339,42.0400,200
38456339917153,10:40:56.339,42.0400,200
38456339917153,10:40:56.339,42.0400,200
38456339917153,10:40:56.339,42.0400,3000
38456339917153,10:40:56.339,42.0400,600
38456339917153,10:40:56.339,42.0400,700
38456339917153,10:40:56.339,42.0400,4100
38456339917153,10:40:56.339,42.0400,4000
38456339917153,10:40:56.339,42.0400,700
38456339917153,10:40:56.339,42.0400,210
38456835274373,10:40:56.835,42.0400,30
38456835274373,10:40:56.835,42.0400,30
38456835274373,10:40:56.835,42.0400,2500
38456835274373,10:40:56.835,42.0400,200
38456835274373,10:40:56.835,42.0400,300
38456835274373,10:40:56.835,42.0400,40
38458199125493,10:40:58.199,42.0400,3200
38458199148073,10:40:58.199,42.0400,1000
38458199148073,10:40:58.199,42.0400,100
38465798780048,10:41:05.798,42.0400,200
38465798780048,10:41:05.798,42.0400,30
38465798780048,10:41:05.798,42.0400,30
38482158572130,10:41:22.158,42.0350,1
38527441002665,10:42:07.441,42.0350,100
38539535581359,10:42:19.535,42.0300,30
38539535581359,10:42:19.535,42.0300,30
38539535581359,10:42:19.535,42.0300,40
38539535678566,10:42:19.535,42.0300,15
38539536259771,10:42:19.536,42.0300,45
38539536259771,10:42:19.536,42.0300,50
38545698887823,10:42:25.698,42.0200,200
38545698887823,10:42:25.698,42.0200,108
38545698948346,10:42:25.698,42.0200,50
38545698948346,10:42:25.698,42.0200,30
38545698948346,10:42:25.698,42.0200,30
38546398879111,10:42:26.398,42.0200,200
38546398879111,10:42:26.398,42.0200,200
38546399434844,10:42:26.399,42.0200,100
38551311528062,10:42:31.311,42.0300,100
38559395216299,10:42:39.395,42.0250,12
38568180353470,10:42:48.180,42.0200,2654
38568180415197,10:42:48.180,42.0200,200
38568180415197,10:42:48.180,42.0200,30
38568180415197,10:42:48.180,42.0200,50
38573552211902,10:42:53.552,42.0200,200
38573552211902,10:42:53.552,42.0200,1000
38573552211902,10:42:53.552,42.0200,30
38579485675959,10:42:59.485,42.0200,30
38579485675959,10:42:59.485,42.0200,30
38586327649844,10:43:06.327,42.0200,900
38587336495163,10:43:07.336,42.0200,100
38651920026950,10:44:11.920,42.0400,100
38651920026950,10:44:11.920,42.0400,100
38651920026950,10:44:11.920,42.0400,100
38657472131388,10:44:17.472,42.0500,400
38657480605173,10:44:17.480,42.0500,34
38657481519510,10:44:17.481,42.0500,46
38657484054740,10:44:17.484,42.0500,20
38657484054740,10:44:17.484,42.0500,100
38657484054740,10:44:17.484,42.0500,200
38657484054740,10:44:17.484,42.0500,30
38657484054740,10:44:17.484,42.0500,50
38657488005584,10:44:17.488,42.0500,800
38695811482103,10:44:55.811,42.0600,500
38696039757316,10:44:56.039,42.0600,100
38696750664179,10:44:56.750,42.0600,400
38696751103115,10:44:56.751,42.0600,479
38696751723079,10:44:56.751,42.0600,872
38696751818488,10:44:56.751,42.0600,1749
38696751818488,10:44:56.751,42.0600,100
38696751818488,10:44:56.751,42.0600,30
38696751818488,10:44:56.751,42.0600,50
38713478300021,10:45:13.478,42.0600,200
38713478300021,10:45:13.478,42.0600,178
38713478300021,10:45:13.478,42.0600,30
38713478300021,10:45:13.478,42.0600,30
38713478300021,10:45:13.478,42.0600,100
38713478300021,10:45:13.478,42.0600,100
38713478300021,10:45:13.478,42.0600,100
38713478567057,10:45:13.478,42.0600,178
38713478590539,10:45:13.478,42.0600,738
38713478711536,10:45:13.478,42.0600,738
38713479242387,10:45:13.479,42.0600,500
38713479263555,10:45:13.479,42.0600,24
38713479263555,10:45:13.479,42.0600,178
38718708222614,10:45:18.708,42.0600,200
38718708222614,10:45:18.708,42.0600,300
38723006392138,10:45:23.006,42.0600,500
38738156643757,10:45:38.156,42.0550,146
38745020751511,10:45:45.020,42.0600,260
38788880765626,10:46:28.880,42.0600,200
38788880765626,10:46:28.880,42.0600,100
38812989042255,10:46:52.989,42.0550,100
38822310575238,10:47:02.310,42.0500,30
38822310575238,10:47:02.310,42.0500,30
38822310575238,10:47:02.310,42.0500,100
38822310575238,10:47:02.310,42.0500,100
38822310575238,10:47:02.310,42.0500,100
38822310575238,10:47:02.310,42.0500,50
38828002614515,10:47:08.002,42.0400,200
38828002614515,10:47:08.002,42.0400,200
38828002614515,10:47:08.002,42.0400,2700
38828003119327,10:47:08.003,42.0400,100
38828004303838,10:47:08.004,42.0400,800
38828004303838,10:47:08.004,42.0400,100
38828004303838,10:47:08.004,42.0400,50
38828004303838,10:47:08.004,42.0400,30
38828004303838,10:47:08.004,42.0400,30
38838810456121,10:47:18.810,42.0400,80
38843702336091,10:47:23.702,42.0400,100
38843702336091,10:47:23.702,42.0400,100
38844755044589,10:47:24.755,42.0450,100
38845734046736,10:47:25.734,42.0450,100
38846295052435,10:47:26.295,42.0450,100
38847106042733,10:47:27.106,42.0450,100
38852000718934,10:47:32.000,42.0400,100
38852000718934,10:47:32.000,42.0400,30
38852000718934,10:47:32.000,42.0400,30
38885112984702,10:48:05.112,42.0300,200
38885112984702,10:48:05.112,42.0300,2400
38885112984702,10:48:05.112,42.0300,30
38885112984702,10:48:05.112,42.0300,30
38885112984702,10:48:05.112,42.0300,100
38885112984702,10:48:05.112,42.0300,100
38885112984702,10:48:05.112,42.0300,40
38885113477282,10:48:05.113,42.0300,10
38890573894377,10:48:10.573,42.0300,100
38891303566238,10:48:11.303,42.0300,100
38904261281807,10:48:24.261,42.0300,300
38904261281807,10:48:24.261,42.0300,500
38904281540884,10:48:24.281,42.0300,100
38905138811958,10:48:25.138,42.0300,100
38905138811958,10:48:25.138,42.0300,92
38906243034104,10:48:26.243,42.0350,100
38906656703373,10:48:26.656,42.0350,200
38906656703373,10:48:26.656,42.0300,6
38906656784362,10:48:26.656,42.0300,103
38906657091930,10:48:26.657,42.0300,206
38906657124018,10:48:26.657,42.0300,103
38906657184517,10:48:26.657,42.0300,206
38906657388566,10:48:26.657,42.0300,206
39000237451246,10:50:00.237,42.0300,100
39000237451246,10:50:00.237,42.0300,30
39000237451246,10:50:00.237,42.0300,30
39000237451246,10:50:00.237,42.0300,100
39000237451246,10:50:00.237,42.0300,100
39000237451246,10:50:00.237,42.0300,100
39000237451246,10:50:00.237,42.0300,50
39017539577693,10:50:17.539,42.0300,573
39017539577693,10:50:17.539,42.0300,100
39017539577693,10:50:17.539,42.0300,100
39029857759045,10:50:29.857,42.0300,30
39029857759045,10:50:29.857,42.0300,30
39029857759045,10:50:29.857,42.0300,100
39084308101220,10:51:24.308,42.0300,200
39084308101220,10:51:24.308,42.0300,200
39084308101220,10:51:24.308,42.0300,200
39084308101220,10:51:24.308,42.0300,200
39084308101220,10:51:24.308,42.0300,500
39084308101220,10:51:24.308,42.0300,4700
39084308101220,10:51:24.308,42.0300,100
39084308101220,10:51:24.308,42.0300,800
39084308101220,10:51:24.308,42.0300,300
39084308101220,10:51:24.308,42.0300,1000
39084308101220,10:51:24.308,42.0300,600
39084308101220,10:51:24.308,42.0300,300
39084308101220,10:51:24.308,42.0300,3700
39085832019152,10:51:25.832,42.0350,100
39086355014009,10:51:26.355,42.0350,100
39086882013750,10:51:26.882,42.0350,100
39087466043997,10:51:27.466,42.0350,100
39088073045708,10:51:28.073,42.0350,100
39088679011539,10:51:28.679,42.0350,100
39100902220278,10:51:40.902,42.0400,200
39100902220278,10:51:40.902,42.0400,200
39100902220278,10:51:40.902,42.0400,400
39121177635863,10:52:01.177,42.0350,200
39121177635863,10:52:01.177,42.0300,417
39121177701171,10:52:01.177,42.0300,136
39121177723582,10:52:01.177,42.0300,140
39121177746766,10:52:01.177,42.0300,103
39121177770334,10:52:01.177,42.0300,33
39121177976902,10:52:01.177,42.0300,206
39121178003304,10:52:01.178,42.0300,103
39121178048351,10:52:01.178,42.0300,103
39121178074769,10:52:01.178,42.0300,411
39121178096856,10:52:01.178,42.0300,206
39121232388099,10:52:01.232,42.0300,103
39121245723798,10:52:01.245,42.0300,397
39121245723798,10:52:01.245,42.0300,669
39121245784396,10:52:01.245,42.0300,100
39121246199862,10:52:01.246,42.0300,1730
39121246236785,10:52:01.246,42.0300,100
39121246615485,10:52:01.246,42.0300,1311
39121248439392,10:52:01.248,42.0300,790
39121248439392,10:52:01.248,42.0300,800
39121248439392,10:52:01.248,42.0300,30
39121248439392,10:52:01.248,42.0300,100
39121248439392,10:52:01.248,42.0300,30
39121248439392,10:52:01.248,42.0300,100
39121248439392,10:52:01.248,42.0300,100
39121248439392,10:52:01.248,42.0300,100
39121248439392,10:52:01.248,42.0300,300
39121248439392,10:52:01.248,42.0300,300
39133676619260,10:52:13.676,42.0300,100
39133676619260,10:52:13.676,42.0300,100
39133676619260,10:52:13.676,42.0300,200
39171301552490,10:52:51.301,42.0200,200
39171301552490,10:52:51.301,42.0200,200
39178753675391,10:52:58.753,42.0200,2294
39178753702376,10:52:58.753,42.0200,1006
39178753702376,10:52:58.753,42.0200,30
39178753702376,10:52:58.753,42.0200,30
39180650930776,10:53:00.650,42.0100,30
39180650930776,10:53:00.650,42.0100,30
39180652575293,10:53:00.652,42.0100,1900
39180652575293,10:53:00.652,42.0100,1000
39188102993029,10:53:08.102,42.0050,100
39188114245114,10:53:08.114,42.0050,200
39188114245114,10:53:08.114,42.0000,500
39188114245114,10:53:08.114,42.0000,200
39188114245114,10:53:08.114,42.0000,200
39188114245114,10:53:08.114,42.0000,200
39188114245114,10:53:08.114,42.0000,400
39188114245114,10:53:08.114,42.0000,30
39188114245114,10:53:08.114,42.0000,30
39188114245114,10:53:08.114,42.0000,100
39188114245114,10:53:08.114,42.0000,800
39188114245114,10:53:08.114,42.0000,540
39188115312047,10:53:08.115,42.0000,200
39188115312047,10:53:08.115,42.0000,332
39188115773927,10:53:08.115,42.0000,4600
39189115010251,10:53:09.115,41.9950,200
39191754000785,10:53:11.754,41.9950,100
39192439992975,10:53:12.439,41.9950,100
39200190272618,10:53:20.190,42.0000,100
39204138582062,10:53:24.138,42.0000,1500
39204138582062,10:53:24.138,42.0000,200
39204138582062,10:53:24.138,42.0000,200
39204138582062,10:53:24.138,42.0000,30
39204138582062,10:53:24.138,42.0000,30
39204138582062,10:53:24.138,42.0000,200
39208109492104,10:53:28.109,42.0000,600
39208109520326,10:53:28.109,42.0000,448
39208110099506,10:53:28.110,42.0000,3552
39208110099506,10:53:28.110,42.0000,100
39208262996258,10:53:28.262,42.0050,300
39210567570730,10:53:30.567,42.0000,200
39210567570730,10:53:30.567,42.0000,30
39210567570730,10:53:30.567,42.0000,30
39210567570730,10:53:30.567,42.0000,40
39210567856836,10:53:30.567,42.0000,100
39210567882623,10:53:30.567,42.0000,60
39226822067587,10:53:46.822,42.0000,200
39226822067587,10:53:46.822,42.0000,100
39229607994072,10:53:49.607,41.9950,100
39257889844338,10:54:17.889,42.0000,100
39257889844338,10:54:17.889,42.0000,200
39262076989197,10:54:22.076,42.0050,100
39263418003876,10:54:23.418,42.0050,100
39288927592555,10:54:48.927,42.0100,400
39308584409873,10:55:08.584,42.0100,300
39308584409873,10:55:08.584,42.0100,100
39308584409873,10:55:08.584,42.0100,400
39319980748887,10:55:19.980,42.0200,200
39319980748887,10:55:19.980,42.0200,100
39322709100871,10:55:22.709,42.0200,300
39322709100871,10:55:22.709,42.0200,100
39332705125721,10:55:32.705,42.0200,100
39346458991209,10:55:46.458,42.0250,100
39349208999048,10:55:49.208,42.0250,100
39349789993346,10:55:49.789,42.0250,100
39353104002514,10:55:53.104,42.0250,100
39383795738262,10:56:23.795,42.0200,30
39383795738262,10:56:23.795,42.0200,30
39383795738262,10:56:23.795,42.0200,100
39383795738262,10:56:23.795,42.0200,100
39383795738262,10:56:23.795,42.0200,100
39383795738262,10:56:23.795,42.0200,100
39383795738262,10:56:23.795,42.0200,100
39383795738262,10:56:23.795,42.0200,200
39385852912974,10:56:25.852,42.0200,100
39385853698151,10:56:25.853,42.0200,800
39391332307331,10:56:31.332,42.0200,30
39391332307331,10:56:31.332,42.0200,30
39410025956859,10:56:50.025,42.0200,86
39422655914983,10:57:02.655,42.0200,339
39422655940806,10:57:02.655,42.0200,1075
39422655940806,10:57:02.655,42.0200,100
39430668986086,10:57:10.668,42.0200,100
39430668986086,10:57:10.668,42.0200,30
39430668986086,10:57:10.668,42.0200,30
39442760748032,10:57:22.760,42.0100,200
39442760748032,10:57:22.760,42.0100,200
39442760748032,10:57:22.760,42.0100,30
39442760748032,10:57:22.760,42.0100,100
39443338895540,10:57:23.338,42.0100,100
39466619044881,10:57:46.619,42.0100,200
39466619044881,10:57:46.619,42.0100,200
39466619044881,10:57:46.619,42.0100,100
39466619044881,10:57:46.619,42.0100,200
39487374405088,10:58:07.374,42.0100,100
39495029015097,10:58:15.029,42.0150,100
39512584317761,10:58:32.584,42.0100,200
39512584317761,10:58:32.584,42.0100,200
39512584317761,10:58:32.584,42.0100,200
39512584317761,10:58:32.584,42.0100,30
39512584317761,10:58:32.584,42.0100,1
39534056014224,10:58:54.056,42.0100,100
39535438981860,10:58:55.438,42.0100,100
39535438981860,10:58:55.438,42.0100,100
39535440189033,10:58:55.440,42.0100,600
39551557024478,10:59:11.557,42.0050,100
39561117373316,10:59:21.117,42.0100,100
39561117373316,10:59:21.117,42.0100,100
39561117373316,10:59:21.117,42.0100,78
39572407639378,10:59:32.407,42.0100,200
39572407639378,10:59:32.407,42.0100,30
39572407639378,10:59:32.407,42.0100,100
39572407639378,10:59:32.407,42.0100,70
39572407828782,10:59:32.407,42.0100,30
39575887850626,10:59:35.887,42.0100,200
39576068433509,10:59:36.068,42.0100,100
39576068433509,10:59:36.068,42.0100,100
39587883087178,10:59:47.883,42.0200,100
39600500750633,11:00:00.500,42.0200,100
39600987144189,11:00:00.987,42.0200,100
39600987144189,11:00:00.987,42.0200,100
39630091372293,11:00:30.091,42.0200,30
39633081457310,11:00:33.081,42.0100,30
39633081457310,11:00:33.081,42.0100,100
39659975172993,11:00:59.975,42.0100,100
39662911441950,11:01:02.911,42.0200,200
39662911441950,11:01:02.911,42.0200,200
39662911441950,11:01:02.911,42.0200,3200
39662912351832,11:01:02.912,42.0200,1013
39662912681475,11:01:02.912,42.0200,1013
39662940839346,11:01:02.940,42.0200,100
39662942434116,11:01:02.942,42.0200,100
39662943927601,11:01:02.943,42.0200,1132
39663045248878,11:01:03.045,42.0300,200
39663045248878,11:01:03.045,42.0300,200
39663045248878,11:01:03.045,42.0300,700
39663045248878,11:01:03.045,42.0300,100
39663045248878,11:01:03.045,42.0300,100
39663045248878,11:01:03.045,42.0300,50
39663045248878,11:01:03.045,42.0300,200
39663045248878,11:01:03.045,42.0300,450
39663045897547,11:01:03.045,42.0300,100
39663046100199,11:01:03.046,42.0300,550
39663046210366,11:01:03.046,42.0300,100
39663046468332,11:01:03.046,42.0300,100
39663053022169,11:01:03.053,42.0300,4600
39663053022169,11:01:03.053,42.0300,100
39663154421865,11:01:03.154,42.0300,6780
39663154490878,11:01:03.154,42.0300,1600
39663154490878,11:01:03.154,42.0300,200
39663154490878,11:01:03.154,42.0300,4700
39663154490878,11:01:03.154,42.0300,280
39663154497690,11:01:03.154,42.0300,320
39663154497690,11:01:03.154,42.0300,1600
39663461110972,11:01:03.461,42.0300,200
39663463791697,11:01:03.463,42.0300,200
39663463791697,11:01:03.463,42.0300,100
39666846932398,11:01:06.846,42.0350,800
39666846932398,11:01:06.846,42.0350,200
39666846932398,11:01:06.846,42.0300,200
39666846932398,11:01:06.846,42.0300,500
39666846932398,11:01:06.846,42.0300,100
39666846932398,11:01:06.846,42.0300,2800
39666847755290,11:01:06.847,42.0300,1800
39666847755290,11:01:06.847,42.0300,99
39666847755290,11:01:06.847,42.0300,5
39666847755290,11:01:06.847,42.0300,5
39666847755290,11:01:06.847,42.0300,30
39666847755290,11:01:06.847,42.0300,30
39666857825060,11:01:06.857,42.0300,192
39666857840576,11:01:06.857,42.0300,308
39668544234208,11:01:08.544,42.0300,100
39671053863267,11:01:11.053,42.0350,200
39671053863267,11:01:11.053,42.0300,600
39671053863267,11:01:11.053,42.0300,200
39671053863267,11:01:11.053,42.0300,600
39671053863267,11:01:11.053,42.0300,200
39671053863267,11:01:11.053,42.0300,30
39671053863267,11:01:11.053,42.0300,30
39671053863267,11:01:11.053,42.0300,50
39671053863267,11:01:11.053,42.0300,1800
39671053863267,11:01:11.053,42.0300,890
39671054603257,11:01:11.054,42.0300,5
39671054603257,11:01:11.054,42.0300,26
39671054672722,11:01:11.054,42.0300,974
39684252772769,11:01:24.252,42.0300,100
39684252772769,11:01:24.252,42.0300,100
39684903039073,11:01:24.903,42.0350,100
39723406427372,11:02:03.406,42.0400,700
39723406427372,11:02:03.406,42.0400,200
39723406427372,11:02:03.406,42.0400,100
39723406427372,11:02:03.406,42.0400,100
39723406702861,11:02:03.406,42.0400,1100
39723406858945,11:02:03.406,42.0400,100
39723407143728,11:02:03.407,42.0400,100
39723407180872,11:02:03.407,42.0400,100
39723407289753,11:02:03.407,42.0400,100
39723407338877,11:02:03.407,42.0400,2309
39723407389966,11:02:03.407,42.0400,2791
39723407389966,11:02:03.407,42.0400,1009
39723407425983,11:02:03.407,42.0400,464
39723408043518,11:02:03.408,42.0400,384
39724399968440,11:02:04.399,42.0450,300
39754500960024,11:02:34.500,42.0400,200
39754500960024,11:02:34.500,42.0400,100
39759537040813,11:02:39.537,42.0450,100
39763310051098,11:02:43.310,42.0450,100
39763311049399,11:02:43.311,42.0450,200
39765760046804,11:02:45.760,42.0450,200
39766268038375,11:02:46.268,42.0450,200
39766768041489,11:02:46.768,42.0450,100
39776136043580,11:02:56.136,42.0450,200
39792289846918,11:03:12.289,42.0400,200
39792289846918,11:03:12.289,42.0400,30
39792289846918,11:03:12.289,42.0400,30
39792289846918,11:03:12.289,42.0400,600
39792289846918,11:03:12.289,42.0400,100
39792289846918,11:03:12.289,42.0400,100
39792289846918,11:03:12.289,42.0400,100
39792290149077,11:03:12.290,42.0400,56
39792299935621,11:03:12.299,42.0400,100
39801112001700,11:03:21.112,42.0300,200
39801112001700,11:03:21.112,42.0300,200
39801112001700,11:03:21.112,42.0300,200
39801112001700,11:03:21.112,42.0300,200
39801112001700,11:03:21.112,42.0300,30
39801112001700,11:03:21.112,42.0300,30
39801112001700,11:03:21.112,42.0300,100
39815592974595,11:03:35.592,42.0300,100
39815592974595,11:03:35.592,42.0300,600
39815592974595,11:03:35.592,42.0300,200
39815592974595,11:03:35.592,42.0300,1827
39815593946337,11:03:35.593,42.0300,1500
39815593946337,11:03:35.593,42.0300,100
39819076425606,11:03:39.076,42.0300,30
39819076425606,11:03:39.076,42.0300,30
39819078290835,11:03:39.078,42.0300,2000
39842663592696,11:04:02.663,42.0300,100
39842663592696,11:04:02.663,42.0300,200
39842663592696,11:04:02.663,42.0300,200
39859116610842,11:04:19.116,42.0300,30
39859116610842,11:04:19.116,42.0300,30
39878822752927,11:04:38.822,42.0300,200
39878822752927,11:04:38.822,42.0300,100
39880855942446,11:04:40.855,42.0300,30
39880855942446,11:04:40.855,42.0300,30
39880855942446,11:04:40.855,42.0300,100
39880856612180,11:04:40.856,42.0300,1209
39880856879245,11:04:40.856,42.0300,141
39880856919148,11:04:40.856,42.0300,550
39885839185225,11:04:45.839,42.0300,200
39906500723557,11:05:06.500,42.0300,200
39927299758652,11:05:27.299,42.0300,200
39927299758652,11:05:27.299,42.0300,6
39927346023155,11:05:27.346,42.0300,103
39927347388884,11:05:27.347,42.0300,206
39927347447859,11:05:27.347,42.0300,76
39927347504525,11:05:27.347,42.0300,644
39927848872629,11:05:27.848,42.0300,411
39927848954162,11:05:27.848,42.0300,103
39927849529276,11:05:27.849,42.0300,181
39927849573491,11:05:27.849,42.0300,103
39927849660316,11:05:27.849,42.0300,103
39927849738423,11:05:27.849,42.0300,25
39927849869645,11:05:27.849,42.0300,41
39927849911754,11:05:27.849,42.0300,62
39927915855984,11:05:27.915,42.0300,78
39927915981827,11:05:27.915,42.0300,82
39927916011723,11:05:27.916,42.0300,206
39927933075675,11:05:27.933,42.0300,100
39928351170338,11:05:28.351,42.0300,411
39928351887902,11:05:28.351,42.0300,78
39928351935422,11:05:28.351,42.0300,103
39928351972355,11:05:28.351,42.0300,260
39928352046359,11:05:28.352,42.0300,103
39928352130759,11:05:28.352,42.0300,73
39928772204750,11:05:28.772,42.0300,206
39928800132638,11:05:28.800,42.0300,103
39928800272148,11:05:28.800,42.0300,103
39928853387991,11:05:28.853,42.0300,288
39928853481428,11:05:28.853,42.0300,411
39928853522211,11:05:28.853,42.0300,20
39928853669028,11:05:28.853,42.0300,11
39928853669028,11:05:28.853,42.0300,92
39928853739479,11:05:28.853,42.0300,8
39928853739479,11:05:28.853,42.0300,198
39929354937670,11:05:29.354,42.0300,100
39929355720537,11:05:29.355,42.0300,100
39929355784028,11:05:29.355,42.0300,98
39929857721924,11:05:29.857,42.0300,260
39929857786793,11:05:29.857,42.0300,103
39929857827545,11:05:29.857,42.0300,103
39929857874743,11:05:29.857,42.0300,103
39929857935882,11:05:29.857,42.0300,254
39929858078781,11:05:29.858,42.0300,206
39953157994402,11:05:53.157,42.0250,100
39964799680567,11:06:04.799,42.0200,200
39964799680567,11:06:04.799,42.0200,300
39964799680567,11:06:04.799,42.0200,14
39964799865135,11:06:04.799,42.0200,411
39967105172508,11:06:07.105,42.0200,103
39967443401422,11:06:07.443,42.0200,165
39967443563813,11:06:07.443,42.0200,7
39967443563813,11:06:07.443,42.0200,96
39967443594433,11:06:07.443,42.0200,103
39967443621256,11:06:07.443,42.0200,1
39967443621256,11:06:07.443,42.0200,200
39967443621256,11:06:07.443,42.0200,30
39967443621256,11:06:07.443,42.0200,77
39967443827864,11:06:07.443,42.0200,23
39967443827864,11:06:07.443,42.0200,80
39967444186410,11:06:07.444,42.0200,120
39967444186410,11:06:07.444,42.0200,86
39967444243157,11:06:07.444,42.0200,14
39967444243157,11:06:07.444,42.0200,26
39968451597118,11:06:08.451,42.0200,78
39968451597118,11:06:08.451,42.0200,950
39968453105744,11:06:08.453,42.0200,531
39969454655907,11:06:09.454,42.0200,102
39969454734571,11:06:09.454,42.0200,103
39969454757528,11:06:09.454,42.0200,514
39969454882837,11:06:09.454,42.0200,268
39969454914838,11:06:09.454,42.0200,41
39971733192415,11:06:11.733,42.0200,103
39971733261130,11:06:11.733,42.0200,103
39971733305618,11:06:11.733,42.0200,823
39971733477615,11:06:11.733,42.0200,206
39971733504231,11:06:11.733,42.0200,656
39971733504231,11:06:11.733,42.0200,30
39971733504231,11:06:11.733,42.0200,34
39971733553394,11:06:11.733,42.0200,103
39971733631435,11:06:11.733,42.0200,63
39972142235953,11:06:12.142,42.0200,200
40084135227336,11:08:04.135,42.0100,159
40084135400792,11:08:04.135,42.0100,841
40084135400792,11:08:04.135,42.0100,28
40084135610705,11:08:04.135,42.0100,56
40084135703179,11:08:04.135,42.0100,16
40084135703179,11:08:04.135,42.0100,30
40084135703179,11:08:04.135,42.0100,100
40084135703179,11:08:04.135,42.0100,100
40084815990860,11:08:04.815,42.0100,1000
40092838103022,11:08:12.838,42.0100,200
40092838103022,11:08:12.838,42.0100,100
40092838103022,11:08:12.838,42.0100,300
40092838664023,11:08:12.838,42.0100,200
40092838664023,11:08:12.838,42.0100,100
40092839494662,11:08:12.839,42.0100,100
40094825904106,11:08:14.825,42.0100,2806
40094825912485,11:08:14.825,42.0100,1200
40094825962147,11:08:14.825,42.0100,100
40094825962147,11:08:14.825,42.0100,100
40094831724854,11:08:14.831,42.0100,200
40094831724854,11:08:14.831,42.0100,6
40094831794854,11:08:14.831,42.0100,194
40094831794854,11:08:14.831,42.0100,200
40094831794854,11:08:14.831,42.0100,200
40094831794854,11:08:14.831,42.0100,200
40094831794854,11:08:14.831,42.0100,29
40097788331265,11:08:17.788,42.0100,206
40097788508768,11:08:17.788,42.0100,206
40106683853004,11:08:26.683,42.0100,30
40106683853004,11:08:26.683,42.0100,100
40106683853004,11:08:26.683,42.0100,100
40107090917912,11:08:27.090,42.0100,300
40109117502354,11:08:29.117,42.0100,50
40109118857526,11:08:29.118,42.0100,100
40109118857526,11:08:29.118,42.0100,100
40125703813927,11:08:45.703,42.0200,100
40125703813927,11:08:45.703,42.0200,100
40125707182226,11:08:45.707,42.0200,103
40125707234294,11:08:45.707,42.0200,206
40125707296108,11:08:45.707,42.0200,617
40125708803926,11:08:45.708,42.0200,103
40126210828292,11:08:46.210,42.0200,1028
40126712797999,11:08:46.712,42.0200,1028
40127214814212,11:08:47.214,42.0200,200
40127214814212,11:08:47.214,42.0200,108
40127214889895,11:08:47.214,42.0200,720
40127716928721,11:08:47.716,42.0200,103
40127717009153,11:08:47.717,42.0200,103
40127717771412,11:08:47.717,42.0200,308
40127717814476,11:08:47.717,42.0200,514
40128219804236,11:08:48.219,42.0200,206
40128219881571,11:08:48.219,42.0200,823
40128391119686,11:08:48.391,42.0200,100
40128391780629,11:08:48.391,42.0200,30
40128391804651,11:08:48.391,42.0200,30
40147623277290,11:09:07.623,42.0100,265
40147623364911,11:09:07.623,42.0100,514
40147623388782,11:09:07.623,42.0100,249
40149516080223,11:09:09.516,42.0100,30
40149516080223,11:09:09.516,42.0100,70
40149517076056,11:09:09.517,42.0100,30
40149517076056,11:09:09.517,42.0100,800
40149517076056,11:09:09.517,42.0100,800
40154784635647,11:09:14.784,42.0100,194
40154784878407,11:09:14.784,42.0100,200
40154784948344,11:09:14.784,42.0100,2304
40154784978408,11:09:14.784,42.0100,1802
40154784978408,11:09:14.784,42.0100,100
40162238066156,11:09:22.238,42.0200,300
40162238526822,11:09:22.238,42.0200,100
40162238996351,11:09:22.238,42.0200,103
40162240811485,11:09:22.240,42.0200,97
40162240811485,11:09:22.240,42.0200,6
40162240872850,11:09:22.240,42.0200,308
40162242762240,11:09:22.242,42.0200,617
40162744781592,11:09:22.744,42.0200,206
40162744863804,11:09:22.744,42.0200,263
40162744863804,11:09:22.744,42.0200,45
40162746610599,11:09:22.746,42.0200,514
40163248614847,11:09:23.248,42.0200,411
40163248703208,11:09:23.248,42.0200,617
40163750685225,11:09:23.750,42.0200,411
40163750779392,11:09:23.750,42.0200,514
40163752748337,11:09:23.752,42.0200,103
40164254731680,11:09:24.254,42.0200,308
40164254821902,11:09:24.254,42.0200,411
40164256604051,11:09:24.256,42.0200,308
40164758597019,11:09:24.758,42.0200,103
40164758665358,11:09:24.758,42.0200,206
40164758703689,11:09:24.758,42.0200,720
40165260723193,11:09:25.260,42.0200,103
40165260786129,11:09:25.260,42.0200,103
40165260816952,11:09:25.260,42.0200,823
40165762055367,11:09:25.762,42.0200,206
40165762144345,11:09:25.762,42.0200,206
40165762188132,11:09:25.762,42.0200,103
40165762261910,11:09:25.762,42.0200,103
40165762376069,11:09:25.762,42.0200,206
40165762726375,11:09:25.762,42.0200,103
