timestamp,time,price,volume
26762680103650,07:26:02.680,206.0000,50
28550301222710,07:55:50.301,207.4700,50
28981370310069,08:03:01.370,206.0100,50
34200413824901,09:30:00.413,0.0000,0
34215471774516,09:30:15.471,208.8600,4
34271144453111,09:31:11.144,208.3700,8
34293775675976,09:31:33.775,208.0000,45
34293775675976,09:31:33.775,208.0000,9
34293775675976,09:31:33.775,208.0000,2
34293775740546,09:31:33.775,208.0000,100
34293775795338,09:31:33.775,208.0100,100
34293776103475,09:31:33.776,207.9800,2
34293776132231,09:31:33.776,207.9500,35
34293776154908,09:31:33.776,207.9500,65
34293778003433,09:31:33.778,207.7400,15
34362477105032,09:32:42.477,208.7100,100
34362477199524,09:32:42.477,208.7100,100
34362477259190,09:32:42.477,208.7100,52
34362477701656,09:32:42.477,208.7800,100
34362477823785,09:32:42.477,208.7700,100
34362477835630,09:32:42.477,208.7700,100
34362478022145,09:32:42.478,208.7100,100
34362478064150,09:32:42.478,208.7100,100
34362478066885,09:32:42.478,208.7100,46
34362478079009,09:32:42.478,208.7100,75
34362478080866,09:32:42.478,208.7100,100
34362478092337,09:32:42.478,208.7100,37
34362478371987,09:32:42.478,208.8600,25
34362478378681,09:32:42.478,208.8600,5
34362478399690,09:32:42.478,208.8600,70
34362478399690,09:32:42.478,208.8600,100
34362478469972,09:32:42.478,208.8600,15
34362478501489,09:32:42.478,208.8600,85
34363044064568,09:32:43.044,208.8800,3
34400043925304,09:33:20.043,209.2700,100
34411318934480,09:33:31.318,209.2700,100
34411318934480,09:33:31.318,209.2700,100
34411319477227,09:33:31.319,209.2700,10
34411319544258,09:33:31.319,209.2700,1
34411319549166,09:33:31.319,209.3600,3
34411319575000,09:33:31.319,209.2700,52
34411319648746,09:33:31.319,209.2700,1
34411319705003,09:33:31.319,209.2700,1
34411319790405,09:33:31.319,209.2700,1
34411319849098,09:33:31.319,209.2700,1
34411319912014,09:33:31.319,209.2700,1
34411319967382,09:33:31.319,209.2700,1
34411320106981,09:33:31.320,209.2700,1
34421719844625,09:33:41.719,209.4000,100
34421719936007,09:33:41.719,209.4000,100
34421719942917,09:33:41.719,209.4000,100
34421719963505,09:33:41.719,209.4000,100
34421720337373,09:33:41.720,209.4000,100
34421720761598,09:33:41.720,209.4100,100
34425637213049,09:33:45.637,209.4700,3
34426662306659,09:33:46.662,209.4800,3
34426662386247,09:33:46.662,209.4900,95
34426662393574,09:33:46.662,209.4800,100
34427066114033,09:33:47.066,209.5800,100
34435728039869,09:33:55.728,209.3000,100
34452126457585,09:34:12.126,209.2100,100
34465024176758,09:34:25.024,208.9700,100
34465024176758,09:34:25.024,208.8500,100
34487930725916,09:34:47.930,209.2100,100
34487931758926,09:34:47.931,209.2500,100
34519774181637,09:35:19.774,209.1200,3
34519774238493,09:35:19.774,209.1200,100
34519774257793,09:35:19.774,209.1200,100
34519774257793,09:35:19.774,209.1100,25
34519774284258,09:35:19.774,209.1100,100
34519774341548,09:35:19.774,209.1100,100
34519774822938,09:35:19.774,208.9800,2
34519774826493,09:35:19.774,208.9800,1
34519775000377,09:35:19.775,208.9800,100
34519785906166,09:35:19.785,209.1100,97
34531514606549,09:35:31.514,209.0600,1
34549731685828,09:35:49.731,209.1800,100
34561682631500,09:36:01.682,208.9100,2
34561683262108,09:36:01.683,208.9000,100
34561683262108,09:36:01.683,208.9000,1
34561683712318,09:36:01.683,208.8900,100
34561684031119,09:36:01.684,208.9000,100
34572846752675,09:36:12.846,208.7500,1
34579534304022,09:36:19.534,208.8700,100
34579534304022,09:36:19.534,208.9400,100
34605996524326,09:36:45.996,208.9900,100
34605996525798,09:36:45.996,208.9900,1
34605996750469,09:36:45.996,209.0000,25
34605996942832,09:36:45.996,209.0000,74
34605996961185,09:36:45.996,209.0000,1
34605998358436,09:36:45.998,209.1500,45
34639137394916,09:37:19.137,209.2400,100
34639137394916,09:37:19.137,209.2700,100
34649019565088,09:37:29.019,209.3000,10
34649019593539,09:37:29.019,209.3200,7
34649020340947,09:37:29.020,209.3300,50
34649020424630,09:37:29.020,209.3200,50
34649020433738,09:37:29.020,209.3200,5
34649020443480,09:37:29.020,209.3200,5
34649020620600,09:37:29.020,209.3300,50
34650716727121,09:37:30.716,209.0900,5
34650716732714,09:37:30.716,209.0500,4
34670463721522,09:37:50.463,209.0300,100
34670463747236,09:37:50.463,209.0300,1
34699534031812,09:38:19.534,209.1800,25
34699534468029,09:38:19.534,209.1900,100
34699534726358,09:38:19.534,209.1800,100
34704537417959,09:38:24.537,209.3000,100
34708014246868,09:38:28.014,209.3200,18
34712140071075,09:38:32.140,209.0800,100
34716251151258,09:38:36.251,209.0000,50
34740849260426,09:39:00.849,209.0800,92
34740849556448,09:39:00.849,209.0800,8
34740849581613,09:39:00.849,209.1100,37
34740849799322,09:39:00.849,209.1100,63
34740856653200,09:39:00.856,209.0800,100
34752598872386,09:39:12.598,209.3000,3
34760775623142,09:39:20.775,209.0000,1
34760775694809,09:39:20.775,209.0000,7
34760775696958,09:39:20.775,209.0000,28
34760775708829,09:39:20.775,208.9500,18
34760777156641,09:39:20.777,209.0000,65
34761478693582,09:39:21.478,208.9000,100
34789144631983,09:39:49.144,209.0600,100
34789147357580,09:39:49.147,209.1000,100
34828012106902,09:40:28.012,209.1700,17
34888010551121,09:41:28.010,209.1600,8
34888010579584,09:41:28.010,209.1600,10
34891492906401,09:41:31.492,209.1300,100
34894981176849,09:41:34.981,209.0100,4
34894981188926,09:41:34.981,209.0000,4
34894981188926,09:41:34.981,208.9800,100
34894981281354,09:41:34.981,209.0800,50
34899832829537,09:41:39.832,208.9800,50
34928780164591,09:42:08.780,208.8300,1
34950638202180,09:42:30.638,208.7000,8
34950638202180,09:42:30.638,208.7000,1
34959745662911,09:42:39.745,208.8000,3
34984547585843,09:43:04.547,208.8000,10
34984547585843,09:43:04.547,208.8300,100
34984547585843,09:43:04.547,208.8400,100
34984547621592,09:43:04.547,208.8400,100
34984547672637,09:43:04.547,208.8000,100
34984547849025,09:43:04.547,208.8600,32
34984548822215,09:43:04.548,208.8400,100
34984549093703,09:43:04.549,208.8500,34
34984549167495,09:43:04.549,208.8400,34
34984549233198,09:43:04.549,208.8400,1
34995655130486,09:43:15.655,208.8400,9
34995655130486,09:43:15.655,208.8400,10
34995655778956,09:43:15.655,208.8400,100
35001750996997,09:43:21.750,208.8000,100
35011786326338,09:43:31.786,208.8400,13
35011786352460,09:43:31.786,208.8400,5
35011787211306,09:43:31.787,208.8400,100
35013171320459,09:43:33.171,208.7400,60
35013171325325,09:43:33.171,208.7400,31
35013171503146,09:43:33.171,208.7400,9
35021541402249,09:43:41.541,208.5600,100
35047386824768,09:44:07.386,208.4700,1
35047386824768,09:44:07.386,208.4700,15
35047386933793,09:44:07.386,208.4700,3
35047387041531,09:44:07.387,208.4600,58
35047387056042,09:44:07.387,208.4600,42
35047387056042,09:44:07.387,208.4600,77
35047387080454,09:44:07.387,208.4600,23
35051443818906,09:44:11.443,208.3000,100
35104189677310,09:45:04.189,208.3800,100
35104191445543,09:45:04.191,208.4700,100
35111553861125,09:45:11.553,208.6000,10
35111553861125,09:45:11.553,208.6800,90
35171614577750,09:46:11.614,208.7800,100
35171614577750,09:46:11.614,208.7900,100
35171614577750,09:46:11.614,208.8000,87
35241360061180,09:47:21.360,208.9900,100
35245956613916,09:47:25.956,209.0000,7
35245956613916,09:47:25.956,209.0000,10
35245956617153,09:47:25.956,209.0000,90
35250404436999,09:47:30.404,208.8900,4
35257354237636,09:47:37.354,208.8800,4
35257354247171,09:47:37.354,208.8700,3
35257354771301,09:47:37.354,208.8000,21
35289294247815,09:48:09.294,208.6800,100
35291954366165,09:48:11.954,208.6200,100
35309300553335,09:48:29.300,208.6200,100
35317434043390,09:48:37.434,208.6100,100
35331861569736,09:48:51.861,208.4600,100
35362775823333,09:49:22.775,208.4500,100
35362775823333,09:49:22.775,208.5400,100
35362775823333,09:49:22.775,208.5400,100
35437193383129,09:50:37.193,208.1400,25
35437193411580,09:50:37.193,208.1300,75
35454771517472,09:50:54.771,208.4500,100
35461015987280,09:51:01.015,208.2500,12
35515228321042,09:51:55.228,208.2800,5
35515774892691,09:51:55.774,208.4500,100
35538193546323,09:52:18.193,208.4600,100
35546555780614,09:52:26.555,208.2600,100
35546555780614,09:52:26.555,208.2600,100
35546555812437,09:52:26.555,208.2500,3
35546556167843,09:52:26.556,208.2300,3
35580132077393,09:53:00.132,208.1100,100
35607263948535,09:53:27.263,208.1000,1
35607264931241,09:53:27.264,208.0800,1
35607264931241,09:53:27.264,208.0600,23
35607266580040,09:53:27.266,208.0600,24
35607266605706,09:53:27.266,208.0600,53
35607271175528,09:53:27.271,208.0100,100
35613600769683,09:53:33.600,208.0400,100
35613600769683,09:53:33.600,208.0800,99
35618348319763,09:53:38.348,207.9700,1
35641181753479,09:54:01.181,208.0700,100
35667054324126,09:54:27.054,208.1200,3
35669188270450,09:54:29.188,208.3200,100
35669660113881,09:54:29.660,208.2000,99
35697984389742,09:54:57.984,208.3200,100
35716254082695,09:55:16.254,208.2600,100
35716254172395,09:55:16.254,208.2000,23
35716254209541,09:55:16.254,208.2000,52
35716254938775,09:55:16.254,208.2000,100
35716254976197,09:55:16.254,208.2000,25
35716258786888,09:55:16.258,208.1500,4
35717867335499,09:55:17.867,208.2000,4
35717867335499,09:55:17.867,208.2000,4
35755744181070,09:55:55.744,208.1000,1
35755745846106,09:55:55.745,208.0800,5
35755745950922,09:55:55.745,208.0800,95
35755745950922,09:55:55.745,208.0800,1
35793878254765,09:56:33.878,207.9200,100
35815990721662,09:56:55.990,208.0800,100
35840033902035,09:57:20.033,207.9200,100
35840033902035,09:57:20.033,207.9100,1
35840033902035,09:57:20.033,207.9100,12
35840033930155,09:57:20.033,207.9100,100
35840033979758,09:57:20.033,207.9100,8
35840034803830,09:57:20.034,207.9000,1
35840034846726,09:57:20.034,207.8700,11
35840036447110,09:57:20.036,207.8600,10
35863500095647,09:57:43.500,207.7600,1
35863543270284,09:57:43.543,207.7600,1
35863569827267,09:57:43.569,207.7600,1
35863746759666,09:57:43.746,207.7600,1
35912240541907,09:58:32.240,207.6700,1
35912240541907,09:58:32.240,207.6700,4
35913469898476,09:58:33.469,207.6700,96
35913469898476,09:58:33.469,207.6500,4
35929398001315,09:58:49.398,207.7800,100
35929398001315,09:58:49.398,207.8300,100
35929398001315,09:58:49.398,207.8400,100
35966667292837,09:59:26.667,207.7200,2
35988716093216,09:59:48.716,207.6800,1
35988716183827,09:59:48.716,207.6800,100
35988716446947,09:59:48.716,207.6800,100
35988716558150,09:59:48.716,207.6600,74
35988716558150,09:59:48.716,207.6600,2
35988717019057,09:59:48.717,207.6800,100
35988717963084,09:59:48.717,207.6600,10
35998037279137,09:59:58.037,207.7600,52
35998037309539,09:59:58.037,207.7600,48
35998037592991,09:59:58.037,207.7800,100
35998039733874,09:59:58.039,207.8400,100
35999861248800,09:59:59.861,207.8400,1
36009846642438,10:00:09.846,207.8500,5
36009847113664,10:00:09.847,207.8500,5
36009849371530,10:00:09.849,207.8500,10
36011130524611,10:00:11.130,207.7000,12
36011130577153,10:00:11.130,207.7000,25
36011130614156,10:00:11.130,207.7000,63
36031474591133,10:00:31.474,207.6800,100
36069203764724,10:01:09.203,207.8800,5
36069203764724,10:01:09.203,207.9100,20
36069203764724,10:01:09.203,207.9300,95
36069203862845,10:01:09.203,207.9400,100
36069203892934,10:01:09.203,207.9100,52
36069205953295,10:01:09.205,208.0300,71
36069205978826,10:01:09.205,208.0300,29
36069206555432,10:01:09.206,208.0300,100
36107778536479,10:01:47.778,207.9600,1
36129342719097,10:02:09.342,207.9300,8
36129342745531,10:02:09.342,207.9300,92
36129342745531,10:02:09.342,207.9300,100
36129342745531,10:02:09.342,207.9300,5
36129342745531,10:02:09.342,207.9300,1
36129342745531,10:02:09.342,207.9300,100
36129342771881,10:02:09.342,207.9300,6
36159882210399,10:02:39.882,207.7900,1
36159892912328,10:02:39.892,207.7900,100
36166649334045,10:02:46.649,207.7300,6
36189601902389,10:03:09.601,207.6500,1
36189641972570,10:03:09.641,207.6300,15
36189641999982,10:03:09.641,207.6300,85
36189641999982,10:03:09.641,207.6300,100
36191683124950,10:03:11.683,207.5300,6
36193426031528,10:03:13.426,207.5000,100
36193426031528,10:03:13.426,207.5000,5
36193426124412,10:03:13.426,207.4900,100
36263690511611,10:04:23.690,207.4000,50
36263690511611,10:04:23.690,207.3900,100
36283625235045,10:04:43.625,207.5000,37
36283625235045,10:04:43.625,207.5000,100
36283625235045,10:04:43.625,207.5000,32
36283625475975,10:04:43.625,207.5200,2
36283625496182,10:04:43.625,207.5000,11
36283625751414,10:04:43.625,207.5200,50
36283625793701,10:04:43.625,207.5200,48
36285160245818,10:04:45.160,207.4900,2
36285160315316,10:04:45.160,207.4900,4
36285160625462,10:04:45.160,207.4500,2
36285160665758,10:04:45.160,207.4400,2
36285161134198,10:04:45.161,207.4900,96
36285161134198,10:04:45.161,207.4900,100
36285161187485,10:04:45.161,207.4300,15
36316492521227,10:05:16.492,207.3800,21
36316492560690,10:05:16.492,207.3800,57
36316492603767,10:05:16.492,207.3800,22
36316492603767,10:05:16.492,207.3800,6
36316492982276,10:05:16.492,207.3800,100
36316493718948,10:05:16.493,207.3800,21
36316493755855,10:05:16.493,207.3800,79
36316494722374,10:05:16.494,207.3700,21
36316494747490,10:05:16.494,207.3700,169
36316495129837,10:05:16.495,207.3700,100
36317810709381,10:05:17.810,207.4300,14
36317814085405,10:05:17.814,207.4900,100
36317814139495,10:05:17.814,207.4900,61
36317814189260,10:05:17.814,207.4900,39
36327890710383,10:05:27.890,207.4600,100
36331819754646,10:05:31.819,207.5600,14
36346802207546,10:05:46.802,207.6000,100
36346803001752,10:05:46.803,207.6300,5
36346803030024,10:05:46.803,207.6300,95
36346803060843,10:05:46.803,207.6400,100
36361620510930,10:06:01.620,207.9100,100
36416640691022,10:06:56.640,208.0000,25
36416640800467,10:06:56.640,208.0000,50
36416640879192,10:06:56.640,208.0100,75
36416641533152,10:06:56.641,208.0100,25
36452365281425,10:07:32.365,207.9100,15
36452365281425,10:07:32.365,207.8900,70
36452365412324,10:07:32.365,207.8700,100
36452365566781,10:07:32.365,207.8700,100
36452366546442,10:07:32.366,207.8700,100
36492868492306,10:08:12.868,207.9500,13
36492868492306,10:08:12.868,207.9500,9
36492868561892,10:08:12.868,208.0000,5
36492868591453,10:08:12.868,208.0000,10
36507158197128,10:08:27.158,208.0800,25
36507158197128,10:08:27.158,208.1500,75
36507158288537,10:08:27.158,208.1000,13
36507158288537,10:08:27.158,208.1600,12
36507158390023,10:08:27.158,208.1600,2
36507158520942,10:08:27.158,208.1600,86
36520041275673,10:08:40.041,208.1900,13
36579845537469,10:09:39.845,208.2000,100
36579845589567,10:09:39.845,208.2100,2
36579846069258,10:09:39.846,208.2100,13
36579846069258,10:09:39.846,208.2000,100
36579846074016,10:09:39.846,208.2400,5
36579846085937,10:09:39.846,208.2400,3
36579846121276,10:09:39.846,208.2500,2
36579846121276,10:09:39.846,208.2500,15
36579926049983,10:09:39.926,208.2000,20
36625235063072,10:10:25.235,208.2700,100
36625235187397,10:10:25.235,208.2800,100
36625235269958,10:10:25.235,208.2800,100
36625235897431,10:10:25.235,208.3000,100
36625237822907,10:10:25.237,208.2700,1
36657139959593,10:10:57.139,208.1300,1
36657174514635,10:10:57.174,208.1000,1
36657174586326,10:10:57.174,208.1000,100
36657175062466,10:10:57.175,208.0600,24
36657175160968,10:10:57.175,208.0500,75
36657175494151,10:10:57.175,208.0500,1
36657175723214,10:10:57.175,208.0500,24
36657175984037,10:10:57.175,208.0400,8
36657176283405,10:10:57.176,208.0000,35
36657427434489,10:10:57.427,207.8200,100
36657427507078,10:10:57.427,207.8200,4
36657427519123,10:10:57.427,207.8200,96
36708668557882,10:11:48.668,208.1200,100
36708668588044,10:11:48.668,208.1200,100
36710015818362,10:11:50.015,207.9800,100
36710016448817,10:11:50.016,207.9500,100
36710016448817,10:11:50.016,207.9500,25
36710016495439,10:11:50.016,207.9500,75
36710016619824,10:11:50.016,207.9500,100
36710017448443,10:11:50.017,208.0000,100
36788643989632,10:13:08.643,208.0300,100
36846767318105,10:14:06.767,207.9400,14
36896263056938,10:14:56.263,208.1800,50
36896263056938,10:14:56.263,208.1800,100
36896263056938,10:14:56.263,208.1900,50
36896263514959,10:14:56.263,208.1900,3
36896263592503,10:14:56.263,208.1900,47
36896263620876,10:14:56.263,208.1800,100
36896263998595,10:14:56.263,208.1700,28
36896591067956,10:14:56.591,208.0700,10
36896591923493,10:14:56.591,208.0700,100
36978470610510,10:16:18.470,208.1200,13
36978495937705,10:16:18.495,208.0300,5
37003255681740,10:16:43.255,208.1800,100
37003259485986,10:16:43.259,208.1700,3
37008229960452,10:16:48.229,208.0200,2
37008230059132,10:16:48.230,208.0200,100
37008230240356,10:16:48.230,208.0100,5
37008231649762,10:16:48.231,207.9800,1
37008231649762,10:16:48.231,207.9800,100
37008231971693,10:16:48.231,207.9700,100
37017889429812,10:16:57.889,207.9000,100
37031634523919,10:17:11.634,208.0000,100
37035472572075,10:17:15.472,208.0700,4
37042465789932,10:17:22.465,207.8500,1
37042466152730,10:17:22.466,207.8300,100
37044760122525,10:17:24.760,207.8400,57
37061351660285,10:17:41.351,207.8400,100
37063055725882,10:17:43.055,207.8400,200
37089867639640,10:18:09.867,207.7700,1
37089867698000,10:18:09.867,207.7600,100
37089867742104,10:18:09.867,207.7600,5
37089869196058,10:18:09.869,207.7500,1
37090050846536,10:18:10.050,207.7000,100
37090051876586,10:18:10.051,207.6500,10
37112669554440,10:18:32.669,207.7300,100
37112669554440,10:18:32.669,207.7500,100
37112669554440,10:18:32.669,207.7500,100
37112669554440,10:18:32.669,207.7500,100
37194533737274,10:19:54.533,207.6900,100
37194533737274,10:19:54.533,207.6900,6
37194533881841,10:19:54.533,207.6900,29
37194533908551,10:19:54.533,207.7100,100
37194533935767,10:19:54.533,207.7100,100
37194534005309,10:19:54.534,207.7100,80
37194534011832,10:19:54.534,207.7100,20
37194534030029,10:19:54.534,207.7200,100
37194534060960,10:19:54.534,207.7200,20
37194534167669,10:19:54.534,207.7200,15
37194534404468,10:19:54.534,207.7200,21
37194534952159,10:19:54.534,207.7200,44
37194585963617,10:19:54.585,207.6900,10
37208467067982,10:20:08.467,207.7300,100
37208467067982,10:20:08.467,207.7400,100
37221395701938,10:20:21.395,207.7700,100
37281850239360,10:21:21.850,207.8300,100
37281851792643,10:21:21.851,207.8500,15
37282076135014,10:21:22.076,207.8500,85
37282272347538,10:21:22.272,207.9600,100
37331273802112,10:22:11.273,208.1400,25
37340576146524,10:22:20.576,207.9500,100
37341008064686,10:22:21.008,208.0300,14
37348747185297,10:22:28.747,207.9300,18
37382276234847,10:23:02.276,208.0900,100
37428922511466,10:23:48.922,208.0200,14
37429504674716,10:23:49.504,208.0100,14
37429504769490,10:23:49.504,208.0100,100
37442255542826,10:24:02.255,208.0000,5
37442255662379,10:24:02.255,208.0000,5
37442255679423,10:24:02.255,208.0000,5
37442255681037,10:24:02.255,208.0000,5
37442255912156,10:24:02.255,208.0000,5
37442255912156,10:24:02.255,207.9600,5
37442255912156,10:24:02.255,207.9500,100
37442255995735,10:24:02.255,207.9400,5
37442489366371,10:24:02.489,207.8600,1
37442536404526,10:24:02.536,207.8600,1
37442584341137,10:24:02.584,207.8600,1
37442633214303,10:24:02.633,207.8600,1
37442732633088,10:24:02.732,207.8600,1
37442760229313,10:24:02.760,207.8600,1
37442815987313,10:24:02.815,207.8600,1
37457609601327,10:24:17.609,207.8400,1
37457665435093,10:24:17.665,207.8400,1
37459867166503,10:24:19.867,207.8400,1
37459918134275,10:24:19.918,207.8400,1
37462984794270,10:24:22.984,207.8400,1
37463034930892,10:24:23.034,207.8000,1
37463169187382,10:24:23.169,207.8000,1
37463292731213,10:24:23.292,207.8000,1
37489343017246,10:24:49.343,207.8000,97
37489343017246,10:24:49.343,207.8000,100
37489343017246,10:24:49.343,207.8000,3
37516927100307,10:25:16.927,207.8000,1
37517031018379,10:25:17.031,207.8000,1
37517031047494,10:25:17.031,207.8000,95
37517114786119,10:25:17.114,207.7800,1
37517115231264,10:25:17.115,207.7700,20
37517115231264,10:25:17.115,207.7300,80
37518401649791,10:25:18.401,207.7300,1
37518409982081,10:25:18.409,207.7300,1
37518412624692,10:25:18.412,207.7300,1
37519083360945,10:25:19.083,207.9100,25
37538908735417,10:25:38.908,207.7700,1
37538968404007,10:25:38.968,207.7700,1
37539014489328,10:25:39.014,207.7700,1
37539104466492,10:25:39.104,207.7700,1
37551481499324,10:25:51.481,207.9700,100
37551482065281,10:25:51.482,207.9800,100
37551483191789,10:25:51.483,208.0000,10
37553016753609,10:25:53.016,208.1100,100
37559895800178,10:25:59.895,208.2100,27
37559899094213,10:25:59.899,208.2200,13
37559899872639,10:25:59.899,208.2300,52
37559899899807,10:25:59.899,208.2300,48
37570283763498,10:26:10.283,208.2000,1
37570337233027,10:26:10.337,208.1900,1
37570387806398,10:26:10.387,208.1900,1
37570547469127,10:26:10.547,208.1900,1
37570595481750,10:26:10.595,208.1900,1
37570646983833,10:26:10.646,208.1900,1
37570698239486,10:26:10.698,208.1900,1
37570832328339,10:26:10.832,208.1900,1
37570871123809,10:26:10.871,208.1900,1
37570881502420,10:26:10.881,208.1900,1
37574151920687,10:26:14.151,208.1900,92
37574151920687,10:26:14.151,208.1900,100
37574151997029,10:26:14.151,208.1800,1
37574151997029,10:26:14.151,208.1800,5
37574158492291,10:26:14.158,208.1800,1
37574302420306,10:26:14.302,208.0700,1
37574347719817,10:26:14.347,208.0700,1
37574447248282,10:26:14.447,208.0600,1
37574522638014,10:26:14.522,208.0500,1
37574579225007,10:26:14.579,208.0400,1
37574685538625,10:26:14.685,208.0400,99
37574685607365,10:26:14.685,208.0400,25
37574685683002,10:26:14.685,208.0400,13
37574685741983,10:26:14.685,208.0400,6
37574685799612,10:26:14.685,208.0400,3
37574685856967,10:26:14.685,208.0400,2
37574685880170,10:26:14.685,208.0400,51
37574788071375,10:26:14.788,208.0300,3
37574788423395,10:26:14.788,208.0300,1
37590898019329,10:26:30.898,208.0900,100
37590898019329,10:26:30.898,208.1200,1
37590898019329,10:26:30.898,208.1200,100
37590898019329,10:26:30.898,208.1500,100
37590898081375,10:26:30.898,208.1500,100
37590902578800,10:26:30.902,208.2300,100
37590903319687,10:26:30.903,208.2700,100
37590903319687,10:26:30.903,208.2700,369
37590903321280,10:26:30.903,208.2700,31
37590905576404,10:26:30.905,208.3200,100
37622095240536,10:27:02.095,208.4000,100
37659492937255,10:27:39.492,208.3500,100
37659492991610,10:27:39.492,208.3600,100
37661006787148,10:27:41.006,208.3900,100
37661007254193,10:27:41.007,208.4000,100
37679492345354,10:27:59.492,208.4000,100
37687227357078,10:28:07.227,208.3500,29
37695893225689,10:28:15.893,208.4100,95
37695991634809,10:28:15.991,208.3500,1
37696048521588,10:28:16.048,208.3500,1
37696092762171,10:28:16.092,208.3500,1
37696195530767,10:28:16.195,208.3500,1
37696250290652,10:28:16.250,208.3500,1
37696303149877,10:28:16.303,208.3500,1
37696354408697,10:28:16.354,208.3500,1
37696432285597,10:28:16.432,208.3500,1
37696467274242,10:28:16.467,208.3500,1
37719094488922,10:28:39.094,208.4100,14
37719094596992,10:28:39.094,208.3400,36
37729355179711,10:28:49.355,208.4100,36
37729355179711,10:28:49.355,208.4100,46
37731300298777,10:28:51.300,208.4100,54
37731300298777,10:28:51.300,208.4100,46
37759904682170,10:29:19.904,208.4300,100
37759907001633,10:29:19.907,208.4400,46
37759907399908,10:29:19.907,208.4500,75
37759907399908,10:29:19.907,208.4500,50
37759907930814,10:29:19.907,208.4600,8
37767949632657,10:29:27.949,208.5000,100
37768545335181,10:29:28.545,208.5600,100
37768556447090,10:29:28.556,208.5700,15
37770702318640,10:29:30.702,208.6900,100
37771941614686,10:29:31.941,208.7800,70
37789676500420,10:29:49.676,208.7600,13
37789676500420,10:29:49.676,208.7900,3
37789676500420,10:29:49.676,208.8600,84
37789676618951,10:29:49.676,208.7000,21
37829801071026,10:30:29.801,208.7900,13
37829802950452,10:30:29.802,208.8100,100
37884635789477,10:31:24.635,208.8700,100
37915631124197,10:31:55.631,208.8500,100
37931794331937,10:32:11.794,209.0000,100
37931837059181,10:32:11.837,209.0000,15
37931837985032,10:32:11.837,209.0300,100
37931838193485,10:32:11.838,209.0300,12
37932108393689,10:32:12.108,209.0500,3
37932108393689,10:32:12.108,209.1100,72
37959119239966,10:32:39.119,209.0500,50
37959119282820,10:32:39.119,209.1000,50
37959366682101,10:32:39.366,209.1200,12
37959367116545,10:32:39.367,209.0700,78
37973088994747,10:32:53.088,209.0000,2
37973089953918,10:32:53.089,208.9700,100
37992201252605,10:33:12.201,208.8800,10
37992201325285,10:33:12.201,208.8800,100
37992201962512,10:33:12.201,208.8900,20
38018855265190,10:33:38.855,208.8300,100
38018855294617,10:33:38.855,208.8400,100
38070760274050,10:34:30.760,208.8500,1
38084188349651,10:34:44.188,208.8500,1
38102206324480,10:35:02.206,208.9700,5
38102206324480,10:35:02.206,208.9900,48
38102206392373,10:35:02.206,208.9900,5
38109136955255,10:35:09.136,209.0700,3
38109138015830,10:35:09.138,209.1000,100
38124359136828,10:35:24.359,209.1500,57
38161139294464,10:36:01.139,209.1300,40
38161720986838,10:36:01.720,209.1900,56
38172310433273,10:36:12.310,209.1900,38
38172310460214,10:36:12.310,209.1900,62
38172310551130,10:36:12.310,209.2000,12
38227054505468,10:37:07.054,209.2200,100
38227054505468,10:37:07.054,209.2200,100
38227826315478,10:37:07.826,209.2800,3
38227826315478,10:37:07.826,209.3000,97
38227826373441,10:37:07.826,209.3000,3
38227826995440,10:37:07.826,209.3100,100
38234782906600,10:37:14.782,209.3300,100
38234782906600,10:37:14.782,209.2600,100
38234793891947,10:37:14.793,209.2100,100
38234794069570,10:37:14.794,209.2000,4
38234794101170,10:37:14.794,209.2000,73
38234794128690,10:37:14.794,209.2000,23
38234794128690,10:37:14.794,209.2000,13
38234794159697,10:37:14.794,209.2000,51
38234794211730,10:37:14.794,209.2000,36
38256061408482,10:37:36.061,209.2250,100
38256061408482,10:37:36.061,209.2250,100
38262762318209,10:37:42.762,209.1500,8
38263800792644,10:37:43.800,209.1500,12
38266096996867,10:37:46.096,209.1300,1
38274763014935,10:37:54.763,209.0800,100
38275457041071,10:37:55.457,209.0900,12
38275457041071,10:37:55.457,209.0900,100
38275457041071,10:37:55.457,209.0900,100
38316508361602,10:38:36.508,209.2400,5
38316508361602,10:38:36.508,209.2400,3
38316508361602,10:38:36.508,209.2400,4
38316509606116,10:38:36.509,209.2400,23
38320312071146,10:38:40.312,209.2550,100
38327971807433,10:38:47.971,209.2550,100
38357340461336,10:39:17.340,209.2400,100
38395215254726,10:39:55.215,209.1500,70
38398617386680,10:39:58.617,209.1000,1
38398618138345,10:39:58.618,209.0500,1
38398618138345,10:39:58.618,209.0500,100
38443816580717,10:40:43.816,208.9400,2
38460841488109,10:41:00.841,208.8700,100
38460842657479,10:41:00.842,208.8700,25
38461172703136,10:41:01.172,208.8700,25
38518116484904,10:41:58.116,208.8000,61
38537939900248,10:42:17.939,208.7300,2
38550024603525,10:42:30.024,208.8500,45
38550722125588,10:42:30.722,208.9100,36
38550761877944,10:42:30.761,208.8600,100
38550761877944,10:42:30.761,208.8600,100
38550761891707,10:42:30.761,208.8300,2
38551360480784,10:42:31.360,208.9200,100
38551368897976,10:42:31.368,208.9000,32
38583165688406,10:43:03.165,208.9900,12
38592595431412,10:43:12.595,209.0300,1
38592595431412,10:43:12.595,209.0300,53
38592595438488,10:43:12.595,209.0300,25
38592595658870,10:43:12.595,209.0300,22
38657483701577,10:44:17.483,209.2100,100
38660023077072,10:44:20.023,209.3000,50
38662299927196,10:44:22.299,209.2500,100
38663631551872,10:44:23.631,209.3000,100
38663631551872,10:44:23.631,209.3100,63
38663643252034,10:44:23.643,209.3500,100
38663653264789,10:44:23.653,209.3800,39
38664150727054,10:44:24.150,209.3500,4
38670024506007,10:44:30.024,209.3600,15
38674300565433,10:44:34.300,209.3550,100
38684900041170,10:44:44.900,209.3150,100
38684900060341,10:44:44.900,209.3150,18
38684900687065,10:44:44.900,209.3050,8
38704141503054,10:45:04.141,209.3300,11
38704141531298,10:45:04.141,209.3500,12
38704141889010,10:45:04.141,209.3500,100
38704143111998,10:45:04.143,209.3600,55
38704143138623,10:45:04.143,209.3600,45
38704143190291,10:45:04.143,209.3700,100
38768662231180,10:46:08.662,209.3950,100
38768662231180,10:46:08.662,209.3500,2
38768662758208,10:46:08.662,209.3300,25
38768662784815,10:46:08.662,209.3300,75
38768662784815,10:46:08.662,209.3300,2
38768662814292,10:46:08.662,209.3900,100
38769793114989,10:46:09.793,209.3900,11
38770025571091,10:46:10.025,209.4600,100
38770025883941,10:46:10.025,209.4700,100
38770059586783,10:46:10.059,209.5000,25
38831992913971,10:47:11.992,209.5150,20
38900063050219,10:48:20.063,209.4950,100
38900063050219,10:48:20.063,209.4950,2
38900063147323,10:48:20.063,209.4950,102
38900063210608,10:48:20.063,209.4950,76
38900063210608,10:48:20.063,209.4400,26
38900063213949,10:48:20.063,209.4400,74
38900063213949,10:48:20.063,209.4400,2
38909071267910,10:48:29.071,209.4100,100
38910134848259,10:48:30.134,209.3900,14
38910134848888,10:48:30.134,209.3900,10
38920104093796,10:48:40.104,209.3900,100
38922410405517,10:48:42.410,209.4000,100
38922410848592,10:48:42.410,209.4100,3
38922410848592,10:48:42.410,209.4100,100
38929147258211,10:48:49.147,209.4800,3
38929147513065,10:48:49.147,209.5000,76
38929147513065,10:48:49.147,209.4800,24
38929147550242,10:48:49.147,209.4800,76
38929641347842,10:48:49.641,209.5200,100
38929641347842,10:48:49.641,209.5200,10
38929776350568,10:48:49.776,209.5200,61
38929776378580,10:48:49.776,209.5200,139
38929776790209,10:48:49.776,209.5200,100
38929776790209,10:48:49.776,209.5300,100
38929776790209,10:48:49.776,209.5300,6
38931338356711,10:48:51.338,209.5200,100
38932338639867,10:48:52.338,209.5200,100
38932338639867,10:48:52.338,209.5300,100
38940183244211,10:49:00.183,209.4950,10
38940183877853,10:49:00.183,209.4900,10
38941331575648,10:49:01.331,209.5000,80
38993400318655,10:49:53.400,209.4150,20
38995024242712,10:49:55.024,209.3300,40
39004013457684,10:50:04.013,209.3250,29
39020786406881,10:50:20.786,209.3900,5
39020786408435,10:50:20.786,209.3900,6
39060419701500,10:51:00.419,209.3250,100
39060419953976,10:51:00.419,209.3400,15
39060498301336,10:51:00.498,209.3350,10
39060524690032,10:51:00.524,209.3250,1
39134669783847,10:52:14.669,209.3200,1
39134669901718,10:52:14.669,209.3200,2
39145704993334,10:52:25.704,209.3500,100
39148785283878,10:52:28.785,209.3200,2
39191134078722,10:53:11.134,209.3200,2
39191274610848,10:53:11.274,209.3200,2
39191362453708,10:53:11.362,209.3200,2
39191362525550,10:53:11.362,209.3200,2
39191362558370,10:53:11.362,209.3200,2
39191362581732,10:53:11.362,209.3200,2
39191362617751,10:53:11.362,209.3200,2
39191362645279,10:53:11.362,209.2800,2
39191362678561,10:53:11.362,209.2800,86
39192908137164,10:53:12.908,209.2200,100
39284676170660,10:54:44.676,209.2200,10
39301732058360,10:55:01.732,209.2700,100
39301736224661,10:55:01.736,209.2900,25
39301801427176,10:55:01.801,209.2900,75
39301801427176,10:55:01.801,209.2900,25
39303120586536,10:55:03.120,209.2600,100
39359777326385,10:55:59.777,209.2700,7
39360700069381,10:56:00.700,209.2700,25
39361137864417,10:56:01.137,209.2700,30
39366877733625,10:56:06.877,209.3000,25
39366877733625,10:56:06.877,209.3000,75
39366877826628,10:56:06.877,209.3000,100
39366878981099,10:56:06.878,209.3400,1
39366878981099,10:56:06.878,209.3400,99
39366879007311,10:56:06.879,209.3400,1
39366879725901,10:56:06.879,209.3500,100
39366880086979,10:56:06.880,209.3500,50
39366880152940,10:56:06.880,209.3600,77
39395915175217,10:56:35.915,209.4000,100
39430663176165,10:57:10.663,209.3250,100
39430663662855,10:57:10.663,209.3250,100
39431971878891,10:57:11.971,209.3500,100
39437245789788,10:57:17.245,209.3000,1
39437245789788,10:57:17.245,209.3000,2
39437245844274,10:57:17.245,209.3000,100
39441874847729,10:57:21.874,209.3400,100
39465410854957,10:57:45.410,209.3200,40
39467226880463,10:57:47.226,209.3150,60
39474586059326,10:57:54.586,209.3000,100
39481247359723,10:58:01.247,209.3200,22
39481248016731,10:58:01.248,209.3200,78
39488246520545,10:58:08.246,209.3700,7
39520453268157,10:58:40.453,209.2850,25
39555012217521,10:59:15.012,209.2850,27
39570049951113,10:59:30.049,209.2950,81
39585107720591,10:59:45.107,209.3500,100
39588241679284,10:59:48.241,209.3600,2
39607358348865,11:00:07.358,209.3700,100
39607358348865,11:00:07.358,209.3700,100
39607358366178,11:00:07.358,209.3700,100
39607358372899,11:00:07.358,209.3700,20
39607358379621,11:00:07.358,209.3700,73
39607360054766,11:00:07.360,209.3800,100
39607360108936,11:00:07.360,209.4000,10
39607365929712,11:00:07.365,209.4700,100
39607366749627,11:00:07.366,209.4800,3
39607366749627,11:00:07.366,209.4800,100
39607366749627,11:00:07.366,209.4800,100
39607366749627,11:00:07.366,209.4800,100
39607368493442,11:00:07.368,209.5000,150
39607368493442,11:00:07.368,209.5000,100
39607368493442,11:00:07.368,209.5000,100
39607368493442,11:00:07.368,209.5000,79
39607368646856,11:00:07.368,209.5000,21
39607368646856,11:00:07.368,209.5000,79
39607368653395,11:00:07.368,209.5000,100
39607368717620,11:00:07.368,209.5000,100
39607368749829,11:00:07.368,209.5000,21
39607381639428,11:00:07.381,209.4800,19
39607709617724,11:00:07.709,209.4900,19
39613991626541,11:00:13.991,209.5400,100
39633081795506,11:00:33.081,209.4900,2
39633088290348,11:00:33.088,209.4900,2
39633088494705,11:00:33.088,209.4900,2
39633088757614,11:00:33.088,209.4900,2
39633089118976,11:00:33.089,209.4900,2
39633089576931,11:00:33.089,209.4900,2
39633089863836,11:00:33.089,209.4900,2
39633090120355,11:00:33.090,209.4900,2
39633090260338,11:00:33.090,209.4900,2
39633090434132,11:00:33.090,209.4900,2
39633090576561,11:00:33.090,209.4900,2
39633090672665,11:00:33.090,209.4900,2
39633090793849,11:00:33.090,209.4900,2
39633090941733,11:00:33.090,209.4900,2
39633091060362,11:00:33.091,209.4900,2
39633091182504,11:00:33.091,209.4900,2
39633091256695,11:00:33.091,209.4900,2
39633091443174,11:00:33.091,209.4900,2
39633091687778,11:00:33.091,209.4900,2
39633091903330,11:00:33.091,209.4900,2
39633092145172,11:00:33.092,209.4900,2
39633092277056,11:00:33.092,209.4900,2
39633092419932,11:00:33.092,209.4900,2
39633092497393,11:00:33.092,209.4900,2
39633092845731,11:00:33.092,209.4900,2
39633093067039,11:00:33.093,209.4900,2
39633093156146,11:00:33.093,209.4900,2
39633093390660,11:00:33.093,209.4900,2
39633093827988,11:00:33.093,209.4900,5
39633093837919,11:00:33.093,209.4900,2
39633093888921,11:00:33.093,209.4900,2
39633093913959,11:00:33.093,209.4900,2
39633094000665,11:00:33.094,209.4900,2
39633094070900,11:00:33.094,209.4900,2
39633094121268,11:00:33.094,209.4900,2
39633094233109,11:00:33.094,209.4900,27
39633094233109,11:00:33.094,209.4600,2
39633094233109,11:00:33.094,209.4400,90
39633094243867,11:00:33.094,209.4400,10
39633094243867,11:00:33.094,209.4400,71
39633094280126,11:00:33.094,209.4900,100
39633094547771,11:00:33.094,209.4400,29
39633423639239,11:00:33.423,209.4700,11
39655397635851,11:00:55.397,209.4200,2
39662938263315,11:01:02.938,209.5000,100
39662938874734,11:01:02.938,209.5100,100
39662950761120,11:01:02.950,209.5500,5
39662950805590,11:01:02.950,209.5500,95
39663093655816,11:01:03.093,209.5800,68
39663318127307,11:01:03.318,209.6000,9
39663396463416,11:01:03.396,209.6000,1
39663426871177,11:01:03.426,209.6350,98
39663466715738,11:01:03.466,209.6400,100
39663466715738,11:01:03.466,209.6400,100
39666853160634,11:01:06.853,209.6100,1
39666879587193,11:01:06.879,209.6100,80
39666879692879,11:01:06.879,209.6100,20
39666879692879,11:01:06.879,209.6100,1
39666879903748,11:01:06.879,209.6900,100
39666879917581,11:01:06.879,209.5800,4
39715205589031,11:01:55.205,209.6000,30
39775412780763,11:02:55.412,209.6400,20
39792948682579,11:03:12.948,209.6400,100
39792948682579,11:03:12.948,209.6400,11
39792948812106,11:03:12.948,209.6400,15
39792948818249,11:03:12.948,209.6400,15
39792948832613,11:03:12.948,209.6400,59
39792948832613,11:03:12.948,209.5800,2
39792948832613,11:03:12.948,209.5700,100
39792949560197,11:03:12.949,209.5700,50
39792950491446,11:03:12.950,209.5600,100
39800483280060,11:03:20.483,209.4900,2
39804434862071,11:03:24.434,209.5300,100
39835074204095,11:03:55.074,209.4700,21
39846340603154,11:04:06.340,209.4600,19
39883052249597,11:04:43.052,209.4700,2
39900266982642,11:05:00.266,209.4400,58
39900266982642,11:05:00.266,209.4100,42
39904671284161,11:05:04.671,209.4400,19
39910021206454,11:05:10.021,209.4400,100
39910021206454,11:05:10.021,209.4400,2
39910021289536,11:05:10.021,209.4400,28
39910021308287,11:05:10.021,209.4400,10
39910021437711,11:05:10.021,209.4400,41
39910021437711,11:05:10.021,209.4400,19
39910021437711,11:05:10.021,209.4000,2
39910021437711,11:05:10.021,209.4000,40
39910021657994,11:05:10.021,209.4000,60
39911812776519,11:05:11.812,209.4100,100
39911812776519,11:05:11.812,209.4200,100
39911813086137,11:05:11.813,209.4200,53
39911813565627,11:05:11.813,209.4300,2
39911813572761,11:05:11.813,209.4300,98
39911813572761,11:05:11.813,209.4300,2
39911813596794,11:05:11.813,209.4300,8
39949136618790,11:05:49.136,209.3450,47
39955174750599,11:05:55.174,209.3250,2
39961192098208,11:06:01.192,209.3300,51
39974968485841,11:06:14.968,209.3300,6
39974984569660,11:06:14.984,209.3300,4
39978045273035,11:06:18.045,209.3300,90
39978076937699,11:06:18.076,209.2600,20
39978076937699,11:06:18.076,209.2600,2
40015019345151,11:06:55.019,209.3050,1
40024858574435,11:07:04.858,209.3050,29
40079865821356,11:07:59.865,209.3100,1
40081865327416,11:08:01.865,209.3100,1
40089765087957,11:08:09.765,209.3100,2
40089765107324,11:08:09.765,209.3100,5
40089765110234,11:08:09.765,209.3100,10
40089765144613,11:08:09.765,209.3100,2
40089765253703,11:08:09.765,209.3100,2
40089765254520,11:08:09.765,209.3100,2
40089765261251,11:08:09.765,209.3100,1
40089765320046,11:08:09.765,209.3100,2
40089765342941,11:08:09.765,209.3100,15
40089765359907,11:08:09.765,209.3100,10
40089765395208,11:08:09.765,209.2500,2
40089765996705,11:08:09.765,209.2750,20
40089788926109,11:08:09.788,209.2750,10
40089788937343,11:08:09.788,209.2750,17
40089788937343,11:08:09.788,209.2300,83
40089830142544,11:08:09.830,209.2500,100
40110125587206,11:08:30.125,209.2350,100
40135906009519,11:08:55.906,209.2400,23
40152539502312,11:09:12.539,209.2300,29
40162739481859,11:09:22.739,209.2900,100
40166896953841,11:09:26.896,209.2350,71
40177058815920,11:09:37.058,209.2350,6
40192863258524,11:09:52.863,209.2350,4
40193879744716,11:09:53.879,209.2350,100
40195576638213,11:09:55.576,209.2350,2
40206737607809,11:10:06.737,209.2400,19
40224268266710,11:10:24.268,209.2400,37
40224269124966,11:10:24.269,209.2450,32
40225675733078,11:10:25.675,209.2500,2
40225675875970,11:10:25.675,209.2500,98
40225675875970,11:10:25.675,209.3000,112
40225676140856,11:10:25.676,209.3000,68
40225676140856,11:10:25.676,209.3000,7
40225676196749,11:10:25.676,209.3000,23
40227982045536,11:10:27.982,209.3100,38
40227982310403,11:10:27.982,209.3100,62
40231640880952,11:10:31.640,209.3000,12
40245287370066,11:10:45.287,209.2900,29
40245287453593,11:10:45.287,209.2900,29
40245287518951,11:10:45.287,209.2900,29
40245287543595,11:10:45.287,209.2900,29
40245287747343,11:10:45.287,209.2900,17
40245287764638,11:10:45.287,209.2900,15
40245293471847,11:10:45.293,209.2700,40
40245293471847,11:10:45.293,209.2300,2
40245293471847,11:10:45.293,209.2300,15
40245293471847,11:10:45.293,209.2300,43
40245388651381,11:10:45.388,209.2650,100
40255306089234,11:10:55.306,209.2650,2
40273712289071,11:11:13.712,209.2950,7
40286985469584,11:11:26.985,209.2950,91
40286985469584,11:11:26.985,209.2400,12
40286985469584,11:11:26.985,209.2400,9
40286985508087,11:11:26.985,209.2400,91
40317683549519,11:11:57.683,209.2800,100
40324399627237,11:12:04.399,209.3500,100
40337007611658,11:12:17.007,209.4500,100
40340311670231,11:12:20.311,209.4500,100
40348658192056,11:12:28.658,209.4400,51
40348658233952,11:12:28.658,209.4400,49
40382572303104,11:13:02.572,209.4900,20
40384260442435,11:13:04.260,209.4400,49
40441506797299,11:14:01.506,209.4500,3
40445256380364,11:14:05.256,209.5000,100
40445256380364,11:14:05.256,209.5000,71
40445256681393,11:14:05.256,209.5000,29
40489183157161,11:14:49.183,209.5700,100
40489183193137,11:14:49.183,209.5700,436
40489183790164,11:14:49.183,209.5700,5
40489184869459,11:14:49.184,209.5800,100
40490801253624,11:14:50.801,209.6300,49
40490804652556,11:14:50.804,209.6300,25
40490804678451,11:14:50.804,209.6300,26
40504562972467,11:15:04.562,209.6350,2
40555583723234,11:15:55.583,209.6400,2
40555583752021,11:15:55.583,209.6400,2
40560134435078,11:16:00.134,209.6400,1
40560746342044,11:16:00.746,209.6400,2
40560746630696,11:16:00.746,209.6400,93
40572360370258,11:16:12.360,209.6000,29
40580170862777,11:16:20.170,209.6000,98
40585656816647,11:16:25.656,209.6000,100
40585656816647,11:16:25.656,209.6000,3
40585656932546,11:16:25.656,209.6000,69
40585656932546,11:16:25.656,209.5800,15
40585656932546,11:16:25.656,209.5600,1
40585656932546,11:16:25.656,209.5600,18
40585656937129,11:16:25.656,209.5600,82
40585656937129,11:16:25.656,209.5600,2
40644520673308,11:17:24.520,209.4900,15
40644624136884,11:17:24.624,209.4900,12
40646256479843,11:17:26.256,209.5500,14
40646256479843,11:17:26.256,209.5500,9
40647329164142,11:17:27.329,209.4900,9
40650680055453,11:17:30.680,209.4900,64
40650680055453,11:17:30.680,209.4500,36
40705717828600,11:18:25.717,209.4900,2
40705717992226,11:18:25.717,209.4900,15
40705717993510,11:18:25.717,209.4900,15
40705718376398,11:18:25.718,209.4900,10
40705718377702,11:18:25.718,209.4900,5
40705718399699,11:18:25.718,209.4900,2
40705718575583,11:18:25.718,209.4900,10
40705718576759,11:18:25.718,209.4900,15
40705718610309,11:18:25.718,209.4900,15
40705718999351,11:18:25.718,209.4850,11
40728370367063,11:18:48.370,209.5000,10
40728370996038,11:18:48.370,209.5400,8
40728371002020,11:18:48.371,209.5400,92
40728371002020,11:18:48.371,209.5400,8
40728372529392,11:18:48.372,209.5400,1
40748836315004,11:19:08.836,209.5050,20
40757432517710,11:19:17.432,209.5050,5
40757432833755,11:19:17.432,209.5050,2
40768778106526,11:19:28.778,209.5050,2
40769280056002,11:19:29.280,209.5050,2
40769317049508,11:19:29.317,209.5050,2
40769317742630,11:19:29.317,209.5050,2
40769357665491,11:19:29.357,209.5050,2
40769357856696,11:19:29.357,209.5050,2
40769357926251,11:19:29.357,209.5050,2
40769539200212,11:19:29.539,209.5050,2
40769539494380,11:19:29.539,209.5050,2
40769569748261,11:19:29.569,209.5050,2
40769569873266,11:19:29.569,209.5050,2
40769570090298,11:19:29.570,209.5050,2
40769577954170,11:19:29.577,209.5050,2
40769578667023,11:19:29.578,209.5050,2
40769625091675,11:19:29.625,209.5050,2
40769625311973,11:19:29.625,209.5050,2
40769625443216,11:19:29.625,209.5050,2
40770521133569,11:19:30.521,209.5050,2
40771956955708,11:19:31.956,209.5050,2
40773158655976,11:19:33.158,209.5050,2
40779696712327,11:19:39.696,209.5050,2
40782038330271,11:19:42.038,209.5050,2
40783562113490,11:19:43.562,209.5050,2
40784984325715,11:19:44.984,209.5050,27
40784984403194,11:19:44.984,209.4900,2
40784984968414,11:19:44.984,209.5050,100
40784985445269,11:19:44.985,209.4600,100
40792448700681,11:19:52.448,209.5200,7
40810938927399,11:20:10.938,209.5200,81
40810955072285,11:20:10.955,209.5400,100
40810955554240,11:20:10.955,209.5400,9
40810955554240,11:20:10.955,209.5500,10
40810955554240,11:20:10.955,209.5500,100
40821673369181,11:20:21.673,209.5400,8
40823273425764,11:20:23.273,209.5400,92
40823273425764,11:20:23.273,209.5400,100
40828555176357,11:20:28.555,209.5350,100
40833867278071,11:20:33.867,209.5350,100
40833867278071,11:20:33.867,209.4700,3
40833867307195,11:20:33.867,209.5350,100
40833867468835,11:20:33.867,209.4700,97
40833867468835,11:20:33.867,209.4700,2
40833867468835,11:20:33.867,209.4700,1
40833871895460,11:20:33.871,209.4400,5
40897605086127,11:21:37.605,209.4800,1
40900828431312,11:21:40.828,209.4800,9
40923231673977,11:22:03.231,209.5200,65
40923231673977,11:22:03.231,209.5300,35
40923231839980,11:22:03.231,209.5300,65
40930229704928,11:22:10.229,209.5400,90
40931897770658,11:22:11.897,209.5400,100
40931897770658,11:22:11.897,209.5400,100
40937986077155,11:22:17.986,209.4900,1
40937986185125,11:22:17.986,209.5400,100
40937986209233,11:22:17.986,209.4800,1
40965020073783,11:22:45.020,209.5350,25
40966258229002,11:22:46.258,209.5350,75
40966258229002,11:22:46.258,209.5350,100
40966292379668,11:22:46.292,209.4900,55
40966292405949,11:22:46.292,209.4900,45
40982866236831,11:23:02.866,209.4800,18
40985019071869,11:23:05.019,209.4800,25
41004996459187,11:23:24.996,209.4650,57
41004996459187,11:23:24.996,209.4300,43
41004996485913,11:23:24.996,209.4300,57
41008700826155,11:23:28.700,209.4000,100
41008701157514,11:23:28.701,209.4000,50
41008701344488,11:23:28.701,209.4000,100
41008701455175,11:23:28.701,209.3900,100
41008701466109,11:23:28.701,209.3800,94
41008701529303,11:23:28.701,209.3800,6
41008702765475,11:23:28.702,209.3800,30
41009202409088,11:23:29.202,209.4000,18
41060709593388,11:24:20.709,209.4150,100
41090890473250,11:24:50.890,209.4350,42
41094522064855,11:24:54.522,209.4600,1
41094522064855,11:24:54.522,209.4900,14
41110378993416,11:25:10.378,209.4350,1
41110382063739,11:25:10.382,209.4350,2
41110382161587,11:25:10.382,209.4350,1
41110382185773,11:25:10.382,209.4350,1
41110382255834,11:25:10.382,209.4350,1
41110382350543,11:25:10.382,209.4350,10
41110382352927,11:25:10.382,209.4350,1
41110382353564,11:25:10.382,209.4350,5
41110382468018,11:25:10.382,209.4350,1
41110382551883,11:25:10.382,209.4350,34
41110382584574,11:25:10.382,209.4350,1
41110382672242,11:25:10.382,209.4000,1
41110385504355,11:25:10.385,209.4350,100
41110385516196,11:25:10.385,209.4000,16
41186565226837,11:26:26.565,209.4100,100
41232123392058,11:27:12.123,209.3950,25
41242882089202,11:27:22.882,209.3800,10
41243521056458,11:27:23.521,209.4100,100
41247329707785,11:27:27.329,209.4300,100
41247329707785,11:27:27.329,209.4300,68
41300203432656,11:28:20.203,209.3600,1
41300203432656,11:28:20.203,209.3600,100
41300203732420,11:28:20.203,209.3900,100
41300203732420,11:28:20.203,209.3700,1
41300203757633,11:28:20.203,209.3900,100
41300203757633,11:28:20.203,209.3600,93
41300203772772,11:28:20.203,209.3700,15
41300203794275,11:28:20.203,209.3700,85
41300203794275,11:28:20.203,209.3600,7
41300203794275,11:28:20.203,209.3600,15
41300203795464,11:28:20.203,209.3600,6
41300203824781,11:28:20.203,209.3600,79
41300203824781,11:28:20.203,209.3600,33
41300203937030,11:28:20.203,209.3700,100
41300203937030,11:28:20.203,209.3600,6
41300204072962,11:28:20.204,209.3700,28
41300204081540,11:28:20.204,209.3700,72
41300204081540,11:28:20.204,209.3600,50
41300204081540,11:28:20.204,209.3600,50
41300204140407,11:28:20.204,209.3700,100
41300205659448,11:28:20.205,209.3800,93
41300205699386,11:28:20.205,209.3800,7
41300205725357,11:28:20.205,209.3800,78
41300205750772,11:28:20.205,209.3800,5
41300205758618,11:28:20.205,209.3800,7
41300205776864,11:28:20.205,209.3800,4
41300205782913,11:28:20.205,209.3800,69
41300210201197,11:28:20.210,209.4300,100
41300211996625,11:28:20.211,209.3900,88
41300457760393,11:28:20.457,209.4600,100
41300458066803,11:28:20.458,209.4900,3
41300940497896,11:28:20.940,209.5300,100
41304085327271,11:28:24.085,209.5500,100
41304085379906,11:28:24.085,209.5600,3
41304085379906,11:28:24.085,209.5600,100
41304984643465,11:28:24.984,209.5900,14
41304984643465,11:28:24.984,209.5900,3
41307652021785,11:28:27.652,209.5650,25
41309622551397,11:28:29.622,209.6000,3
41312628844035,11:28:32.628,209.6500,2
41312629174971,11:28:32.629,209.6700,60
41312629202796,11:28:32.629,209.6700,40
41312630215308,11:28:32.630,209.7000,50
41312630244956,11:28:32.630,209.7200,50
41312635307123,11:28:32.635,209.7300,14
41315560065202,11:28:35.560,209.7700,9
41315560065202,11:28:35.560,209.7800,25
41315560065202,11:28:35.560,209.8000,11
41315560065202,11:28:35.560,209.8000,55
41315560564130,11:28:35.560,209.7800,14
41343820429636,11:29:03.820,209.7400,5
41359965449179,11:29:19.965,209.7600,19
41360288107443,11:29:20.288,209.7800,15
41360288107443,11:29:20.288,209.7900,15
41360288107443,11:29:20.288,209.8000,45
41360288107443,11:29:20.288,209.8000,5
41360288107443,11:29:20.288,209.8000,15
41360288107443,11:29:20.288,209.8000,105
41362755884959,11:29:22.755,209.7250,70
41362755884959,11:29:22.755,209.7250,100
41362755884959,11:29:22.755,209.6800,28
41362755911611,11:29:22.755,209.6800,70
41362755911611,11:29:22.755,209.6800,36
41362756021949,11:29:22.756,209.6800,64
41362757776479,11:29:22.757,209.6800,20
41373165040078,11:29:33.165,209.7200,15
41439234606529,11:30:39.234,209.6650,20
41439235269825,11:30:39.235,209.6600,80
41439235269825,11:30:39.235,209.6600,100
41439235269825,11:30:39.235,209.6000,37
41439235722121,11:30:39.235,209.6000,63
41439235722121,11:30:39.235,209.6000,1
41439235722121,11:30:39.235,209.6000,16
41439235722121,11:30:39.235,209.6000,100
41439816583963,11:30:39.816,209.5300,19
41451533559572,11:30:51.533,209.6500,100
41451541910871,11:30:51.541,209.6600,100
41484917055181,11:31:24.917,209.5800,52
41508095094076,11:31:48.095,209.6500,100
41508095094076,11:31:48.095,209.6500,100
41508095094076,11:31:48.095,209.6500,200
41508095566386,11:31:48.095,209.6600,99
41508095572417,11:31:48.095,209.6600,1
41508111383618,11:31:48.111,209.7300,100
41508111383618,11:31:48.111,209.7300,100
41520310046287,11:32:00.310,209.6750,48
41520310046287,11:32:00.310,209.6750,100
41531512696668,11:32:11.512,209.6750,43
41553532131129,11:32:33.532,209.6700,1
41553532265725,11:32:33.532,209.6700,22
41553532266406,11:32:33.532,209.6700,1
41553532267438,11:32:33.532,209.6700,22
41553532273553,11:32:33.532,209.6700,2
41553532277848,11:32:33.532,209.6700,9
41553532365482,11:32:33.532,209.6100,1
41553532977023,11:32:33.532,209.6200,1
41553533117746,11:32:33.533,209.6100,11
41553533144928,11:32:33.533,209.6100,4
41553533145425,11:32:33.533,209.6100,1
41553533163216,11:32:33.533,209.6100,4
41553533163216,11:32:33.533,209.6100,1
41553533178688,11:32:33.533,209.6100,19
41553538573046,11:32:33.538,209.5300,5
41556555677168,11:32:36.555,209.6400,4
41566540949976,11:32:46.540,209.6900,17
41566541422353,11:32:46.541,209.7000,100
41566562253005,11:32:46.562,209.7300,100
41566562253005,11:32:46.562,209.7400,100
41582942048062,11:33:02.942,209.7500,50
41582942048062,11:33:02.942,209.7500,50
41582973103989,11:33:02.973,209.7800,16
41582973103989,11:33:02.973,209.8000,84
41582973399400,11:33:02.973,209.8000,16
41582973399400,11:33:02.973,209.8000,1
41613797962780,11:33:33.797,209.8000,100
41613797994588,11:33:33.797,209.8000,135
41613798314917,11:33:33.798,209.8000,11
41613798745784,11:33:33.798,209.8100,100
41613799786904,11:33:33.799,209.8200,16
41613887024125,11:33:33.887,209.8400,100
41627168158329,11:33:47.168,209.9000,16
41627169295213,11:33:47.169,209.9100,23
41627169328858,11:33:47.169,209.9100,77
41627169328858,11:33:47.169,209.9100,100
41627170887473,11:33:47.170,209.9200,23
41627170923043,11:33:47.170,209.9200,31
41627170935067,11:33:47.170,209.9200,46
41627220194116,11:33:47.220,209.9400,100
41635173054686,11:33:55.173,209.9700,1
41636721408004,11:33:56.721,209.9900,15
41636721408004,11:33:56.721,209.9900,66
41636721408004,11:33:56.721,209.9900,19
41644759519122,11:34:04.759,209.9600,19
41649861084369,11:34:09.861,210.0000,42
41649861084369,11:34:09.861,210.0000,58
41652009932760,11:34:12.009,209.9600,84
41653844683838,11:34:13.844,210.0000,100
41653844813699,11:34:13.844,210.0000,100
41653844903792,11:34:13.844,210.0000,100
41653844903792,11:34:13.844,210.0000,72
41653844958112,11:34:13.844,210.0000,100
41653845136134,11:34:13.845,210.0000,100
41653845152270,11:34:13.845,210.0000,67
41653845229539,11:34:13.845,210.0000,5
41653845252789,11:34:13.845,210.0000,95
41653845255440,11:34:13.845,210.0000,95
41653845301815,11:34:13.845,210.0000,100
41653845370616,11:34:13.845,210.0000,100
41653848503535,11:34:13.848,210.0000,100
41653848586936,11:34:13.848,210.0000,41
41653848612714,11:34:13.848,210.0000,18
41653848631796,11:34:13.848,210.0000,41
41653848631796,11:34:13.848,210.0000,18
41653848638036,11:34:13.848,210.0000,23
41653848659817,11:34:13.848,210.0000,34
41653848679339,11:34:13.848,210.0000,2
41653848705714,11:34:13.848,210.0000,12
41653848741865,11:34:13.848,210.0000,11
41653848741865,11:34:13.848,210.0000,89
41653848838405,11:34:13.848,210.0000,11
41653848838405,11:34:13.848,210.0000,89
41653849528550,11:34:13.849,210.0000,11
41653849528550,11:34:13.849,210.0000,89
41653857557930,11:34:13.857,210.0000,11
41653857557930,11:34:13.857,210.0000,100
41653857557930,11:34:13.857,210.0000,489
41653859162820,11:34:13.859,210.0000,100
41653859162820,11:34:13.859,210.0000,25
41653859162820,11:34:13.859,210.0000,75
41654460758474,11:34:14.460,209.9600,1
41654460922746,11:34:14.460,209.9600,1
41654461358863,11:34:14.461,209.9600,1
41654470442773,11:34:14.470,210.0000,100
41654470442773,11:34:14.470,210.0000,100
41654748891118,11:34:14.748,210.0000,100
41655854133694,11:34:15.854,210.0000,100
41655854234445,11:34:15.854,210.0000,100
41655854545272,11:34:15.854,210.0000,100
41655886347445,11:34:15.886,209.9600,3
41656653172840,11:34:16.653,210.0000,70
41657784303925,11:34:17.784,209.9550,2
41657784818531,11:34:17.784,209.9500,2
41657785163802,11:34:17.785,209.9500,2
41657785510068,11:34:17.785,209.9500,2
41657785877451,11:34:17.785,209.9500,2
41657786222878,11:34:17.786,209.9500,2
41657786566997,11:34:17.786,209.9500,2
41657786911974,11:34:17.786,209.9500,2
41657787259203,11:34:17.787,209.9500,2
41657787604948,11:34:17.787,209.9500,2
41657787949961,11:34:17.787,209.9500,2
41657788293204,11:34:17.788,209.9500,2
41657788638008,11:34:17.788,209.9500,2
41657788983995,11:34:17.788,209.9500,2
41657789331455,11:34:17.789,209.9500,2
41657789678031,11:34:17.789,209.9500,2
41657790022795,11:34:17.790,209.9500,2
41657790367833,11:34:17.790,209.9500,2
41657790712591,11:34:17.790,209.9500,2
41657791059071,11:34:17.791,209.9500,2
41657791403423,11:34:17.791,209.9500,2
41657791748084,11:34:17.791,209.9500,2
41657792094520,11:34:17.792,209.9500,2
41657792439346,11:34:17.792,209.9500,2
41657792786358,11:34:17.792,209.9500,2
41657793130907,11:34:17.793,209.9500,2
41657793475506,11:34:17.793,209.9500,2
41657793819919,11:34:17.793,209.9500,2
41657794166180,11:34:17.794,209.9500,1
41657794166180,11:34:17.794,209.9200,1
41657794194687,11:34:17.794,209.9200,1
41657794683733,11:34:17.794,209.9450,100
41657794683733,11:34:17.794,209.9100,100
41657794743513,11:34:17.794,209.9100,100
41657807086286,11:34:17.807,209.9600,100
41657807086286,11:34:17.807,209.9800,100
41695008773213,11:34:55.008,209.9050,2
41715795071335,11:35:15.795,209.9000,98
41715795071335,11:35:15.795,209.9000,100
41715799933273,11:35:15.799,209.8300,4
41715800371579,11:35:15.800,209.8200,100
41766025497410,11:36:06.025,209.8050,9
41778558238007,11:36:18.558,209.8000,76
41779760256443,11:36:19.760,209.8000,5
41789220294208,11:36:29.220,209.8000,10
41789220294208,11:36:29.220,209.7400,69
41789220324338,11:36:29.220,209.7400,31
41789220324338,11:36:29.220,209.7400,1
41789220708665,11:36:29.220,209.7950,100
41789220973327,11:36:29.220,209.6800,4
41794022565412,11:36:34.022,209.7200,70
41796272138440,11:36:36.272,209.7200,14
41800054419215,11:36:40.054,209.7100,30
41800054419215,11:36:40.054,209.7100,100
41818136268470,11:36:58.136,209.7200,100
41864754256602,11:37:44.754,209.6500,7
41865838176821,11:37:45.838,209.6500,5
41875706882819,11:37:55.706,209.6500,21
41897829192181,11:38:17.829,209.6500,7
41901515810936,11:38:21.515,209.6500,60
41958661287056,11:39:18.661,209.7000,100
41958661342425,11:39:18.661,209.7000,79
41958661342425,11:39:18.661,209.7000,21
41958663475961,11:39:18.663,209.7000,51
41958663753842,11:39:18.663,209.7000,28
41958663753842,11:39:18.663,209.7000,9
41966900484469,11:39:26.900,209.7600,100
41998745863945,11:39:58.745,209.8000,50
42022203937227,11:40:22.203,209.8300,1
42022203937227,11:40:22.203,209.8300,9
42022205468294,11:40:22.205,209.8500,1
42022205496189,11:40:22.205,209.8500,99
42022234652519,11:40:22.234,209.8700,100
42030101232908,11:40:30.101,209.9400,100
42030101232908,11:40:30.101,209.9500,100
42038880716745,11:40:38.880,209.9400,100
42045452909878,11:40:45.452,209.9400,100
42062556362761,11:41:02.556,209.9300,100
42062557790307,11:41:02.557,209.9900,100
42062557819083,11:41:02.557,210.0000,30
42062557819083,11:41:02.557,210.0000,100
42062558291907,11:41:02.558,210.0000,100
42062558382502,11:41:02.558,210.0000,100
42062558492954,11:41:02.558,210.0000,100
42062558499234,11:41:02.558,210.0000,100
42062558848840,11:41:02.558,210.0000,15
42062559460360,11:41:02.559,209.9900,100
42062559460360,11:41:02.559,210.0000,85
42062559460360,11:41:02.559,210.0000,100
42062559460360,11:41:02.559,210.0000,9
42062559460360,11:41:02.559,210.0000,3106
42062578945883,11:41:02.578,209.9800,100
42062578945883,11:41:02.578,210.0000,100
42062578945883,11:41:02.578,210.0000,300
42062580954261,11:41:02.580,210.0000,95
42071102396496,11:41:11.102,209.9350,100
42076383171706,11:41:16.383,209.9800,5
42076383171706,11:41:16.383,210.0000,5
42076383171706,11:41:16.383,210.0000,90
42076682873029,11:41:16.682,210.0000,10
42076682873029,11:41:16.682,210.0000,100
42076682873029,11:41:16.682,210.0000,115
42076695982265,11:41:16.695,209.9900,100
42081601643547,11:41:21.601,210.0000,100
42081601643547,11:41:21.601,210.0000,57
42086971321283,11:41:26.971,210.0000,43
42086971321283,11:41:26.971,210.0000,100
42086971321283,11:41:26.971,210.0000,12
42086971321283,11:41:26.971,210.0000,45
42086984818222,11:41:26.984,210.0000,55
42086984818222,11:41:26.984,210.0000,9
42086984818222,11:41:26.984,210.0000,36
42109112843685,11:41:49.112,209.9500,5
42114041228415,11:41:54.041,210.0000,64
42114041228415,11:41:54.041,210.0000,15
42114041639451,11:41:54.041,210.0000,85
42114041639451,11:41:54.041,210.0000,100
42114041715328,11:41:54.041,210.0000,100
42114041730881,11:41:54.041,210.0000,100
42114055751944,11:41:54.055,210.0000,100
42114055751944,11:41:54.055,210.0000,400
42114056742794,11:41:54.056,210.0000,100
42114056742794,11:41:54.056,210.0000,800
42114056988533,11:41:54.056,210.0000,100
42120089166493,11:42:00.089,210.0000,81
42122160798268,11:42:02.160,210.1100,30
42138938791498,11:42:18.938,210.1100,100
42167041843496,11:42:47.041,210.1200,197
42167041872989,11:42:47.041,210.1200,53
42167041872989,11:42:47.041,210.1200,9
42167044144698,11:42:47.044,210.1900,100
42167044144698,11:42:47.044,210.1900,100
42167057247895,11:42:47.057,210.1900,9
42167057247895,11:42:47.057,210.2100,10
42167057247895,11:42:47.057,210.2400,100
42167057247895,11:42:47.057,210.2400,81
42167059874543,11:42:47.059,210.2400,19
42167097483721,11:42:47.097,210.2500,20
42180579250580,11:43:00.579,210.1700,74
42180579345041,11:43:00.579,210.1700,12
42180579430120,11:43:00.579,210.1700,14
42180579430120,11:43:00.579,210.1700,1
42180579718456,11:43:00.579,210.2000,100
42180597193593,11:43:00.597,210.1450,100
42180597715567,11:43:00.597,210.0700,100
42180610887931,11:43:00.610,210.1000,100
42189371403281,11:43:09.371,210.0600,47
42189381790638,11:43:09.381,210.1250,100
42200370040287,11:43:20.370,210.0700,100
42200370040287,11:43:20.370,210.0700,63
42200370374201,11:43:20.370,210.0700,18
42200370418434,11:43:20.370,210.0700,3
42200391954379,11:43:20.391,210.0700,16
42200404029914,11:43:20.404,210.0600,18
42200404055383,11:43:20.404,210.0600,16
42200404346347,11:43:20.404,210.0600,29
42200404346347,11:43:20.404,210.0600,100
42214434549158,11:43:34.434,210.1000,100
42214465513981,11:43:34.465,210.0600,100
42214471104968,11:43:34.471,210.0300,100
42248014388257,11:44:08.014,209.9800,14
42248016916804,11:44:08.016,209.9800,14
42248017250191,11:44:08.017,209.9800,43
42248017250191,11:44:08.017,209.9800,1
42255816031928,11:44:15.816,209.9700,100
42255816031928,11:44:15.816,209.9700,129
42255816031928,11:44:15.816,209.9700,100
42257109979390,11:44:17.109,209.9600,5
42257601693900,11:44:17.601,209.9700,100
42258479572207,11:44:18.479,209.9700,84
42258479607687,11:44:18.479,209.9700,16
42262484015650,11:44:22.484,209.9700,100
42263464708625,11:44:23.464,210.0400,100
42269463051688,11:44:29.463,210.0600,30
42269463950754,11:44:29.463,210.0600,10
42269744020856,11:44:29.744,210.0600,40
42269744020856,11:44:29.744,210.0800,60
42269744048681,11:44:29.744,210.0800,40
42289200540457,11:44:49.200,210.0400,1
42310198252497,11:45:10.198,210.1600,100
42310199275559,11:45:10.199,210.2000,5
42310199324638,11:45:10.199,210.2200,100
42310225947046,11:45:10.225,210.1300,1
42320055776099,11:45:20.055,210.2000,20
42320055776099,11:45:20.055,210.2000,27
42320055966564,11:45:20.055,210.2100,100
42320067024819,11:45:20.067,210.1300,3
42320081606513,11:45:20.081,210.2000,2
42320090405702,11:45:20.090,210.2000,100
42320950057454,11:45:20.950,210.2400,3
42320950057454,11:45:20.950,210.2500,97
42320950548607,11:45:20.950,210.2500,3
42320950548607,11:45:20.950,210.2500,2
42320952081851,11:45:20.952,210.2600,100
42320959778984,11:45:20.959,210.2600,3
42323477071755,11:45:23.477,210.2900,13
42324501064825,11:45:24.501,210.2900,87
42327053689851,11:45:27.053,210.3300,100
42327053689851,11:45:27.053,210.3300,2
42327053689851,11:45:27.053,210.3300,15
42328081615914,11:45:28.081,210.3300,100
42329778202344,11:45:29.778,210.2600,27
42331939280458,11:45:31.939,210.2800,100
42392206324734,11:46:32.206,210.3100,100
42392207417946,11:46:32.207,210.3200,100
42395020284521,11:46:35.020,210.3000,100
42421858961657,11:47:01.858,210.2800,1
42421859265984,11:47:01.859,210.3550,100
42421859507968,11:47:01.859,210.2800,3
42422636128362,11:47:02.636,210.3900,100
42468708642128,11:47:48.708,210.4700,99
42468708669691,11:47:48.708,210.4700,1
42470019840143,11:47:50.019,210.4900,3
42470421866636,11:47:50.421,210.5700,28
42470421866636,11:47:50.421,210.5700,9
42470421866636,11:47:50.421,210.5800,4
42470421941421,11:47:50.421,210.5700,97
42470422172759,11:47:50.422,210.5800,96
42470422172759,11:47:50.422,210.5800,200
42470422196727,11:47:50.422,210.5700,40
42472498765463,11:47:52.498,210.6000,100
42472498765463,11:47:52.498,210.6000,1
42479942233145,11:47:59.942,210.6400,1
42479942233145,11:47:59.942,210.6400,27
42479960616416,11:47:59.960,210.6200,23
42479960616416,11:47:59.960,210.6200,20
42479960616416,11:47:59.960,210.6300,15
42479960616416,11:47:59.960,210.6400,100
42479960616416,11:47:59.960,210.6400,100
42479960616416,11:47:59.960,210.6400,100
42479960616416,11:47:59.960,210.6400,1
42479960616416,11:47:59.960,210.6400,141
42508797816312,11:48:28.797,210.5700,15
42511362560305,11:48:31.362,210.5100,1
42511364115920,11:48:31.364,210.4800,100
42512962117352,11:48:32.962,210.4900,17
42542205648656,11:49:02.205,210.4700,5
42542205648656,11:49:02.205,210.5200,100
42542205648656,11:49:02.205,210.5300,100
42542205648656,11:49:02.205,210.5300,95
42580026155053,11:49:40.026,210.5400,100
42580026155053,11:49:40.026,210.4700,25
42580026552207,11:49:40.026,210.5000,18
42607228114502,11:50:07.228,210.5900,1
42607228114502,11:50:07.228,210.5900,100
42607228114502,11:50:07.228,210.6000,199
42607228428220,11:50:07.228,210.6000,1
42607730819476,11:50:07.730,210.6100,1
42607730819476,11:50:07.730,210.6100,16
42607730819476,11:50:07.730,210.6100,2
42631976791566,11:50:31.976,210.4700,66
42631991915007,11:50:31.991,210.4700,34
42660218344209,11:51:00.218,210.5800,15
42660218344209,11:51:00.218,210.5800,85
42668211833122,11:51:08.211,210.4600,35
42682550701444,11:51:22.550,210.5800,10
42682550701444,11:51:22.550,210.5800,5
42682550701444,11:51:22.550,210.5900,17
42704622291826,11:51:44.622,210.5000,100
42704934406537,11:51:44.934,210.3700,100
42704934973759,11:51:44.934,210.3600,100
42704936038603,11:51:44.936,210.3400,100
42705119895506,11:51:45.119,210.3700,100
42734677407270,11:52:14.677,210.4000,100
42734677479025,11:52:14.677,210.4000,100
42734677479025,11:52:14.677,210.4600,91
42734677505238,11:52:14.677,210.4600,9
42734677505238,11:52:14.677,210.4700,190
42734677505238,11:52:14.677,210.4700,1
42734677505238,11:52:14.677,210.4700,91
42734677536104,11:52:14.677,210.4700,9
42734677884853,11:52:14.677,210.4700,52
42734677938592,11:52:14.677,210.4700,48
42736525151528,11:52:16.525,210.4600,100
42741668294137,11:52:21.668,210.3700,10
42773705486154,11:52:53.705,210.3800,77
42773705517027,11:52:53.705,210.3800,23
42778966324592,11:52:58.966,210.4700,50
42780258335077,11:53:00.258,210.5300,20
42780258335077,11:53:00.258,210.5300,8
42780258335077,11:53:00.258,210.5300,10
42780258335077,11:53:00.258,210.5400,62
42780258365088,11:53:00.258,210.5400,38
42780258521277,11:53:00.258,210.5500,100
42782338796196,11:53:02.338,210.5700,15
42782338796196,11:53:02.338,210.6100,79
42804272057232,11:53:24.272,210.5600,21
42804272057232,11:53:24.272,210.5600,13
42834680612481,11:53:54.680,210.6200,100
42834680612481,11:53:54.680,210.6200,15
42834680612481,11:53:54.680,210.6200,85
42834682460127,11:53:54.682,210.6200,15
42834685815673,11:53:54.685,210.6200,100
42836036559510,11:53:56.036,210.6300,100
42836063232386,11:53:56.063,210.6500,100
42840026613357,11:54:00.026,210.6500,14
42873333451478,11:54:33.333,210.6400,100
42873333451478,11:54:33.333,210.6400,45
42873333480031,11:54:33.333,210.6400,55
42875019815106,11:54:35.019,210.5200,1
42894663268076,11:54:54.663,210.5400,5
42910029304338,11:55:10.029,210.6700,1
42910032604229,11:55:10.032,210.6700,5
42910032604229,11:55:10.032,210.6700,3
42910032604229,11:55:10.032,210.7100,89
42951234859369,11:55:51.234,210.5500,18
42955275057162,11:55:55.275,210.6250,100
42998243517911,11:56:38.243,210.5500,1
43010609339536,11:56:50.609,210.5800,55
43040765563083,11:57:20.765,210.6000,10
43048415883452,11:57:28.415,210.6000,1
43079249130325,11:57:59.249,210.6700,1
43079249130325,11:57:59.249,210.6700,99
43139330228683,11:58:59.330,210.6800,26
43139330260569,11:58:59.330,210.6900,200
43139330260569,11:58:59.330,210.6900,100
43139330260569,11:58:59.330,210.6900,100
43139330260569,11:58:59.330,210.6900,100
43139331077220,11:58:59.331,210.7000,100
43139331106314,11:58:59.331,210.7000,10
43139331106314,11:58:59.331,210.7000,100
43139331106314,11:58:59.331,210.7000,1
43139331106314,11:58:59.331,210.7000,93
43139360353886,11:58:59.360,210.6500,1
43149244859878,11:59:09.244,210.6500,1
43157269778058,11:59:17.269,210.7500,1
43157269778058,11:59:17.269,210.7500,99
43166235349011,11:59:26.235,210.7500,100
43174303591757,11:59:34.303,210.7500,1
43174303591757,11:59:34.303,210.7600,1
43174303591757,11:59:34.303,210.8300,30
43197162048114,11:59:57.162,210.8700,1
43197162048114,11:59:57.162,210.8700,10
43197162048114,11:59:57.162,210.8700,89
43197162298982,11:59:57.162,210.8700,11
43217690761161,12:00:17.690,210.8150,100
43225758300856,12:00:25.758,210.7500,100
43225758300856,12:00:25.758,210.7500,1
43225758300856,12:00:25.758,210.7500,99
43225758300856,12:00:25.758,210.7500,100
43248940382645,12:00:48.940,210.6300,100
43292280189128,12:01:32.280,210.6400,100
43292280549945,12:01:32.280,210.6400,100
43292280692253,12:01:32.280,210.6500,100
43292282864188,12:01:32.282,210.6600,100
43292295065557,12:01:32.295,210.6600,100
43292295065557,12:01:32.295,210.6600,4
43292299938761,12:01:32.299,210.6700,1
43292299938761,12:01:32.299,210.6700,62
43300735219039,12:01:40.735,210.6550,100
43301503795569,12:01:41.503,210.6900,100
43301504069496,12:01:41.504,210.7000,100
43301504885535,12:01:41.504,210.7100,32
43338734713166,12:02:18.734,210.6900,5
43338734713166,12:02:18.734,210.7500,100
43338734713166,12:02:18.734,210.7500,195
43338735002981,12:02:18.735,210.7500,5
43338736528698,12:02:18.736,210.7600,100
43338736684795,12:02:18.736,210.7600,1
43338737250610,12:02:18.737,210.7800,100
43351120259208,12:02:31.120,210.7800,3
43354265554729,12:02:34.265,210.8500,100
43356860860568,12:02:36.860,210.8500,100
43356865332569,12:02:36.865,210.8450,100
43427539202120,12:03:47.539,210.8400,100
43491032871790,12:04:51.032,210.8400,100
43503728510650,12:05:03.728,210.7900,10
43531502935587,12:05:31.502,210.7400,100
43531503747575,12:05:31.503,210.7200,100
43531519113141,12:05:31.519,210.7700,50
43531519113141,12:05:31.519,210.7800,50
43531942432717,12:05:31.942,210.7200,50
43533848067693,12:05:33.848,210.6900,100
43533849533801,12:05:33.849,210.6500,100
43533850395231,12:05:33.850,210.6400,8
43551292739498,12:05:51.292,210.4600,10
43554288861017,12:05:54.288,210.3600,18
43554288861017,12:05:54.288,210.3600,18
43557268834152,12:05:57.268,210.4100,100
43572271214188,12:06:12.271,210.4200,100
43572271241850,12:06:12.271,210.4300,4
43572271263717,12:06:12.271,210.4300,46
43572271263717,12:06:12.271,210.4300,2
43572271730752,12:06:12.271,210.4400,100
43572272958586,12:06:12.272,210.4500,100
43572274028616,12:06:12.274,210.4300,1
43572274109100,12:06:12.274,210.4500,2
43572277822531,12:06:12.277,210.5200,100
43609450850374,12:06:49.450,210.6500,100
43609451176761,12:06:49.451,210.6600,100
43609452722491,12:06:49.452,210.7100,60
43649739321621,12:07:29.739,210.7100,100
43709876000621,12:08:29.876,210.7500,34
43709876000621,12:08:29.876,210.7700,100
43709876000621,12:08:29.876,210.7800,8
43709876000621,12:08:29.876,210.7800,55
43709876000621,12:08:29.876,210.8200,1
43709876000621,12:08:29.876,210.8200,2
43735064113745,12:08:55.064,210.7300,11
43744143996071,12:09:04.143,210.7800,6
43744146243581,12:09:04.146,210.8200,100
43744146243581,12:09:04.146,210.8200,100
43744146571321,12:09:04.146,210.7800,5
43744146700385,12:09:04.146,210.7800,18
43746907333269,12:09:06.907,210.8200,62
43756131237650,12:09:16.131,210.8200,3
43776661348132,12:09:36.661,210.8500,100
43776661348132,12:09:36.661,210.8200,35
43776661348132,12:09:36.661,210.8200,65
43776661690907,12:09:36.661,210.8200,35
43776661690907,12:09:36.661,210.8200,38
43776661697411,12:09:36.661,210.8200,62
43801004494810,12:10:01.004,210.7400,100
43813491471750,12:10:13.491,210.8700,1
43813491471750,12:10:13.491,210.8700,9
43813491797178,12:10:13.491,210.8800,1
43813493099778,12:10:13.493,210.9000,1
43814460566111,12:10:14.460,210.9300,2
43814463319464,12:10:14.463,210.9400,42
43814463344486,12:10:14.463,210.9400,13
43818744145413,12:10:18.744,210.8700,1
43862450527261,12:11:02.450,210.9800,1
43862450527261,12:11:02.450,210.9900,1
43862450527261,12:11:02.450,210.9900,98
43862450847739,12:11:02.450,210.9900,2
43862450909751,12:11:02.450,211.0000,100
43862641868034,12:11:02.641,211.0600,100
43905178330254,12:11:45.178,211.0000,100
43905203065152,12:11:45.203,210.9800,50
43905203141850,12:11:45.203,210.9700,46
43930018843125,12:12:10.018,211.0000,5
43930018889371,12:12:10.018,211.0000,5
43930018914282,12:12:10.018,211.0000,5
43930018918899,12:12:10.018,211.0000,35
43930018918899,12:12:10.018,211.0000,10
43930018918899,12:12:10.018,211.0000,10
43997108061842,12:13:17.108,210.9450,100
44056833689560,12:14:16.833,210.9400,100
44056834381913,12:14:16.834,210.8400,1
44056834410948,12:14:16.834,210.8400,99
44089444918662,12:14:49.444,210.7900,100
44205282450282,12:16:45.282,210.8000,5
44205282450282,12:16:45.282,210.8800,95
44212946710237,12:16:52.946,210.8400,100
44212949922665,12:16:52.949,210.8800,44
44212950406791,12:16:52.950,210.8800,56
44213265898997,12:16:53.265,210.8500,100
44229746239932,12:17:09.746,210.8900,100
44229746239932,12:17:09.746,210.8900,100
44229746617638,12:17:09.746,210.9000,20
44267965600923,12:17:47.965,210.9200,1
44267965600923,12:17:47.965,210.9300,99
44267966110952,12:17:47.966,210.9300,1
44279721046426,12:17:59.721,210.9600,100
44283618964069,12:18:03.618,210.9300,9
44286051766818,12:18:06.051,211.0000,4
44300187823910,12:18:20.187,210.9300,14
44300188669822,12:18:20.188,210.9200,3
44309428054291,12:18:29.428,210.8800,100
44331151718756,12:18:51.151,210.9000,5
44331151732919,12:18:51.151,210.9000,95
44345834618422,12:19:05.834,210.7400,20
44345834618422,12:19:05.834,210.7300,80
44375438235172,12:19:35.438,210.8500,6
44375438258750,12:19:35.438,210.8500,94
44375501165713,12:19:35.501,210.8400,1
44375501193419,12:19:35.501,210.9100,1
44379050754100,12:19:39.050,210.9100,100
44382493004836,12:19:42.493,210.9900,100
44391253007802,12:19:51.253,211.0000,100
44435102999623,12:20:35.102,211.0050,100
44450593202444,12:20:50.593,211.0500,1
44450593202444,12:20:50.593,211.0500,15
44450593757776,12:20:50.593,211.0700,100
44450595036555,12:20:50.595,211.0800,100
44466839973122,12:21:06.839,211.0800,10
44472243081711,12:21:12.243,211.1700,100
44472243192971,12:21:12.243,211.0900,50
44479930115860,12:21:19.930,211.1700,50
44479930115860,12:21:19.930,211.1700,25
44479959266160,12:21:19.959,211.2200,100
44479959884320,12:21:19.959,211.2100,5
44480018190731,12:21:20.018,211.2200,5
44480018639784,12:21:20.018,211.2500,9
44483378528947,12:21:23.378,211.2300,45
44490191758054,12:21:30.191,211.1800,100
44505164698384,12:21:45.164,211.0700,182
44505164713148,12:21:45.164,211.0700,18
44529230768602,12:22:09.230,211.0800,100
44529230793608,12:22:09.230,211.1100,13
44539251844667,12:22:19.251,211.0900,5
44546455033885,12:22:26.455,211.1700,1
44594609251426,12:23:14.609,211.2050,100
44636757745971,12:23:56.757,211.1400,23
44654671697929,12:24:14.671,211.1300,9
44669601842202,12:24:29.601,211.1300,1
44689485602881,12:24:49.485,211.1300,90
44782311113686,12:26:22.311,211.0300,100
44809937119809,12:26:49.937,211.0200,26
44809937214221,12:26:49.937,211.0200,1
44824965714679,12:27:04.965,211.0200,73
44824965714679,12:27:04.965,211.0200,1
44824965714679,12:27:04.965,211.0200,100
44824965714679,12:27:04.965,211.0200,26
44825174522197,12:27:05.174,211.0200,9
44828913226505,12:27:08.913,211.0200,1
44852035246305,12:27:32.035,210.9700,9
44864688612235,12:27:44.688,210.9600,64
44864688612235,12:27:44.688,210.9600,100
44919510167951,12:28:39.510,210.6800,1
44919510167951,12:28:39.510,210.6800,8
44977821660181,12:29:37.821,210.7400,100
45029796596406,12:30:29.796,210.7300,5
45029796596406,12:30:29.796,210.7600,5
45029796624448,12:30:29.796,210.7600,5
45029800156705,12:30:29.800,210.7800,96
45029800190673,12:30:29.800,210.7800,4
45032645658786,12:30:32.645,210.7300,100
45035392106295,12:30:35.392,210.7300,1
45068406305160,12:31:08.406,210.7250,100
45091118961894,12:31:31.118,210.7200,25
45125440681628,12:32:05.440,210.7100,1
45125496521204,12:32:05.496,210.6600,6
45125949430402,12:32:05.949,210.6700,100
45125949430402,12:32:05.949,210.6600,26
45125950366082,12:32:05.950,210.6600,74
45127315710374,12:32:07.315,210.6600,26
45151077379480,12:32:31.077,210.5700,26
45201428222461,12:33:21.428,210.6500,2
45201428222461,12:33:21.428,210.6500,47
45201428531056,12:33:21.428,210.6600,100
45201428531056,12:33:21.428,210.6600,1
45201428531056,12:33:21.428,210.6600,1
45201428531056,12:33:21.428,210.6600,53
45201428534320,12:33:21.428,210.6600,150
45201428534320,12:33:21.428,210.6600,2
45201428534320,12:33:21.428,210.6600,3
45201429587050,12:33:21.429,210.6700,100
45201431344322,12:33:21.431,210.6700,2
45215734093002,12:33:35.734,210.5800,14
45215734919460,12:33:35.734,210.5700,14
45215739221251,12:33:35.739,210.5500,44
45215742968880,12:33:35.742,210.5500,56
45216952134317,12:33:36.952,210.4700,100
45219702276060,12:33:39.702,210.4200,100
45280980300854,12:34:40.980,210.4400,27
45320606649198,12:35:20.606,210.4100,2
45444940394831,12:37:24.940,210.3300,100
45444945360569,12:37:24.945,210.3500,10
45444945360569,12:37:24.945,210.3700,100
45445070695812,12:37:25.070,210.3300,100
45500541665969,12:38:20.541,210.3000,25
45519546657218,12:38:39.546,210.2000,2
45709358751571,12:41:49.358,210.1500,100
45714395238758,12:41:54.395,210.1000,28
45724214445754,12:42:04.214,210.2300,100
45724218587076,12:42:04.218,210.2300,27
45725861005350,12:42:05.861,210.1700,100
45725861529545,12:42:05.861,210.1600,100
45725861682259,12:42:05.861,210.1300,3
45739167868607,12:42:19.167,210.1600,28
45740276782619,12:42:20.276,210.2100,100
45751777516347,12:42:31.777,210.2100,100
45751777560590,12:42:31.777,210.2200,100
45751777560590,12:42:31.777,210.2200,100
45751808826978,12:42:31.808,210.2500,1
45767268474015,12:42:47.268,210.2800,4
45767268474015,12:42:47.268,210.2800,100
45767268474015,12:42:47.268,210.2900,1
45767268474015,12:42:47.268,210.3100,100
45767279150005,12:42:47.279,210.3200,85
45810544065523,12:43:30.544,210.2200,13
45843966839549,12:44:03.966,210.2100,2
45843971696573,12:44:03.971,210.2600,100
45843971729819,12:44:03.971,210.2100,100
45843971751377,12:44:03.971,210.2100,15
45843971751377,12:44:03.971,210.2100,16
45843971788068,12:44:03.971,210.2100,11
45843976797863,12:44:03.976,210.2100,20
45843983951202,12:44:03.983,210.1900,12
45843987751898,12:44:03.987,210.1800,13
45843988196504,12:44:03.988,210.1700,13
45843988476198,12:44:03.988,210.1500,5
45843989071738,12:44:03.989,210.1500,20
45843989097257,12:44:03.989,210.1500,5
45846651421693,12:44:06.651,210.0700,100
45863323726289,12:44:23.323,210.0600,9
45891148810561,12:44:51.148,210.1200,49
45891148836380,12:44:51.148,210.1200,51
45919352304576,12:45:19.352,210.1500,100
45919352343442,12:45:19.352,210.1500,3
45919352838572,12:45:19.352,210.1500,4
45959387871510,12:45:59.387,210.1500,24
45959387900132,12:45:59.387,210.1500,76
45959387908184,12:45:59.387,210.1500,52
45967909887636,12:46:07.909,210.0800,2
45967909887636,12:46:07.909,210.0800,20
45967910205512,12:46:07.910,210.0800,80
45970448042245,12:46:10.448,210.0800,50
46001507116666,12:46:41.507,210.0650,100
46001507161833,12:46:41.507,210.0200,100
46001507166715,12:46:41.507,210.0200,174
46043164403059,12:47:23.164,210.0900,16
46043164845448,12:47:23.164,210.0900,84
46043164862446,12:47:23.164,210.1000,6
46043165060008,12:47:23.165,210.1000,94
46044734070209,12:47:24.734,210.1200,5
46053111561157,12:47:33.111,210.1400,31
46115538215826,12:48:35.538,210.1400,1
46115538215826,12:48:35.538,210.1500,99
46115538348253,12:48:35.538,210.1600,100
46115538545364,12:48:35.538,210.1700,100
46115555451589,12:48:35.555,210.2200,15
46115555469309,12:48:35.555,210.2200,10
46115555509880,12:48:35.555,210.2200,13
46115555543556,12:48:35.555,210.2200,11
46115555738515,12:48:35.555,210.2300,1
46115558375490,12:48:35.558,210.2500,100
46116509452305,12:48:36.509,210.2700,100
46116516022701,12:48:36.516,210.2800,100
46116516114156,12:48:36.516,210.2100,50
46117102044433,12:48:37.102,210.1800,100
46117102044433,12:48:37.102,210.1700,2
46117102044433,12:48:37.102,210.1700,1
46117102044433,12:48:37.102,210.1400,12
46117102044433,12:48:37.102,210.1300,100
46118992344760,12:48:38.992,210.0700,24
46118992344760,12:48:38.992,210.0700,12
46120530477643,12:48:40.530,210.1400,100
46121536137016,12:48:41.536,210.0700,88
46126942041335,12:48:46.942,210.0750,100
46139195046974,12:48:59.195,210.0750,100
46142508749756,12:49:02.508,210.1100,50
46142508749756,12:49:02.508,210.1400,50
46142509157268,12:49:02.509,210.1400,50
46143740380389,12:49:03.740,210.0500,11
46177600055556,12:49:37.600,210.0400,9
46240822974013,12:50:40.822,210.0600,1
46244503960190,12:50:44.503,210.0500,2
46244503995139,12:50:44.503,210.0500,30
46244504057488,12:50:44.504,210.0500,68
46244504057488,12:50:44.504,210.0500,2
46244504057488,12:50:44.504,210.0500,100
46244504057488,12:50:44.504,210.0500,100
46244504539386,12:50:44.504,210.0400,90
46245521813252,12:50:45.521,210.0200,100
46245521899461,12:50:45.521,210.0100,47
46245521907829,12:50:45.521,210.0100,53
46245523509629,12:50:45.523,209.9900,47
46245523548805,12:50:45.523,209.9900,53
46245530082327,12:50:45.530,210.0500,100
46251023758687,12:50:51.023,209.9500,100
46253863838959,12:50:53.863,209.9500,9
46261550614366,12:51:01.550,209.9500,2
46314620192540,12:51:54.620,210.0000,5
46344739301530,12:52:24.739,209.9800,5
46344739301530,12:52:24.739,210.0300,1
46344739301530,12:52:24.739,210.0300,48
46344741815252,12:52:24.741,210.0400,53
46344771783137,12:52:24.771,210.0500,100
46344772150545,12:52:24.772,210.0500,2
46347305063380,12:52:27.305,210.0550,100
46348378058475,12:52:28.378,210.0600,2
46431117809179,12:53:51.117,210.1300,100
46431117849240,12:53:51.117,210.1300,1
46438721928846,12:53:58.721,210.1500,100
46438986053643,12:53:58.986,210.1000,32
46438986152578,12:53:58.986,210.1000,42
46438986209847,12:53:58.986,210.1000,26
46438986888813,12:53:58.986,210.0800,11
46454039371364,12:54:14.039,210.0500,2
46454039638426,12:54:14.039,210.0200,11
46521905104244,12:55:21.905,209.9300,100
46525004533249,12:55:25.004,209.9200,35
46525594375337,12:55:25.594,209.9200,6
46525802961458,12:55:25.802,209.9200,5
46525804572241,12:55:25.804,209.9200,35
46525805076091,12:55:25.805,209.9200,19
46531362365073,12:55:31.362,209.8600,100
46531362365073,12:55:31.362,209.8600,4
46550184095508,12:55:50.184,209.8400,100
46550184095508,12:55:50.184,209.8400,50
46550184095508,12:55:50.184,209.8500,44
46550184455707,12:55:50.184,209.8500,56
46550184455707,12:55:50.184,209.8500,94
46550186423267,12:55:50.186,209.8700,3
46556482233730,12:55:56.482,209.8600,5
46566575850489,12:56:06.575,209.8600,4
46572639912755,12:56:12.639,209.9300,1
46573475952126,12:56:13.475,209.9500,1
46648847090090,12:57:28.847,210.0300,100
46648847100316,12:57:28.847,210.0300,1
46648848020293,12:57:28.848,210.0500,1
46648848318711,12:57:28.848,210.0700,64
46648848351330,12:57:28.848,210.0700,36
46659547675666,12:57:39.547,210.0950,100
46660211505048,12:57:40.211,210.0700,5
46660211533631,12:57:40.211,210.0700,6
46660211860985,12:57:40.211,210.0600,30
46660211901885,12:57:40.211,210.0600,37
46660212183605,12:57:40.212,210.0600,33
46660212183605,12:57:40.212,210.0600,2
46660554014953,12:57:40.554,210.1000,6
46663646040363,12:57:43.646,210.1200,11
46663646535078,12:57:43.646,210.1300,100
46663646874836,12:57:43.646,210.1400,100
46722249249776,12:58:42.249,210.1500,100
46742448750043,12:59:02.448,210.1600,100
46742448750043,12:59:02.448,210.1600,1
46742448750043,12:59:02.448,210.1600,4
46742449696131,12:59:02.449,210.1800,1
46784453994281,12:59:44.453,210.1700,2
46784454691258,12:59:44.454,210.2300,100
46801165495783,13:00:01.165,210.1900,17
46801701332774,13:00:01.701,210.2500,200
46801701357927,13:00:01.701,210.2500,100
46801701357927,13:00:01.701,210.2600,99
46801701389816,13:00:01.701,210.2600,1
46801701389816,13:00:01.701,210.2600,1
46801701448264,13:00:01.701,210.2600,5
46801701958701,13:00:01.701,210.2600,94
46813223047230,13:00:13.223,210.2100,1
46813223047230,13:00:13.223,210.2100,17
46813224203702,13:00:13.224,210.2100,1
46813224300008,13:00:13.224,210.2400,100
46813224309226,13:00:13.224,210.2100,52
46879799101873,13:01:19.799,210.1600,100
46882166966884,13:01:22.166,210.2000,1
46896755350556,13:01:36.755,210.2500,100
46917673626068,13:01:57.673,210.2000,23
46941047438441,13:02:21.047,210.2700,2
46970391746883,13:02:50.391,210.3000,10
46970393979141,13:02:50.393,210.3000,10
46970396020779,13:02:50.396,210.3000,8
46970398964149,13:02:50.398,210.3000,7
46970402163168,13:02:50.402,210.3000,5
46970405224993,13:02:50.405,210.3000,4
46970407257916,13:02:50.407,210.3000,4
46970409297951,13:02:50.409,210.3000,3
46970410882616,13:02:50.410,210.3000,3
46970412475565,13:02:50.412,210.3000,3
46970462906584,13:02:50.462,210.3000,2
46970512537850,13:02:50.512,210.3000,2
46970562995910,13:02:50.562,210.3000,2
46970613062507,13:02:50.613,210.3000,2
46970663160804,13:02:50.663,210.3000,1
46970674225148,13:02:50.674,210.3200,1
46970674818518,13:02:50.674,210.3200,1
46970675327687,13:02:50.675,210.3300,17
46970675453685,13:02:50.675,210.3100,1
46970676190901,13:02:50.676,210.3300,1
46970713430137,13:02:50.713,210.3200,1
46970763634872,13:02:50.763,210.3200,1
46970813171154,13:02:50.813,210.3200,1
46970863301406,13:02:50.863,210.3200,1
46970913620531,13:02:50.913,210.3200,1
46970963208053,13:02:50.963,210.3200,1
46971013029613,13:02:51.013,210.3200,1
46971063214805,13:02:51.063,210.3200,1
46982403484289,13:03:02.403,210.4200,8
46982403587505,13:03:02.403,210.4200,5
46982403811362,13:03:02.403,210.4200,17
46982403997657,13:03:02.403,210.4200,5
46982406668714,13:03:02.406,210.4200,10
47046750795364,13:04:06.750,210.3900,100
47046750795364,13:04:06.750,210.3500,34
47046750795364,13:04:06.750,210.3500,77
47046750795364,13:04:06.750,210.3500,89
47046750795364,13:04:06.750,210.3500,100
47046750846052,13:04:06.750,210.3500,52
47046750874283,13:04:06.750,210.3500,48
47046751814566,13:04:06.751,210.3500,48
47046751857564,13:04:06.751,210.3500,2
47117935490828,13:05:17.935,210.4200,1
47117935490828,13:05:17.935,210.4200,100
47117935490828,13:05:17.935,210.4200,100
47117935522110,13:05:17.935,210.4200,200
47194820996771,13:06:34.820,210.3850,100
47194820996771,13:06:34.820,210.3300,111
47194820996771,13:06:34.820,210.3300,90
47194821030995,13:06:34.821,210.3300,10
47194821030995,13:06:34.821,210.3300,89
47194821030995,13:06:34.821,210.3300,1
47230592672380,13:07:10.592,210.3400,1
47267052775643,13:07:47.052,210.3700,100
47268683132202,13:07:48.683,210.3900,7
47268683618897,13:07:48.683,210.3900,15
47274073487586,13:07:54.073,210.3800,48
47281621548940,13:08:01.621,210.3600,50
47337486378693,13:08:57.486,210.3400,43
47337486407534,13:08:57.486,210.3400,41
47359632804411,13:09:19.632,210.3800,5
47359632804411,13:09:19.632,210.3900,95
47359632849416,13:09:19.632,210.3900,5
47359663513028,13:09:19.663,210.4100,2
47359663513028,13:09:19.663,210.4100,98
47359663548691,13:09:19.663,210.4100,2
47359666565144,13:09:19.666,210.4200,2
47359667555913,13:09:19.667,210.4300,14
47359680141907,13:09:19.680,210.4050,100
47409441175599,13:10:09.441,210.4000,100
47445001305023,13:10:45.001,210.3700,10
47445001305023,13:10:45.001,210.3700,6
47445001305023,13:10:45.001,210.3700,84
47445001333282,13:10:45.001,210.3700,51
47445001338221,13:10:45.001,210.3700,75
47445001338221,13:10:45.001,210.3700,74
47445001338221,13:10:45.001,210.3700,100
47455386655910,13:10:55.386,210.4000,19
47455386655910,13:10:55.386,210.4000,100
47455386655910,13:10:55.386,210.4000,2
47455386655910,13:10:55.386,210.4000,1
47472343929723,13:11:12.343,210.4000,1
47472344557894,13:11:12.344,210.4200,1
47517701804425,13:11:57.701,210.3400,10
47590684139418,13:13:10.684,210.2300,1
47647974837364,13:14:07.974,210.0700,100
47768844152956,13:16:08.844,210.0600,11
47768844779681,13:16:08.844,210.0600,89
47768844779681,13:16:08.844,210.0600,1
47768845897400,13:16:08.845,210.0200,10
47768848395620,13:16:08.848,210.0100,10
47771852624640,13:16:11.852,210.0000,100
47771852624640,13:16:11.852,210.0000,90
47771852624640,13:16:11.852,210.0000,10
47771852672831,13:16:11.852,210.0000,10
47771852698200,13:16:11.852,210.0000,70
47771855624435,13:16:11.855,209.9600,4
47778559147667,13:16:18.559,209.9700,3
47895322101563,13:18:15.322,209.9800,1
47939611932470,13:18:59.611,210.0500,50
47939611932470,13:18:59.611,210.0600,3
47939611932470,13:18:59.611,210.0600,47
47939611939494,13:18:59.611,210.0600,153
47939611939494,13:18:59.611,210.0600,100
47939611939494,13:18:59.611,210.0600,45
47939611939494,13:18:59.611,210.0600,5
47939611939494,13:18:59.611,210.0600,42
47939616212981,13:18:59.616,210.0600,2
47939621331398,13:18:59.621,210.0600,50
47939621331398,13:18:59.621,210.0700,50
47996258875545,13:19:56.258,210.0700,100
48028306366624,13:20:28.306,210.0000,9
48028309375354,13:20:28.309,210.0000,7
48028312930903,13:20:28.312,210.0000,6
48028315866987,13:20:28.315,210.0000,5
48028320362486,13:20:28.320,210.0000,4
48028333622319,13:20:28.333,210.0000,3
48028337175694,13:20:28.337,210.0000,2
48028338766646,13:20:28.338,210.0000,2
48028340351809,13:20:28.340,210.0000,2
48028341938433,13:20:28.341,210.0000,2
48028392088986,13:20:28.392,210.0000,2
48028442729759,13:20:28.442,210.0000,2
48028492778906,13:20:28.492,210.0000,2
48028542155205,13:20:28.542,210.0000,2
48028592779096,13:20:28.592,210.0000,1
48028609138831,13:20:28.609,210.0000,18
48028642244095,13:20:28.642,210.0000,1
48028692803283,13:20:28.692,210.0000,1
48028742363571,13:20:28.742,210.0000,1
48028793129174,13:20:28.793,210.0000,1
48028843013211,13:20:28.843,210.0000,1
48028892932182,13:20:28.892,210.0000,1
48028942897467,13:20:28.942,210.0000,1
48028992717056,13:20:28.992,210.0000,1
48029042569381,13:20:29.042,210.0000,1
48029092811445,13:20:29.092,210.0000,1
48029142839154,13:20:29.142,210.0000,1
48029255673179,13:20:29.255,210.0000,1
48029306453996,13:20:29.306,210.0000,1
48029355840818,13:20:29.355,210.0000,1
48029405988060,13:20:29.405,210.0000,1
48029455751729,13:20:29.455,210.0000,1
48029506347232,13:20:29.506,210.0000,1
48045754490115,13:20:45.754,210.0000,14
48045754490115,13:20:45.754,209.9700,36
48045754542070,13:20:45.754,209.9700,14
48045754871517,13:20:45.754,209.9600,50
48045756069508,13:20:45.756,209.9600,50
48045762897207,13:20:45.762,209.9700,1
48045762935768,13:20:45.762,209.9700,26
48115267148637,13:21:55.267,209.8250,31
48121268823680,13:22:01.268,209.8200,1
48142686973074,13:22:22.686,209.8200,30
48142686975195,13:22:22.686,209.8200,30
48142687128436,13:22:22.687,209.8150,8
48177121864371,13:22:57.121,209.6950,4
48177123482453,13:22:57.123,209.6950,4
48177125074611,13:22:57.125,209.6950,4
48177126660096,13:22:57.126,209.6950,4
48177128244775,13:22:57.128,209.6950,4
48177129828402,13:22:57.129,209.6950,4
48177131411691,13:22:57.131,209.6950,4
48177132994459,13:22:57.132,209.6950,4
48177136169170,13:22:57.136,209.6950,4
48177137773188,13:22:57.137,209.6950,4
48177188379642,13:22:57.188,209.6950,4
48177238563969,13:22:57.238,209.6950,4
48177287925202,13:22:57.287,209.6950,4
48177338136734,13:22:57.338,209.6950,4
48177388010926,13:22:57.388,209.6900,4
48177438788331,13:22:57.438,209.6900,4
48177488222702,13:22:57.488,209.6900,4
48177538343745,13:22:57.538,209.6900,4
48177588690817,13:22:57.588,209.6900,4
48177638017892,13:22:57.638,209.6900,4
48177688173504,13:22:57.688,209.6900,4
48177738100624,13:22:57.738,209.6900,4
48177788637369,13:22:57.788,209.6900,4
48177838512078,13:22:57.838,209.6900,4
48177888211362,13:22:57.888,209.6900,4
48177938376669,13:22:57.938,209.6700,4
48185774354284,13:23:05.774,209.6950,100
48185790720066,13:23:05.790,209.6400,100
48214623584864,13:23:34.623,209.5400,4
48263746813464,13:24:23.746,209.5600,100
48263747469157,13:24:23.747,209.5700,100
48268600504195,13:24:28.600,209.5800,100
48268601218536,13:24:28.601,209.6200,100
48268601653416,13:24:28.601,209.6400,100
48272833563636,13:24:32.833,209.6500,200
48273522267892,13:24:33.522,209.6850,100
48292338424562,13:24:52.338,209.6300,2
48304552380767,13:25:04.552,209.6800,19
48339946420871,13:25:39.946,209.6750,22
48339946872880,13:25:39.946,209.6700,59
48429274205423,13:27:09.274,209.6300,5
48429274217030,13:27:09.274,209.6700,2
48429274228573,13:27:09.274,209.6700,98
48429274228573,13:27:09.274,209.6700,8
48429548819519,13:27:09.548,209.7000,18
48431529799563,13:27:11.529,209.7000,18
48431529871953,13:27:11.529,209.7000,18
48432044915158,13:27:12.044,209.6700,18
48491005631740,13:28:11.005,209.7300,100
48492531094248,13:28:12.531,209.6900,1
48501544591057,13:28:21.544,209.7500,100
48501544669127,13:28:21.544,209.7500,1
48502742929675,13:28:22.742,209.7700,100
48560477156768,13:29:20.477,209.7800,100
48560477201753,13:29:20.477,209.7800,100
48560477201753,13:29:20.477,209.7800,1
48560478987352,13:29:20.478,209.8100,100
48598024396196,13:29:58.024,209.7900,5
48612567845485,13:30:12.567,209.7900,1
48621545468595,13:30:21.545,209.8200,54
48634571616934,13:30:34.571,209.8700,100
48634571698503,13:30:34.571,209.8700,81
48634571765830,13:30:34.571,209.8700,19
48644789625451,13:30:44.789,209.9600,100
48665443770487,13:31:05.443,209.9150,40
48707929216376,13:31:47.929,209.8800,5
48774439536496,13:32:54.439,209.9000,100
48829930136697,13:33:49.930,209.9500,6
48837096043480,13:33:57.096,209.9100,6
48837096043480,13:33:57.096,209.9100,15
48860003688106,13:34:20.003,209.9500,46
48860003688106,13:34:20.003,209.9500,100
48890931995447,13:34:50.931,209.9850,5
48890932017836,13:34:50.932,209.9850,27
48890932080462,13:34:50.932,209.9850,53
48890932080462,13:34:50.932,209.9700,100
48890932080462,13:34:50.932,209.9600,5
48890932472060,13:34:50.932,209.9600,4
48895151038395,13:34:55.151,209.9700,100
48895152140559,13:34:55.152,209.9800,46
48906237485231,13:35:06.237,209.9550,9
48929266371055,13:35:29.266,210.0000,83
48951929526144,13:35:51.929,210.0000,5
49017293719512,13:36:57.293,210.0000,5
49017293719512,13:36:57.293,210.0000,25
49037933721672,13:37:17.933,210.0200,5
49037933721672,13:37:17.933,210.0300,15
49062893141765,13:37:42.893,210.0000,100
49071994860064,13:37:51.994,210.0300,1
49077266743005,13:37:57.266,210.0200,5
49077267068661,13:37:57.267,210.0000,100
49109251939053,13:38:29.251,210.0000,39
49109252443836,13:38:29.252,210.0000,47
49109252516168,13:38:29.252,210.0000,14
49109252516168,13:38:29.252,209.9800,86
49109252553739,13:38:29.252,209.9800,14
49143786027106,13:39:03.786,209.9800,34
49152297946406,13:39:12.297,209.9800,5
49155785188478,13:39:15.785,209.9800,15
49167542202949,13:39:27.542,209.9800,16
49195797238327,13:39:55.797,209.9750,1
49201372510728,13:40:01.372,209.9750,1
49205137996274,13:40:05.137,210.0400,100
49205138054198,13:40:05.138,210.0400,100
49205934020790,13:40:05.934,210.0200,6
49232430171319,13:40:32.430,210.0400,1
49232430249201,13:40:32.430,210.0500,100
49232430288410,13:40:32.430,210.0500,9
49232430502346,13:40:32.430,210.0500,2
49232430502346,13:40:32.430,210.0500,46
49256931331724,13:40:56.931,210.0800,5
49298249525664,13:41:38.249,210.1300,100
49298249525664,13:41:38.249,210.1400,100
49315964647227,13:41:55.964,210.0400,81
49317929905752,13:41:57.929,210.0800,5
49341973416163,13:42:21.973,210.0300,1
49346396119943,13:42:26.396,210.1400,6
49364570859952,13:42:44.570,210.0300,99
49364571183394,13:42:44.571,210.0300,5
49364571217715,13:42:44.571,210.0300,45
49377685553288,13:42:57.685,209.9500,10
49377686398553,13:42:57.686,209.9500,60
49403974442326,13:43:23.974,210.0100,100
49403974912001,13:43:23.974,210.0100,7
49403975058080,13:43:23.975,210.0100,200
49415251938989,13:43:35.251,209.9700,35
49415251970454,13:43:35.251,209.9700,5
49501904837691,13:45:01.904,209.8500,5
49510969927873,13:45:10.969,209.7600,43
49514014096844,13:45:14.014,209.7600,57
49525689668730,13:45:25.689,209.7600,5
49525689668730,13:45:25.689,209.8100,1
49525689668730,13:45:25.689,209.8100,52
49525689972013,13:45:25.689,209.8300,100
49561930471011,13:46:01.930,209.8800,1
49561930515417,13:46:01.930,209.8800,4
49590153540631,13:46:30.153,209.8800,3
49627834410379,13:47:07.834,209.9300,5
49681506734643,13:48:01.506,209.8800,100
49681506734643,13:48:01.506,209.8800,90
49726349423315,13:48:46.349,209.8800,100
49728271192684,13:48:48.271,209.9400,1
49728271349182,13:48:48.271,209.9500,1
49728271523511,13:48:48.271,209.9600,100
49728272770087,13:48:48.272,209.9700,104
49728272770087,13:48:48.272,209.9700,57
49800916735184,13:50:00.916,209.9700,42
49800924082385,13:50:00.924,210.0200,100
49803759473464,13:50:03.759,210.0100,100
49803759473464,13:50:03.759,209.9500,100
49803759473464,13:50:03.759,209.9500,100
49803759473464,13:50:03.759,209.9500,90
49803759473464,13:50:03.759,209.9500,10
49803759862017,13:50:03.759,209.9500,5
49803759904947,13:50:03.759,209.9500,100
49867929731809,13:51:07.929,210.0000,5
49873845398493,13:51:13.845,209.9700,3
49882449275796,13:51:22.449,210.0300,100
49882449275796,13:51:22.449,210.0300,100
49882456833069,13:51:22.456,210.0700,12
49882456833069,13:51:22.456,210.0700,3
49883592596439,13:51:23.592,210.0700,20
49883592596439,13:51:23.592,210.0600,3
49883592596439,13:51:23.592,210.0600,97
49883592596439,13:51:23.592,210.0600,17
49883592733716,13:51:23.592,210.0600,100
49883592787568,13:51:23.592,210.0600,100
49890939108680,13:51:30.939,210.1000,10
49917685302711,13:51:57.685,210.0300,20
49921310156729,13:52:01.310,210.0300,1
49924562220985,13:52:04.562,210.1100,100
49942998267318,13:52:22.998,210.0800,5
49962265051620,13:52:42.265,210.0400,80
49962265051620,13:52:42.265,210.0400,20
49975383143810,13:52:55.383,210.1300,100
49975383420355,13:52:55.383,210.1300,129
49975383420355,13:52:55.383,210.1300,106
49979584723949,13:52:59.584,210.1300,8
49979584910358,13:52:59.584,210.1300,42
49983688212339,13:53:03.688,210.1700,1
49991754637171,13:53:11.754,210.1400,6
50049933115762,13:54:09.933,210.2600,2
50050933081472,13:54:10.933,210.2500,6
50081276016129,13:54:41.276,210.2400,2
50096460762734,13:54:56.460,210.2950,100
50096460762734,13:54:56.460,210.2400,98
50096460762734,13:54:56.460,210.2400,100
50096460762734,13:54:56.460,210.2400,20
50096460762734,13:54:56.460,210.2400,40
50096460797301,13:54:56.460,210.2400,60
50096460797301,13:54:56.460,210.2400,80
50145587472777,13:55:45.587,210.3000,4
50145587472777,13:55:45.587,210.3000,100
50145587472777,13:55:45.587,210.3000,147
50145587985399,13:55:45.587,210.3100,100
50145597449663,13:55:45.597,210.3600,100
50156202875138,13:55:56.202,210.2700,20
50156202875138,13:55:56.202,210.2700,100
50156202875138,13:55:56.202,210.2700,21
50156202929841,13:55:56.202,210.2700,132
50156202950225,13:55:56.202,210.2700,15
50156203010109,13:55:56.203,210.2700,12
50156203047863,13:55:56.203,210.2600,100
50156205247393,13:55:56.205,210.2800,48
50156205293496,13:55:56.205,210.3100,6
50156205568200,13:55:56.205,210.3200,10
50156205977751,13:55:56.205,210.3500,100
50156206015871,13:55:56.206,210.2900,50
50156206015871,13:55:56.206,210.2900,8
50156206578516,13:55:56.206,210.3200,10
50156206578516,13:55:56.206,210.3200,20
50156216349654,13:55:56.216,210.2900,10
50160710150248,13:56:00.710,210.3600,100
50160710195915,13:56:00.710,210.3700,50
50160710551535,13:56:00.710,210.3700,2
50160710602491,13:56:00.710,210.3700,48
50167411681743,13:56:07.411,210.3600,100
50168990837063,13:56:08.990,210.3300,50
50168990893588,13:56:08.990,210.3300,50
50168990893588,13:56:08.990,210.3300,50
50168990947185,13:56:08.990,210.3300,100
50168990962401,13:56:08.990,210.3300,30
50227891079739,13:57:07.891,210.3150,78
50232930371187,13:57:12.930,210.3150,22
50232930371187,13:57:12.930,210.3100,5
50293931562998,13:58:13.931,210.3200,4
50303678176331,13:58:23.678,210.2600,60
50303678618226,13:58:23.678,210.2600,40
50303678624477,13:58:23.678,210.2600,20
50303678624477,13:58:23.678,210.2500,76
50303678951356,13:58:23.678,210.2400,100
50303678978855,13:58:23.678,210.2400,300
50303679419198,13:58:23.679,210.2400,100
50303985903626,13:58:23.985,210.3600,39
50323426122486,13:58:43.426,210.2900,50
50323426190321,13:58:43.426,210.2900,150
50323426190321,13:58:43.426,210.2900,24
50323426190321,13:58:43.426,210.2900,100
50323426655963,13:58:43.426,210.2900,100
50323427055112,13:58:43.427,210.2700,82
50327440522968,13:58:47.440,210.2700,5
50327440876595,13:58:47.440,210.2700,13
50327440876595,13:58:47.440,210.2700,5
50327440935183,13:58:47.440,210.2700,95
50330814322660,13:58:50.814,210.2950,50
50330814473459,13:58:50.814,210.2700,50
50330822169867,13:58:50.822,210.2750,50
50330822169867,13:58:50.822,210.2200,17
50330984055968,13:58:50.984,210.2400,20
50345541735309,13:59:05.541,210.2750,28
50360618576114,13:59:20.618,210.3000,100
50362689663127,13:59:22.689,210.2900,75
50366480792706,13:59:26.480,210.3400,2
50366480792706,13:59:26.480,210.3400,98
50375310310760,13:59:35.310,210.2500,55
50375310390200,13:59:35.310,210.2400,100
50375312298590,13:59:35.312,210.2100,100
50375462407849,13:59:35.462,210.2100,50
50377230305855,13:59:37.230,210.1900,100
50388129874106,13:59:48.129,210.1600,9
50388592053723,13:59:48.592,210.1650,13
50391749690675,13:59:51.749,210.1650,13
50395202261728,13:59:55.202,210.1650,4
50402694156574,14:00:02.694,210.1650,61
50402694156574,14:00:02.694,210.1100,33
50402694158406,14:00:02.694,210.1100,6
50402694979790,14:00:02.694,210.0900,100
50402695166594,14:00:02.695,210.2400,47
50402700419375,14:00:02.700,210.1600,15
50402721953364,14:00:02.721,210.2400,53
50402721953364,14:00:02.721,210.2400,47
50402722524462,14:00:02.722,210.2400,53
50402722524462,14:00:02.722,210.2400,47
50402726878925,14:00:02.726,210.2400,72
50402726878925,14:00:02.726,210.2400,13
50403486771784,14:00:03.486,210.0600,56
50403497492598,14:00:03.497,210.0600,44
50407578852961,14:00:07.578,210.1800,48
50407578894296,14:00:07.578,210.1800,7
50407579016121,14:00:07.579,210.1800,45
50407579016121,14:00:07.579,210.1800,45
50407579026874,14:00:07.579,210.1800,55
50407580669698,14:00:07.580,210.2100,100
50407580697261,14:00:07.580,210.2100,2
50407735317349,14:00:07.735,210.2100,100
50408062450701,14:00:08.062,210.2600,7
50408062491784,14:00:08.062,210.2600,93
50408566428092,14:00:08.566,210.3200,100
50409329300589,14:00:09.329,210.3900,11
50409329320690,14:00:09.329,210.3900,89
50409329320690,14:00:09.329,210.3900,11
50409339910945,14:00:09.339,210.4000,11
50410243689185,14:00:10.243,210.3100,19
50412066707436,14:00:12.066,210.3900,9
50412069296096,14:00:12.069,210.4000,9
50412073563196,14:00:12.073,210.3900,3
50412721955165,14:00:12.721,210.2600,1
50412722829993,14:00:12.722,210.2400,76
50412722838720,14:00:12.722,210.2400,24
50412722838720,14:00:12.722,210.2400,26
50412722899363,14:00:12.722,210.2400,48
50412722903270,14:00:12.722,210.2300,52
50412722934763,14:00:12.722,210.2400,26
50412723016216,14:00:12.723,210.2300,43
50412723016216,14:00:12.723,210.2300,57
50412723049670,14:00:12.723,210.2300,43
50412723049670,14:00:12.723,210.2300,55
