timestamp,time,price,volume
34200793954550,09:30:00.793,0.0000,0
34277724649794,09:31:17.724,26.8200,100
34351550538669,09:32:31.550,26.8500,100
34351550538669,09:32:31.550,26.8600,100
34351557214537,09:32:31.557,26.8600,100
34451204705021,09:34:11.204,26.8700,100
34497795335030,09:34:57.795,26.8450,100
34497857764972,09:34:57.857,26.8700,10
34497858022144,09:34:57.858,26.8700,10
34497858274305,09:34:57.858,26.8700,10
34497858425366,09:34:57.858,26.8700,10
34497858692079,09:34:57.858,26.8700,10
34497858845098,09:34:57.858,26.8700,10
34497859038864,09:34:57.859,26.8700,10
34497859172510,09:34:57.859,26.8700,10
34497859313641,09:34:57.859,26.8700,10
34497859468774,09:34:57.859,26.8700,10
34497859867638,09:34:57.859,26.8700,100
34497933446995,09:34:57.933,26.8600,13
34505119524737,09:35:05.119,26.8200,29
34531428359675,09:35:31.428,26.8400,4
34538640129807,09:35:38.640,26.8350,1
34538640142230,09:35:38.640,26.8350,2
34538640156411,09:35:38.640,26.8350,97
34538640199647,09:35:38.640,26.8500,1
34538640300047,09:35:38.640,26.8500,100
34538640300047,09:35:38.640,26.8500,100
34538640300047,09:35:38.640,26.8500,100
34538640357016,09:35:38.640,26.8500,100
34538640357016,09:35:38.640,26.8500,100
34538640369868,09:35:38.640,26.8400,100
34538640420435,09:35:38.640,26.8400,68
34538640440179,09:35:38.640,26.8400,32
34538641469608,09:35:38.641,26.8300,100
34541978546485,09:35:41.978,26.8100,100
34541978585051,09:35:41.978,26.7900,58
34541978605871,09:35:41.978,26.7900,42
34542742243704,09:35:42.742,26.7900,200
34543742306081,09:35:43.742,26.7900,100
34545533390698,09:35:45.533,26.7900,200
34580104301014,09:36:20.104,26.7600,100
34580104301014,09:36:20.104,26.7600,100
34601727056821,09:36:41.727,26.7200,32
34601727263929,09:36:41.727,26.7200,68
34617572662005,09:36:57.572,26.7000,200
34618723288546,09:36:58.723,26.7100,1
34618723288546,09:36:58.723,26.7100,230
34618723529307,09:36:58.723,26.7100,2
34618723839204,09:36:58.723,26.7300,100
34618723839204,09:36:58.723,26.7300,2
34618723839204,09:36:58.723,26.7300,82
34618723844383,09:36:58.723,26.7300,18
34618723873071,09:36:58.723,26.7400,22
34623586904512,09:37:03.586,26.7550,200
34671337711505,09:37:51.337,26.7500,100
34671497217111,09:37:51.497,26.7600,100
34671497217111,09:37:51.497,26.7600,100
34673348335713,09:37:53.348,26.7600,1
34674590434149,09:37:54.590,26.7750,100
34681702903015,09:38:01.702,26.7750,5
34681703065219,09:38:01.703,26.7800,5
34685926679017,09:38:05.926,26.7850,5
34687000716538,09:38:07.000,26.7850,5
34687000771467,09:38:07.000,26.7900,1
34716810745179,09:38:36.810,26.8200,1
34716811319562,09:38:36.811,26.8200,100
34716811319562,09:38:36.811,26.8200,100
34716811319562,09:38:36.811,26.8200,100
34716811319562,09:38:36.811,26.8200,100
34717162502211,09:38:37.162,26.8200,5
34720900551518,09:38:40.900,26.8100,100
34856900057657,09:40:56.900,26.8000,100
34856900057657,09:40:56.900,26.8000,100
34856900124125,09:40:56.900,26.7900,100
34874407655566,09:41:14.407,26.8100,100
34891941752821,09:41:31.941,26.7900,39
34891941786750,09:41:31.941,26.7900,61
34892703892188,09:41:32.703,26.7800,200
34894636127775,09:41:34.636,26.7600,100
34894638934529,09:41:34.638,26.7600,40
34894638934529,09:41:34.638,26.7600,100
34894638934529,09:41:34.638,26.7700,100
34900343037846,09:41:40.343,26.7600,100
34900345674197,09:41:40.345,26.7550,100
34900355103547,09:41:40.355,26.7700,100
34900355111688,09:41:40.355,26.7700,200
34901505345570,09:41:41.505,26.7600,100
34902581202308,09:41:42.581,26.7700,100
34902581433188,09:41:42.581,26.7700,100
34922495381476,09:42:02.495,26.7550,100
34922495386620,09:42:02.495,26.7550,100
35019980838918,09:43:39.980,26.7300,82
35025551580529,09:43:45.551,26.7250,100
35027413674987,09:43:47.413,26.7250,100
35027413729641,09:43:47.413,26.7400,100
35047102883486,09:44:07.102,26.7300,100
35051258351302,09:44:11.258,26.7000,100
35053156354015,09:44:13.156,26.7150,100
35053706065982,09:44:13.706,26.7150,100
35053706071357,09:44:13.706,26.7150,100
35059422195021,09:44:19.422,26.7100,100
35059422195021,09:44:19.422,26.7100,100
35060030813348,09:44:20.030,26.6800,100
35115334471768,09:45:15.334,26.7000,100
35115334471768,09:45:15.334,26.7000,150
35115334483231,09:45:15.334,26.7000,71
35115334486805,09:45:15.334,26.7000,150
35115334493605,09:45:15.334,26.7000,71
35115335138567,09:45:15.335,26.7000,100
35129807504862,09:45:29.807,26.7000,100
35129807504862,09:45:29.807,26.7000,40
35129807524697,09:45:29.807,26.7000,60
35129813098061,09:45:29.813,26.7000,100
35129813153059,09:45:29.813,26.7000,100
35129813157461,09:45:29.813,26.7000,100
35129813157461,09:45:29.813,26.7000,200
35152612316490,09:45:52.612,26.7000,100
35223084904810,09:47:03.084,26.6900,200
35223084904810,09:47:03.084,26.6900,100
35223770807554,09:47:03.770,26.6700,200
35223770807554,09:47:03.770,26.6700,100
35226952140881,09:47:06.952,26.6350,200
35229538752057,09:47:09.538,26.6350,100
35229538752057,09:47:09.538,26.6400,100
35229538752057,09:47:09.538,26.6400,200
35229538780760,09:47:09.538,26.6400,100
35250012902420,09:47:30.012,26.6400,100
35250015645567,09:47:30.015,26.6200,100
35354470157169,09:49:14.470,26.5550,2
35354470158789,09:49:14.470,26.5550,2
35354470159295,09:49:14.470,26.5550,2
35354470174534,09:49:14.470,26.5550,5
35354470196450,09:49:14.470,26.5550,2
35354470228759,09:49:14.470,26.5550,5
35354470275878,09:49:14.470,26.5550,5
35354470314379,09:49:14.470,26.5550,2
35354470318493,09:49:14.470,26.5550,5
35354470362244,09:49:14.470,26.5550,5
35354470403789,09:49:14.470,26.5550,5
35354470445291,09:49:14.470,26.5550,5
35354470489356,09:49:14.470,26.5550,5
35354470536872,09:49:14.470,26.5550,2
35354470549929,09:49:14.470,26.5550,5
35354470594017,09:49:14.470,26.5550,5
35354470636080,09:49:14.470,26.5550,5
35354470678406,09:49:14.470,26.5600,2
35354470678406,09:49:14.470,26.5600,3
35354470830357,09:49:14.470,26.5600,2
35354471597168,09:49:14.471,26.5600,2
35426867848513,09:50:26.867,26.6000,100
35533187689571,09:52:13.187,26.6000,100
35533187689571,09:52:13.187,26.6000,10
35551518234096,09:52:31.518,26.5700,100
35551518234096,09:52:31.518,26.5700,100
35569655910806,09:52:49.655,26.6100,100
35580797409488,09:53:00.797,26.6100,100
35580797457711,09:53:00.797,26.6100,100
35580797457711,09:53:00.797,26.6100,200
35580797457711,09:53:00.797,26.6100,89
35580797468108,09:53:00.797,26.6100,11
35645764555493,09:54:05.764,26.6100,200
35645765057475,09:54:05.765,26.6200,100
35645765076828,09:54:05.765,26.6200,100
35645765076828,09:54:05.765,26.6200,5
35645765083899,09:54:05.765,26.6200,95
35647936000885,09:54:07.936,26.6300,100
35647937302910,09:54:07.937,26.6300,100
35689110783868,09:54:49.110,26.6500,100
35689112214944,09:54:49.112,26.6600,2
35875635727687,09:57:55.635,26.5900,100
35991176227846,09:59:51.176,26.5700,100
35991176227846,09:59:51.176,26.5700,100
36067607667886,10:01:07.607,26.5700,100
36067607719021,10:01:07.607,26.5700,42
36067607736261,10:01:07.607,26.5800,2
36067607736261,10:01:07.607,26.5800,100
36067608384426,10:01:07.608,26.5800,58
36067610878671,10:01:07.610,26.5850,42
36067610878671,10:01:07.610,26.5900,58
36067610905067,10:01:07.610,26.5900,42
36067610934432,10:01:07.610,26.5900,42
36086358785483,10:01:26.358,26.6100,2
36166696467518,10:02:46.696,26.6000,100
36166697482323,10:02:46.697,26.5900,100
36166723136463,10:02:46.723,26.5900,100
36166723367179,10:02:46.723,26.5900,100
36166726653171,10:02:46.726,26.5900,100
36166726653171,10:02:46.726,26.5900,100
36166726688111,10:02:46.726,26.5900,100
36166901384238,10:02:46.901,26.6000,100
36166901414161,10:02:46.901,26.6000,100
36167020278476,10:02:47.020,26.6000,100
36184617609081,10:03:04.617,26.5900,100
36184620230117,10:03:04.620,26.5900,100
36184621573237,10:03:04.621,26.6100,3
36184622587926,10:03:04.622,26.6100,97
36184622587926,10:03:04.622,26.6100,100
36184622587926,10:03:04.622,26.6100,100
36184622587926,10:03:04.622,26.6100,3
36184641828962,10:03:04.641,26.6000,100
36190569976559,10:03:10.569,26.6050,100
36223314618999,10:03:43.314,26.6000,100
36244266297404,10:04:04.266,26.6000,100
36244266297404,10:04:04.266,26.6000,2
36244293208222,10:04:04.293,26.5800,70
36263434295666,10:04:23.434,26.5600,55
36290971299524,10:04:50.971,26.5500,100
36309950096927,10:05:09.950,26.5200,100
36309950121915,10:05:09.950,26.5200,100
36309950420608,10:05:09.950,26.5200,100
36309956100465,10:05:09.956,26.5100,100
36330783175943,10:05:30.783,26.4800,200
36339043922174,10:05:39.043,26.4900,100
36339044387355,10:05:39.044,26.4900,124
36339044392084,10:05:39.044,26.4900,76
36339044392084,10:05:39.044,26.5000,50
36339044447819,10:05:39.044,26.5000,50
36339044447819,10:05:39.044,26.5000,26
36341048694166,10:05:41.048,26.5000,100
36341048694166,10:05:41.048,26.5000,100
36341049063293,10:05:41.049,26.4900,100
36341049063293,10:05:41.049,26.4900,100
36341049528074,10:05:41.049,26.4900,100
36346155072403,10:05:46.155,26.4950,100
36346155227206,10:05:46.155,26.4950,100
36346168641711,10:05:46.168,26.5100,100
36356069851937,10:05:56.069,26.5100,100
36356069868466,10:05:56.069,26.5200,100
36356069872425,10:05:56.069,26.5200,100
36356073676655,10:05:56.073,26.5250,100
36356073715463,10:05:56.073,26.5300,100
36360182636760,10:06:00.182,26.5350,100
36360182964356,10:06:00.182,26.5400,100
36360494078982,10:06:00.494,26.5400,100
36360494078982,10:06:00.494,26.5400,50
36361527075165,10:06:01.527,26.5300,100
36362613054366,10:06:02.613,26.5000,100
36372875334702,10:06:12.875,26.4900,100
36378612628678,10:06:18.612,26.5000,9
36428571107387,10:07:08.571,26.5100,100
36452754503071,10:07:32.754,26.4700,100
36452756393856,10:07:32.756,26.4700,100
36501493159137,10:08:21.493,26.4800,8
36696920448925,10:11:36.920,26.5000,100
36709278986088,10:11:49.278,26.5350,9
36728672928410,10:12:08.672,26.5500,100
36728956455771,10:12:08.956,26.5500,7
36728956455771,10:12:08.956,26.5500,100
36746714038974,10:12:26.714,26.5200,10
36905557478224,10:15:05.557,26.5200,16
36905557503413,10:15:05.557,26.5200,84
36926960020913,10:15:26.960,26.4700,52
36926960020913,10:15:26.960,26.4700,48
36926960046907,10:15:26.960,26.4700,52
36942553172202,10:15:42.553,26.4650,49
36950483949417,10:15:50.483,26.4750,100
37093838300927,10:18:13.838,26.4700,100
37093841214032,10:18:13.841,26.4500,22
37095022849042,10:18:15.022,26.4600,100
37126643248519,10:18:46.643,26.4600,100
37126643307297,10:18:46.643,26.4700,100
37171397593155,10:19:31.397,26.4800,5
37171397593155,10:19:31.397,26.4800,100
37177226493241,10:19:37.226,26.4950,100
37223409209952,10:20:23.409,26.5200,6
37355755212894,10:22:35.755,26.5500,50
37355755212894,10:22:35.755,26.5500,5
37355755631770,10:22:35.755,26.5600,36
37355755656158,10:22:35.755,26.5600,64
37372929096831,10:22:52.929,26.5500,13
37751869108887,10:29:11.869,26.5900,100
37751874306679,10:29:11.874,26.6000,6
37770262654474,10:29:30.262,26.6050,100
37938290998812,10:32:18.290,26.6100,100
37938290998812,10:32:18.290,26.6100,100
37938290998812,10:32:18.290,26.6100,100
37938290998812,10:32:18.290,26.6100,100
37938290998812,10:32:18.290,26.6100,6
37938291076361,10:32:18.291,26.6200,5
37938291146304,10:32:18.291,26.6200,95
38071729099024,10:34:31.729,26.6800,8
38071729099024,10:34:31.729,26.6800,4
38071729514076,10:34:31.729,26.6900,100
38072230153029,10:34:32.230,26.7000,100
38072230153029,10:34:32.230,26.7000,100
38072230602968,10:34:32.230,26.7100,28
38072230626539,10:34:32.230,26.7100,72
38072230638950,10:34:32.230,26.7100,63
38072230647479,10:34:32.230,26.7100,9
38072230648902,10:34:32.230,26.7100,28
38120039501091,10:35:20.039,26.7500,100
38120555755508,10:35:20.555,26.7500,100
38120555755508,10:35:20.555,26.7500,100
38120555936868,10:35:20.555,26.7500,100
38120555936868,10:35:20.555,26.7500,100
38120588851270,10:35:20.588,26.7500,93
38120588868093,10:35:20.588,26.7500,7
38185136398171,10:36:25.136,26.7700,100
38185136860177,10:36:25.136,26.7600,64
38185136868231,10:36:25.136,26.7600,36
38185137195956,10:36:25.137,26.7600,91
38185137205016,10:36:25.137,26.7600,9
38185137224792,10:36:25.137,26.7600,100
38185152849696,10:36:25.152,26.7600,200
38185152849696,10:36:25.152,26.7600,100
38188142220133,10:36:28.142,26.7650,100
38188142237509,10:36:28.142,26.7650,100
38188142240667,10:36:28.142,26.7650,100
38188143319704,10:36:28.143,26.7700,100
38188143327252,10:36:28.143,26.7700,100
38189147526770,10:36:29.147,26.7800,100
38189148458687,10:36:29.148,26.7700,100
38195117368232,10:36:35.117,26.7600,11
38195133163900,10:36:35.133,26.7600,89
38217818427841,10:36:57.818,26.7500,10
38238191896417,10:37:18.191,26.7500,46
38238191896417,10:37:18.191,26.7500,100
38238191896417,10:37:18.191,26.7500,54
38238192020751,10:37:18.192,26.7500,146
38256003561639,10:37:36.003,26.7200,100
38256910006031,10:37:36.910,26.7000,100
38256910006031,10:37:36.910,26.7000,133
38256910014958,10:37:36.910,26.7000,67
38256910014958,10:37:36.910,26.7000,67
38256910018334,10:37:36.910,26.7000,33
38256952369092,10:37:36.952,26.6900,2
38270281757296,10:37:50.281,26.6900,100
38277996141202,10:37:57.996,26.6900,100
38278735570123,10:37:58.735,26.7000,27
38287294131355,10:38:07.294,26.7000,13
38287294144829,10:38:07.294,26.7000,10
38287294567911,10:38:07.294,26.7050,13
38287294592318,10:38:07.294,26.7050,13
38293536770668,10:38:13.536,26.7100,13
38297100679499,10:38:17.100,26.7150,100
38297101119504,10:38:17.101,26.7200,65
38297101122088,10:38:17.101,26.7200,35
38333651759900,10:38:53.651,26.7350,100
38367429592530,10:39:27.429,26.7150,10
38590580248431,10:43:10.580,26.6900,100
38590580280017,10:43:10.580,26.6900,12
38639340430691,10:43:59.340,26.7000,100
38639340466024,10:43:59.340,26.7000,45
38639340471876,10:43:59.340,26.7000,55
38639340471876,10:43:59.340,26.7000,100
38650353604885,10:44:10.353,26.7050,100
38650464747192,10:44:10.464,26.7100,100
38650464776557,10:44:10.464,26.7100,62
38650464814573,10:44:10.464,26.7100,38
38650464814573,10:44:10.464,26.7100,11
38657474881338,10:44:17.474,26.7250,100
38657475912259,10:44:17.475,26.7300,100
38675023041066,10:44:35.023,26.7400,92
38675023798419,10:44:35.023,26.7400,8
38797249382463,10:46:37.249,26.7500,100
38797249413403,10:46:37.249,26.7500,11
38817043521542,10:46:57.043,26.7500,100
38891653091044,10:48:11.653,26.7350,100
38924102934375,10:48:44.102,26.7200,100
38957189020813,10:49:17.189,26.7100,10
38983235485874,10:49:43.235,26.7150,100
38997734041844,10:49:57.734,26.6900,200
38997739020433,10:49:57.739,26.6800,100
38997739020433,10:49:57.739,26.6800,100
38997741245322,10:49:57.741,26.6700,200
38997741245322,10:49:57.741,26.6700,100
38997742128624,10:49:57.742,26.6700,100
38997742154782,10:49:57.742,26.6700,100
38997744992937,10:49:57.744,26.6700,100
38997744992937,10:49:57.744,26.6700,305
38997744992937,10:49:57.744,26.6700,100
38997744992937,10:49:57.744,26.6700,200
38997744992937,10:49:57.744,26.6700,100
38997744992937,10:49:57.744,26.6700,100
38997745595711,10:49:57.745,26.6700,100
38997745595711,10:49:57.745,26.6700,100
38997747801306,10:49:57.747,26.6600,100
38997747801306,10:49:57.747,26.6600,100
38997747801306,10:49:57.747,26.6600,52
38997751205343,10:49:57.751,26.6500,100
38997751205343,10:49:57.751,26.6500,100
38997751205343,10:49:57.751,26.6500,100
38997753229520,10:49:57.753,26.6400,100
38997753229520,10:49:57.753,26.6400,100
38997753229520,10:49:57.753,26.6400,100
38997753229520,10:49:57.753,26.6400,100
38997754553357,10:49:57.754,26.6300,100
38997754553357,10:49:57.754,26.6300,224
38997755200291,10:49:57.755,26.6300,76
38997759538989,10:49:57.759,26.6200,300
38997759538989,10:49:57.759,26.6200,100
38999897099636,10:49:59.897,26.6700,70
38999900065271,10:49:59.900,26.6750,100
39000873041677,10:50:00.873,26.6750,100
39030854836682,10:50:30.854,26.6600,100
39033427408651,10:50:33.427,26.6400,100
39038444252735,10:50:38.444,26.6300,100
39038444252735,10:50:38.444,26.6300,100
39038444252735,10:50:38.444,26.6300,100
39038448578297,10:50:38.448,26.6100,100
39038448578297,10:50:38.448,26.6100,100
39038451118188,10:50:38.451,26.6000,100
39038451223081,10:50:38.451,26.6100,100
39129999104452,10:52:09.999,26.6200,100
39139536700172,10:52:19.536,26.6200,300
39139536700172,10:52:19.536,26.6200,100
39146674591473,10:52:26.674,26.6300,6
39146678499453,10:52:26.678,26.6350,200
39185229006088,10:53:05.229,26.6200,100
39223139130983,10:53:43.139,26.6300,19
39223139235968,10:53:43.139,26.6300,81
39247773161540,10:54:07.773,26.6250,100
39247773346318,10:54:07.773,26.6300,100
39247773346318,10:54:07.773,26.6300,6
39249307893428,10:54:09.307,26.6400,100
39249307893428,10:54:09.307,26.6400,100
39249309153135,10:54:09.309,26.6500,7
39310426226199,10:55:10.426,26.6600,100
39320183853538,10:55:20.183,26.6700,100
39393950552032,10:56:33.950,26.7100,100
39393950552032,10:56:33.950,26.7100,100
39414187118650,10:56:54.187,26.7200,10
39432970631128,10:57:12.970,26.7250,200
39432970631128,10:57:12.970,26.7250,100
39483292667962,10:58:03.292,26.7400,8
39493450243232,10:58:13.450,26.7350,100
39493450243232,10:58:13.450,26.7400,7
39510631050515,10:58:30.631,26.7400,85
39510631050515,10:58:30.631,26.7400,26
39510631050515,10:58:30.631,26.7400,14
39511538966646,10:58:31.538,26.7350,100
39511538966646,10:58:31.538,26.7300,65
39511538984763,10:58:31.538,26.7300,35
39511538986225,10:58:31.538,26.7300,35
39511539013006,10:58:31.539,26.7300,12
39511539016207,10:58:31.539,26.7300,53
39511539617262,10:58:31.539,26.7200,46
39511539990668,10:58:31.539,26.7200,54
39552970592629,10:59:12.970,26.7350,100
39585101114521,10:59:45.101,26.7400,8
39585101318519,10:59:45.101,26.7400,92
39601024557406,11:00:01.024,26.7500,100
39601025393607,11:00:01.025,26.7500,100
39601074768234,11:00:01.074,26.7500,100
39608093244393,11:00:08.093,26.7500,100
39612262488859,11:00:12.262,26.7500,200
39662954021860,11:01:02.954,26.7600,63
39662954077284,11:01:02.954,26.7600,37
39662954077284,11:01:02.954,26.7600,27
39663465337206,11:01:03.465,26.7700,100
39665163119560,11:01:05.163,26.7800,100
39665163548026,11:01:05.163,26.7900,100
39665163587380,11:01:05.163,26.7900,100
39666848020273,11:01:06.848,26.7800,100
39666848135393,11:01:06.848,26.7800,100
39666848540211,11:01:06.848,26.7800,24
39666848706449,11:01:06.848,26.7800,76
39717866458440,11:01:57.866,26.7600,100
39747730152425,11:02:27.730,26.7750,100
39747730332544,11:02:27.730,26.7750,13
39747730333112,11:02:27.730,26.7750,13
39747730336457,11:02:27.730,26.7750,13
39747730376413,11:02:27.730,26.7750,13
39747730389928,11:02:27.730,26.7800,13
39764830542852,11:02:44.830,26.7700,100
39764830542852,11:02:44.830,26.7700,100
39764830542852,11:02:44.830,26.7800,100
39764831046506,11:02:44.831,26.7800,100
39765665897134,11:02:45.665,26.7900,100
39766532888031,11:02:46.532,26.7800,38
39766532890624,11:02:46.532,26.7800,62
39766532890624,11:02:46.532,26.7800,100
39766532890624,11:02:46.532,26.7800,38
39766532936062,11:02:46.532,26.7800,62
39797476046424,11:03:17.476,26.7600,100
39797477360619,11:03:17.477,26.7500,10
39797481149290,11:03:17.481,26.7400,100
39798370852682,11:03:18.370,26.7500,100
39837175975199,11:03:57.175,26.7500,190
39837176005844,11:03:57.176,26.7500,10
39837176005844,11:03:57.176,26.7500,100
39846510390829,11:04:06.510,26.7500,100
39855827276773,11:04:15.827,26.7600,100
39855827313606,11:04:15.827,26.7600,12
39867468444712,11:04:27.468,26.7750,100
39869569562471,11:04:29.569,26.7800,100
39877219641036,11:04:37.219,26.7800,1
39906659324464,11:05:06.659,26.7500,100
39922020712061,11:05:22.020,26.7500,100
39922020712061,11:05:22.020,26.7500,100
39922022886343,11:05:22.022,26.7450,100
39923143085912,11:05:23.143,26.7400,100
39968257813721,11:06:08.257,26.7500,10
40025382617068,11:07:05.382,26.7500,100
40025382648227,11:07:05.382,26.7500,100
40123214729554,11:08:43.214,26.7600,100
40130240201222,11:08:50.240,26.7700,100
40160336450022,11:09:20.336,26.7800,100
40160336486795,11:09:20.336,26.7800,28
40281062535120,11:11:21.062,26.7500,100
40281062535120,11:11:21.062,26.7500,100
40299247480764,11:11:39.247,26.7400,56
40299247512511,11:11:39.247,26.7400,100
40308547834583,11:11:48.547,26.7400,10
40321268747268,11:12:01.268,26.7450,100
40321268829224,11:12:01.268,26.7450,10
40321268868214,11:12:01.268,26.7450,90
40321268868214,11:12:01.268,26.7500,10
40332971468884,11:12:12.971,26.7450,100
40332975124187,11:12:12.975,26.7500,90
40332975124187,11:12:12.975,26.7500,10
40336619463146,11:12:16.619,26.7500,90
40336619463146,11:12:16.619,26.7500,10
40336619520587,11:12:16.619,26.7500,18
40400175782432,11:13:20.175,26.7550,100
40424331172559,11:13:44.331,26.7600,100
40424331212306,11:13:44.331,26.7600,100
40431228391863,11:13:51.228,26.7700,100
40601308954103,11:16:41.308,26.7800,100
40601308954103,11:16:41.308,26.7800,29
40601308954103,11:16:41.308,26.7800,100
40619322838821,11:16:59.322,26.7800,23
40619323259217,11:16:59.323,26.7800,70
40619323270228,11:16:59.323,26.7800,7
40645256538914,11:17:25.256,26.7750,100
40645257297914,11:17:25.257,26.7750,85
40720147745540,11:18:40.147,26.7700,76
40720147770472,11:18:40.147,26.7700,24
40746585864465,11:19:06.585,26.7700,100
40746585864465,11:19:06.585,26.7700,100
40751000610835,11:19:11.000,26.7700,200
40751000642191,11:19:11.000,26.7700,100
40759782318792,11:19:19.782,26.7650,100
40759782318792,11:19:19.782,26.7700,200
40759782318792,11:19:19.782,26.7700,100
40759782318792,11:19:19.782,26.7700,100
40778683458797,11:19:38.683,26.7700,200
40783159194833,11:19:43.159,26.7700,92
40783161760200,11:19:43.161,26.7700,100
40787101825256,11:19:47.101,26.7700,100
40803172140426,11:20:03.172,26.7700,100
40803172140426,11:20:03.172,26.7700,100
40826894864286,11:20:26.894,26.7750,100
40826894864286,11:20:26.894,26.7800,100
40826894864286,11:20:26.894,26.7800,100
40826894880586,11:20:26.894,26.7800,100
40826894880586,11:20:26.894,26.7800,31
40826894880586,11:20:26.894,26.7800,100
40826894880586,11:20:26.894,26.7800,200
40874989861690,11:21:14.989,26.7800,100
40909523478155,11:21:49.523,26.7700,100
40909523478155,11:21:49.523,26.7700,100
40909523485785,11:21:49.523,26.7700,100
40909523497254,11:21:49.523,26.7700,200
40909523521439,11:21:49.523,26.7700,100
40909523548871,11:21:49.523,26.7700,100
40909523573415,11:21:49.523,26.7700,100
40909524103626,11:21:49.524,26.7700,100
40909524103626,11:21:49.524,26.7700,100
40909524103626,11:21:49.524,26.7700,8
40930191605150,11:22:10.191,26.7700,100
40934425620899,11:22:14.425,26.7700,100
41033956141966,11:23:53.956,26.7800,1
41033956141966,11:23:53.956,26.7800,99
41033956168956,11:23:53.956,26.7800,1
41033956168956,11:23:53.956,26.7800,32
41109203985229,11:25:09.203,26.7800,52
41109204129124,11:25:09.204,26.7800,52
41109204137485,11:25:09.204,26.7800,48
41149568543135,11:25:49.568,26.7800,100
41222134292170,11:27:02.134,26.7850,200
41237304765579,11:27:17.304,26.7850,400
41237304765579,11:27:17.304,26.7900,100
41237304765579,11:27:17.304,26.7900,100
41237304765579,11:27:17.304,26.7900,100
41237304765579,11:27:17.304,26.7900,33
41237304815478,11:27:17.304,26.7900,67
41237304815478,11:27:17.304,26.7900,33
41237304815478,11:27:17.304,26.7900,100
41237304815478,11:27:17.304,26.7900,100
41237304815478,11:27:17.304,26.7900,100
41237305896571,11:27:17.305,26.7900,200
41237305896571,11:27:17.305,26.7900,200
41237305896571,11:27:17.305,26.7900,100
41237311256900,11:27:17.311,26.7800,100
41237311256900,11:27:17.311,26.7800,100
41237311256900,11:27:17.311,26.7800,100
41237311256900,11:27:17.311,26.7800,64
41237311318872,11:27:17.311,26.7800,136
41237311318872,11:27:17.311,26.7800,100
41237311318872,11:27:17.311,26.7800,100
41237311685841,11:27:17.311,26.7800,100
41239706442211,11:27:19.706,26.7750,183
41239706445683,11:27:19.706,26.7750,78
41239706579176,11:27:19.706,26.7750,100
41239706964952,11:27:19.706,26.7750,200
41252624965611,11:27:32.624,26.7750,200
41252625062120,11:27:32.625,26.7750,200
41252625389044,11:27:32.625,26.7750,200
41252625972878,11:27:32.625,26.7750,39
41252625972878,11:27:32.625,26.7800,100
41252625972878,11:27:32.625,26.7800,61
41252626028405,11:27:32.626,26.7800,39
41258865569698,11:27:38.865,26.7800,100
41258865569698,11:27:38.865,26.7800,100
41258865589941,11:27:38.865,26.7800,100
41258865589941,11:27:38.865,26.7800,100
41263449329934,11:27:43.449,26.7750,100
41272594296316,11:27:52.594,26.7700,38
41272594296316,11:27:52.594,26.7700,100
41272596763429,11:27:52.596,26.7600,100
41272596789815,11:27:52.596,26.7600,100
41272596789815,11:27:52.596,26.7600,100
41272596789815,11:27:52.596,26.7600,100
41272596789815,11:27:52.596,26.7600,100
41272596789815,11:27:52.596,26.7600,100
41272597876645,11:27:52.597,26.7500,50
41275831969350,11:27:55.831,26.7550,100
41278215347263,11:27:58.215,26.7550,100
41278215347263,11:27:58.215,26.7500,160
41278215585685,11:27:58.215,26.7500,90
41278215585685,11:27:58.215,26.7500,10
41286199464733,11:28:06.199,26.7300,100
41295683205239,11:28:15.683,26.6950,100
41297706828393,11:28:17.706,26.6950,100
41302499271184,11:28:22.499,26.6950,200
41302499468333,11:28:22.499,26.6950,230
41312418232648,11:28:32.418,26.6950,200
41312418381206,11:28:32.418,26.6950,100
41312418381206,11:28:32.418,26.7000,100
41312418381206,11:28:32.418,26.7000,30
41312418415635,11:28:32.418,26.7000,61
41312418421611,11:28:32.418,26.7000,39
41318999280928,11:28:38.999,26.7050,100
41318999280928,11:28:38.999,26.7100,100
41318999307204,11:28:38.999,26.7100,100
41463567658965,11:31:03.567,26.7100,100
41463788974513,11:31:03.788,26.7200,100
41472352682635,11:31:12.352,26.7100,100
41472352682635,11:31:12.352,26.7100,200
41472352880370,11:31:12.352,26.7100,49
41472352880370,11:31:12.352,26.7100,100
41472353148305,11:31:12.353,26.7100,12
41472353169967,11:31:12.353,26.7100,20
41498577888300,11:31:38.577,26.7200,100
41501844762041,11:31:41.844,26.7100,100
41506866935982,11:31:46.866,26.7100,49
41506866935982,11:31:46.866,26.7100,30
41516515644355,11:31:56.515,26.7100,52
41533822087965,11:32:13.822,26.7000,10
41533822113891,11:32:13.822,26.7000,10
41533822137395,11:32:13.822,26.7000,10
41566421380676,11:32:46.421,26.6900,100
41591377212788,11:33:11.377,26.7000,100
41591377580400,11:33:11.377,26.7000,29
41605913262477,11:33:25.913,26.6900,85
41605913289023,11:33:25.913,26.6900,15
41611110009362,11:33:31.110,26.6900,100
41657584155107,11:34:17.584,26.7000,27
41685300062497,11:34:45.300,26.7000,57
41685300329278,11:34:45.300,26.7000,43
41685304854282,11:34:45.304,26.7000,100
41687858858209,11:34:47.858,26.7050,100
41689300616674,11:34:49.300,26.7100,100
41689300616674,11:34:49.300,26.7100,100
41689301884484,11:34:49.301,26.7200,100
41689301884484,11:34:49.301,26.7200,100
41689305776017,11:34:49.305,26.7300,100
41689332764072,11:34:49.332,26.7300,100
41702020081574,11:35:02.020,26.7200,100
41717027749990,11:35:17.027,26.7150,200
41750195825059,11:35:50.195,26.7100,100
41750605172234,11:35:50.605,26.7000,11
41779186553987,11:36:19.186,26.7000,10
41869737856268,11:37:49.737,26.6700,100
41902640432241,11:38:22.640,26.6600,100
41902651860182,11:38:22.651,26.6500,100
41920545667894,11:38:40.545,26.6500,100
41920545667894,11:38:40.545,26.6500,100
41948576202313,11:39:08.576,26.6400,10
41951669332247,11:39:11.669,26.6250,100
41965641389982,11:39:25.641,26.6600,100
42043713221341,11:40:43.713,26.6400,20
42043713260214,11:40:43.713,26.6400,80
42043713697517,11:40:43.713,26.6400,100
42065663500577,11:41:05.663,26.6400,10
42065673843690,11:41:05.673,26.6400,90
42065678348152,11:41:05.678,26.6500,100
42135877809509,11:42:15.877,26.6800,100
42135877848599,11:42:15.877,26.6800,11
42163863832454,11:42:43.863,26.6700,60
42163863856759,11:42:43.863,26.6700,36
42163864797989,11:42:43.864,26.6700,4
42197235257338,11:43:17.235,26.6800,100
42280226419842,11:44:40.226,26.6800,10
42336669868297,11:45:36.669,26.6900,16
42384095211366,11:46:24.095,26.7000,84
42387258104046,11:46:27.258,26.7000,5
42473115208235,11:47:53.115,26.7100,26
42473115208235,11:47:53.115,26.7100,74
42473115245810,11:47:53.115,26.7100,26
42473126596293,11:47:53.126,26.7200,100
42473126596293,11:47:53.126,26.7200,100
42485695424507,11:48:05.695,26.7100,12
42589725692154,11:49:49.725,26.7000,100
42589725692154,11:49:49.725,26.7000,100
42589726404236,11:49:49.726,26.7000,74
42589726431076,11:49:49.726,26.7000,26
42589735366079,11:49:49.735,26.7100,48
42592650974180,11:49:52.650,26.7050,100
42608230334278,11:50:08.230,26.7000,25
42608231647963,11:50:08.231,26.7000,20
42608231774643,11:50:08.231,26.7000,55
42691977391965,11:51:31.977,26.6900,100
42691977391965,11:51:31.977,26.6900,10
42691977395029,11:51:31.977,26.6900,49
42691977726103,11:51:31.977,26.6800,10
42694528871795,11:51:34.528,26.6850,100
42728241645421,11:52:08.241,26.6800,81
42728242280339,11:52:08.242,26.6800,11
42791904209077,11:53:11.904,26.6900,100
42791904209077,11:53:11.904,26.6900,11
42791907113667,11:53:11.907,26.7000,100
42791907147620,11:53:11.907,26.7000,100
42791907147620,11:53:11.907,26.7000,25
42791907197905,11:53:11.907,26.7000,75
42791907866662,11:53:11.907,26.7000,5
42973643065791,11:56:13.643,26.6800,28
42973643118714,11:56:13.643,26.6800,2
42973643736631,11:56:13.643,26.6800,17
42985428606668,11:56:25.428,26.6900,100
42996449397739,11:56:36.449,26.6950,100
42996449397739,11:56:36.449,26.7000,8
42996450707122,11:56:36.450,26.7000,92
42996450707122,11:56:36.450,26.7000,8
42996450707122,11:56:36.450,26.7000,5
42996827074286,11:56:36.827,26.7000,54
43030899686118,11:57:10.899,26.7000,18
43030899711059,11:57:10.899,26.7000,35
43089897690594,11:58:09.897,26.6900,100
43092326499648,11:58:12.326,26.6900,8
43182416964016,11:59:42.416,26.6900,100
43182416995193,11:59:42.416,26.6900,100
43182416995193,11:59:42.416,26.6900,11
43192400649190,11:59:52.400,26.6950,100
43202435085651,12:00:02.435,26.7100,100
43202435085651,12:00:02.435,26.7100,100
43202435085651,12:00:02.435,26.7100,100
43202435085651,12:00:02.435,26.7100,95
43202435133437,12:00:02.435,26.7100,105
43209088642955,12:00:09.088,26.7150,100
43219394636044,12:00:19.394,26.7200,10
43219394636044,12:00:19.394,26.7200,90
43219394674758,12:00:19.394,26.7200,6
43219394713245,12:00:19.394,26.7200,2
43219394828813,12:00:19.394,26.7200,2
43219444956489,12:00:19.444,26.7200,100
43219445420458,12:00:19.445,26.7200,100
43245839339369,12:00:45.839,26.7200,100
43293577888342,12:01:33.577,26.7100,100
43293577888342,12:01:33.577,26.7100,100
43302076321963,12:01:42.076,26.7000,54
43334689576096,12:02:14.689,26.7000,100
43345345485408,12:02:25.345,26.7050,100
43347547944463,12:02:27.547,26.7050,100
43347547944463,12:02:27.547,26.7100,8
43347549307040,12:02:27.549,26.7100,92
43347549307040,12:02:27.549,26.7100,8
43397528006410,12:03:17.528,26.7400,100
43437100870391,12:03:57.100,26.7100,16
43549517678697,12:05:49.517,26.7050,16
43560200361630,12:06:00.200,26.7000,100
43622486170126,12:07:02.486,26.7100,100
43622486444566,12:07:02.486,26.7100,6
43729373791660,12:08:49.373,26.7300,100
43729374176940,12:08:49.374,26.7300,7
43737098980468,12:08:57.098,26.7400,100
43737098980468,12:08:57.098,26.7300,88
43737099005195,12:08:57.099,26.7300,12
43737099005195,12:08:57.099,26.7300,100
43969125893217,12:12:49.125,26.7500,100
43969125939877,12:12:49.125,26.7500,100
43976117208218,12:12:56.117,26.7500,5
44047657846189,12:14:07.657,26.7500,10
44162423286980,12:16:02.423,26.7600,10
44162423298143,12:16:02.423,26.7600,70
44162423311844,12:16:02.423,26.7600,20
44173529117497,12:16:13.529,26.7700,3
44173529117497,12:16:13.529,26.7700,5
44173529117497,12:16:13.529,26.7700,8
44179770419251,12:16:19.770,26.7700,100
44179770419251,12:16:19.770,26.7700,28
44179770446121,12:16:19.770,26.7700,14
44181377023749,12:16:21.377,26.7650,100
44187812938034,12:16:27.812,26.7700,1
44220248097691,12:17:00.248,26.7800,100
44238736939271,12:17:18.736,26.7850,100
44243398724743,12:17:23.398,26.7700,14
44243399403622,12:17:23.399,26.7700,30
44320763954216,12:18:40.763,26.7500,14
44325044571844,12:18:45.044,26.7500,91
44375442681450,12:19:35.442,26.7700,100
44379786072951,12:19:39.786,26.7750,6
44379786075011,12:19:39.786,26.7750,6
44379786520511,12:19:39.786,26.7800,6
44407201611764,12:20:07.201,26.7800,8
44407201611764,12:20:07.201,26.7800,200
44425738091279,12:20:25.738,26.7800,65
44425738160630,12:20:25.738,26.7800,35
44425738184911,12:20:25.738,26.7800,35
44425738210030,12:20:25.738,26.7800,26
44425738237370,12:20:25.738,26.7800,39
44425738237370,12:20:25.738,26.7800,26
44425738239304,12:20:25.738,26.7800,39
44425738262174,12:20:25.738,26.7800,27
44460223753370,12:21:00.223,26.7600,32
44460224387115,12:21:00.224,26.7600,64
44478538970081,12:21:18.538,26.7600,100
44478538970081,12:21:18.538,26.7600,10
44530883246234,12:22:10.883,26.7600,100
44530883246234,12:22:10.883,26.7600,100
44533779692245,12:22:13.779,26.7550,100
44537227183433,12:22:17.227,26.7600,100
44537227183433,12:22:17.227,26.7600,7
44537227240403,12:22:17.227,26.7600,5
44537867638263,12:22:17.867,26.7700,100
44600249191039,12:23:20.249,26.7600,100
44600249191039,12:23:20.249,26.7600,100
44600249191039,12:23:20.249,26.7600,100
44600944974741,12:23:20.944,26.7400,100
44737995854449,12:25:37.995,26.7550,100
44788558135922,12:26:28.558,26.7600,100
44788558183219,12:26:28.558,26.7600,100
44788559325776,12:26:28.559,26.7600,6
44849597847612,12:27:29.597,26.7600,100
44852638523830,12:27:32.638,26.7550,100
44921262328913,12:28:41.262,26.7600,100
44921262757299,12:28:41.262,26.7500,100
44921262757299,12:28:41.262,26.7500,100
44921263594057,12:28:41.263,26.7500,200
44922867020438,12:28:42.867,26.7500,98
44922867046999,12:28:42.867,26.7500,2
44923093406061,12:28:43.093,26.7500,100
44923186294858,12:28:43.186,26.7500,28
44957236623667,12:29:17.236,26.7400,100
44957236623667,12:29:17.236,26.7400,10
44958245531184,12:29:18.245,26.7300,100
44958246679918,12:29:18.246,26.7300,100
44960068125766,12:29:20.068,26.7350,8
44960068411137,12:29:20.068,26.7350,8
44960068414464,12:29:20.068,26.7350,8
44960068522482,12:29:20.068,26.7350,8
44960069159915,12:29:20.069,26.7400,8
45059066203781,12:30:59.066,26.7550,100
45076236883696,12:31:16.236,26.7600,100
45142853021704,12:32:22.853,26.7400,100
45143912940782,12:32:23.912,26.7350,100
45151077660884,12:32:31.077,26.7300,100
45151077660884,12:32:31.077,26.7300,100
45155098473703,12:32:35.098,26.7250,100
45160581409631,12:32:40.581,26.7300,7
45167377181306,12:32:47.377,26.7250,100
45167377181306,12:32:47.377,26.7300,100
45175582138520,12:32:55.582,26.7250,100
45175582138520,12:32:55.582,26.7300,100
45175582387992,12:32:55.582,26.7300,100
45182929247847,12:33:02.929,26.7350,100
45215731037425,12:33:35.731,26.7300,100
45240213918420,12:34:00.213,26.7300,3
45240213918420,12:34:00.213,26.7300,2
45240213922161,12:34:00.213,26.7300,3
45240213926178,12:34:00.213,26.7300,80
45240213954318,12:34:00.213,26.7300,15
45240217430417,12:34:00.217,26.7300,100
45240217430417,12:34:00.217,26.7300,100
45242712734046,12:34:02.712,26.7250,100
45243064943008,12:34:03.064,26.7250,100
45250086703154,12:34:10.086,26.7250,100
45272815204050,12:34:32.815,26.7200,22
45272815264750,12:34:32.815,26.7200,78
45272815264750,12:34:32.815,26.7200,100
45272815264750,12:34:32.815,26.7200,100
45272815264750,12:34:32.815,26.7200,10
45272815264750,12:34:32.815,26.7200,100
45279966114099,12:34:39.966,26.7250,100
45290871819037,12:34:50.871,26.7100,90
45290871846351,12:34:50.871,26.7100,10
45290871846351,12:34:50.871,26.7100,100
45290871860038,12:34:50.871,26.7100,100
45312561865015,12:35:12.561,26.7050,200
45322601088556,12:35:22.601,26.7100,100
45322601088556,12:35:22.601,26.7100,6
45322601088556,12:35:22.601,26.7100,100
45322601088556,12:35:22.601,26.7100,100
45322601088556,12:35:22.601,26.7100,94
45322601122527,12:35:22.601,26.7100,6
45322601122527,12:35:22.601,26.7100,100
45341586966175,12:35:41.586,26.7000,100
45341587004607,12:35:41.587,26.7000,100
45341587004607,12:35:41.587,26.7000,100
45357380528343,12:35:57.380,26.6900,1
45375542589730,12:36:15.542,26.6800,1
45397778267815,12:36:37.778,26.6700,10
45403632273510,12:36:43.632,26.6750,100
45403632582397,12:36:43.632,26.6800,100
45406473829460,12:36:46.473,26.6850,100
45456574917032,12:37:36.574,26.6800,100
45598848933219,12:39:58.848,26.6900,100
45598848933219,12:39:58.848,26.6900,100
45598848979765,12:39:58.848,26.6900,100
45601267159696,12:40:01.267,26.6950,1
45631693847008,12:40:31.693,26.6900,100
45644834124994,12:40:44.834,26.6850,100
45644834394648,12:40:44.834,26.6900,100
45644834394648,12:40:44.834,26.6900,100
45675019694624,12:41:15.019,26.7000,100
45675019719841,12:41:15.019,26.7000,4
45705657780212,12:41:45.657,26.7000,100
45708604632088,12:41:48.604,26.6900,200
45708604672992,12:41:48.604,26.6900,41
45708604686277,12:41:48.604,26.6900,200
45710002775061,12:41:50.002,26.6900,154
45710002809949,12:41:50.002,26.6900,51
45710002810449,12:41:50.002,26.6900,7
45710002825771,12:41:50.002,26.6900,51
45710002846079,12:41:50.002,26.6900,100
45710002908503,12:41:50.002,26.6900,19
45710002908503,12:41:50.002,26.6900,100
45710914099394,12:41:50.914,26.6800,100
45713389749185,12:41:53.389,26.6750,100
45713389906687,12:41:53.389,26.6800,100
45730972615569,12:42:10.972,26.6700,100
45747378615760,12:42:27.378,26.6700,5
45749155521049,12:42:29.155,26.6700,100
45765242401974,12:42:45.242,26.6700,33
45765242401974,12:42:45.242,26.6700,67
45910991943154,12:45:10.991,26.6800,100
45911046770400,12:45:11.046,26.6800,95
45919760038147,12:45:19.760,26.6950,100
45919760054475,12:45:19.760,26.6900,100
45953114240294,12:45:53.114,26.6900,100
45966248470650,12:46:06.248,26.6800,100
45983985948728,12:46:23.985,26.6700,100
46044717198896,12:47:24.717,26.6800,7
46162825329964,12:49:22.825,26.6700,100
46162825329964,12:49:22.825,26.6700,10
46162825492298,12:49:22.825,26.6700,59
46162826139907,12:49:22.826,26.6700,100
46163234832132,12:49:23.234,26.6800,100
46163234832132,12:49:23.234,26.6800,100
46170377123802,12:49:30.377,26.6700,100
46199615430879,12:49:59.615,26.6700,100
46259311602438,12:50:59.311,26.6900,100
46259311602438,12:50:59.311,26.6900,4
46287600033268,12:51:27.600,26.7000,100
46287600033268,12:51:27.600,26.7000,100
46304401261240,12:51:44.401,26.6900,100
46304401589270,12:51:44.401,26.6900,100
46304401589270,12:51:44.401,26.6900,100
46327492455642,12:52:07.492,26.6950,100
46327492455642,12:52:07.492,26.7000,7
46327493692462,12:52:07.493,26.7000,93
46327493692462,12:52:07.493,26.7000,7
46331178028649,12:52:11.178,26.7000,100
46331178162460,12:52:11.178,26.7000,100
46331178186947,12:52:11.178,26.7000,100
46331178501841,12:52:11.178,26.7000,4
46331179404915,12:52:11.179,26.7000,89
46345119471771,12:52:25.119,26.6900,10
46453965223205,12:54:13.965,26.6800,100
46467192534166,12:54:27.192,26.6700,100
46467192534166,12:54:27.192,26.6700,100
46467219395800,12:54:27.219,26.6600,100
46467219395800,12:54:27.219,26.6600,80
46467219434385,12:54:27.219,26.6600,20
46504212775780,12:55:04.212,26.6600,100
46504212805586,12:55:04.212,26.6600,5
46519045776339,12:55:19.045,26.6600,100
46523905967096,12:55:23.905,26.6500,100
46523906074218,12:55:23.906,26.6500,100
46533041138607,12:55:33.041,26.6400,4
46542015083328,12:55:42.015,26.6300,100
46542015083328,12:55:42.015,26.6300,100
46568237988839,12:56:08.237,26.6400,3
46612383594403,12:56:52.383,26.6400,4
46647152433634,12:57:27.152,26.6300,100
46647152898179,12:57:27.152,26.6300,100
46767375229767,12:59:27.375,26.6300,5
46767375230436,12:59:27.375,26.6300,5
46767375237161,12:59:27.375,26.6300,10
46767784096607,12:59:27.784,26.6400,100
46767784096607,12:59:27.784,26.6400,100
46768284720505,12:59:28.284,26.6500,100
46769285837678,12:59:29.285,26.6450,100
46801344969463,13:00:01.344,26.6550,3
46814943690785,13:00:14.943,26.6400,97
46814943735922,13:00:14.943,26.6400,3
46814943735922,13:00:14.943,26.6400,2
46814943810062,13:00:14.943,26.6400,98
46831951486861,13:00:31.951,26.6300,100
46831951570409,13:00:31.951,26.6300,13
46831951606123,13:00:31.951,26.6300,87
46831951606123,13:00:31.951,26.6300,7
46831951606123,13:00:31.951,26.6300,100
46869219137566,13:01:09.219,26.6250,100
46869219325314,13:01:09.219,26.6300,100
46869220503912,13:01:09.220,26.6400,100
46887760369046,13:01:27.760,26.6400,100
46897008408606,13:01:37.008,26.6350,100
46897009505824,13:01:37.009,26.6350,100
46897009505824,13:01:37.009,26.6400,100
46974175622669,13:02:54.175,26.6400,65
46974176354243,13:02:54.176,26.6400,3
47039339120065,13:03:59.339,26.6400,32
47039339120065,13:03:59.339,26.6400,2
47039339120065,13:03:59.339,26.6400,62
47039339165494,13:03:59.339,26.6400,38
47051475105994,13:04:11.475,26.6300,100
47051535898305,13:04:11.535,26.6400,100
47067804858284,13:04:27.804,26.6300,15
47070525439535,13:04:30.525,26.6300,85
47080025280988,13:04:40.025,26.6250,100
47082570127289,13:04:42.570,26.6300,100
47093265615697,13:04:53.265,26.6200,6
47096546088874,13:04:56.546,26.6250,56
47116624525767,13:05:16.624,26.6400,100
47119043077486,13:05:19.043,26.6450,100
47397712224905,13:09:57.712,26.6500,200
47401540417258,13:10:01.540,26.6550,1
47461693760353,13:11:01.693,26.6600,2
47489441628915,13:11:29.441,26.6500,5
47489441741885,13:11:29.441,26.6500,2
47508120793992,13:11:48.120,26.6650,100
47508120793992,13:11:48.120,26.6700,100
47508120850162,13:11:48.120,26.6700,100
47582835487872,13:13:02.835,26.6700,100
47582835495568,13:13:02.835,26.6600,93
47582835495568,13:13:02.835,26.6600,100
47595208775101,13:13:15.208,26.6500,100
47595208775101,13:13:15.208,26.6500,100
47600929644477,13:13:20.929,26.6400,48
47600929691394,13:13:20.929,26.6400,52
47600929691394,13:13:20.929,26.6400,100
47600929691394,13:13:20.929,26.6400,100
47600929691394,13:13:20.929,26.6400,4
47600929734337,13:13:20.929,26.6400,96
47600929749162,13:13:20.929,26.6400,7
47600929749162,13:13:20.929,26.6400,10
47600930801497,13:13:20.930,26.6400,35
47601111074542,13:13:21.111,26.6400,100
47602328958508,13:13:22.328,26.6500,100
47602328958508,13:13:22.328,26.6500,2
47602328958508,13:13:22.328,26.6500,100
47602330820712,13:13:22.330,26.6600,100
47602332877700,13:13:22.332,26.6700,100
47602333775862,13:13:22.333,26.6700,25
47602333850750,13:13:22.333,26.6700,75
47636891402570,13:13:56.891,26.6600,11
47636891402570,13:13:56.891,26.6600,89
47636918703186,13:13:56.918,26.6600,100
47636918703186,13:13:56.918,26.6600,200
47636918703186,13:13:56.918,26.6600,100
47673529961447,13:14:33.529,26.6600,2
47673529988132,13:14:33.529,26.6600,98
47673540370968,13:14:33.540,26.6600,100
47673540370968,13:14:33.540,26.6600,100
47673540370968,13:14:33.540,26.6600,100
47673540370968,13:14:33.540,26.6600,100
47673541623083,13:14:33.541,26.6600,100
47673541670600,13:14:33.541,26.6600,100
47673541670600,13:14:33.541,26.6600,100
47673542538289,13:14:33.542,26.6600,200
47673542538289,13:14:33.542,26.6600,100
47683153149680,13:14:43.153,26.6550,400
47683160227000,13:14:43.160,26.6550,100
47683339844801,13:14:43.339,26.6600,100
47683339844801,13:14:43.339,26.6600,100
47700860835695,13:15:00.860,26.6600,100
47719072782657,13:15:19.072,26.6500,52
47719072782657,13:15:19.072,26.6500,48
47719072886844,13:15:19.072,26.6500,52
47917983997906,13:18:37.983,26.6500,100
47917984653032,13:18:37.984,26.6500,4
47917984806508,13:18:37.984,26.6500,10
48040113140304,13:20:40.113,26.6400,96
48040113165341,13:20:40.113,26.6400,4
48040113165341,13:20:40.113,26.6400,92
48040113171227,13:20:40.113,26.6400,8
48040113171227,13:20:40.113,26.6400,100
48040113171227,13:20:40.113,26.6400,30
48040113193072,13:20:40.113,26.6400,70
48040113193072,13:20:40.113,26.6400,1
48046006415973,13:20:46.006,26.6300,100
48046006415973,13:20:46.006,26.6300,97
48053124525754,13:20:53.124,26.6300,4
48053124525754,13:20:53.124,26.6300,1
48070449537464,13:21:10.449,26.6350,200
48070449554045,13:21:10.449,26.6400,100
48070449559518,13:21:10.449,26.6400,100
48070449559518,13:21:10.449,26.6400,100
48079265151651,13:21:19.265,26.6400,100
48104717006413,13:21:44.717,26.6500,100
48143093144530,13:22:23.093,26.6400,100
48143093151510,13:22:23.093,26.6400,100
48143093264026,13:22:23.093,26.6400,221
48143093298752,13:22:23.093,26.6400,96
48143093334027,13:22:23.093,26.6400,53
48143093501069,13:22:23.093,26.6400,87
48143093501069,13:22:23.093,26.6400,13
48143093744322,13:22:23.093,26.6400,87
48186010963060,13:23:06.010,26.6300,100
48186011006049,13:23:06.011,26.6300,100
48190374387872,13:23:10.374,26.6250,100
48190374387872,13:23:10.374,26.6300,100
48226387459035,13:23:46.387,26.6200,43
48239375558879,13:23:59.375,26.6200,10
48352718420026,13:25:52.718,26.6400,3
48352718420026,13:25:52.718,26.6400,100
48359957132043,13:25:59.957,26.6450,100
48359957132043,13:25:59.957,26.6500,100
48359957132043,13:25:59.957,26.6500,100
48359957132043,13:25:59.957,26.6500,4
48359957183561,13:25:59.957,26.6500,96
48359957183561,13:25:59.957,26.6500,4
48405831031314,13:26:45.831,26.6500,3
48423000832282,13:27:03.000,26.6550,100
48480498492983,13:28:00.498,26.6600,100
48480498492983,13:28:00.498,26.6600,100
48480498492983,13:28:00.498,26.6600,4
48480498492983,13:28:00.498,26.6600,96
48480498528551,13:28:00.498,26.6600,4
48488534630914,13:28:08.534,26.6600,4
48488534630914,13:28:08.534,26.6600,96
48488535228361,13:28:08.535,26.6600,4
48573893034175,13:29:33.893,26.6600,100
48573893034175,13:29:33.893,26.6700,4
48573893081514,13:29:33.893,26.6700,96
48573893081514,13:29:33.893,26.6700,4
48614011236802,13:30:14.011,26.6850,6
48614011239820,13:30:14.011,26.6850,6
48618918138159,13:30:18.918,26.6900,6
48641485690948,13:30:41.485,26.6900,67
48641493652910,13:30:41.493,26.6900,33
48641493652910,13:30:41.493,26.6900,200
48641494408395,13:30:41.494,26.6800,2
48641494468289,13:30:41.494,26.6800,98
48641494468289,13:30:41.494,26.6800,12
48641494656102,13:30:41.494,26.6850,100
48641494656102,13:30:41.494,26.6900,200
48641494656102,13:30:41.494,26.6900,357
48651698325754,13:30:51.698,26.6850,200
48666249227045,13:31:06.249,26.6850,40
48669829156029,13:31:09.829,26.6850,60
48669829156029,13:31:09.829,26.6900,40
48669829427054,13:31:09.829,26.6900,60
48669829427054,13:31:09.829,26.6900,40
48669829433507,13:31:09.829,26.6900,4
48669829665410,13:31:09.829,26.6900,56
48679426658749,13:31:19.426,26.6900,51
48679427513021,13:31:19.427,26.6900,100
48679465554860,13:31:19.465,26.6900,100
48695525134398,13:31:35.525,26.6900,100
48695525257679,13:31:35.525,26.6800,28
48695525311217,13:31:35.525,26.6900,100
48697335078777,13:31:37.335,26.6800,1
48703143582658,13:31:43.143,26.6800,10
48731883161072,13:32:11.883,26.6800,100
48731883161072,13:32:11.883,26.6800,52
48731883225302,13:32:11.883,26.6800,20
48731883334567,13:32:11.883,26.6800,1
48731883945191,13:32:11.883,26.6800,11
48733007138420,13:32:13.007,26.6800,16
48733010353797,13:32:13.010,26.6800,40
48736085132064,13:32:16.085,26.6850,84
48736085132064,13:32:16.085,26.6900,100
48736085132064,13:32:16.085,26.6900,16
48736085535319,13:32:16.085,26.6900,84
48736085563370,13:32:16.085,26.6900,81
48741017355206,13:32:21.017,26.6950,100
48810489716462,13:33:30.489,26.6950,100
48810489893909,13:33:30.489,26.7000,100
48810489900752,13:33:30.489,26.7000,6
48810489900752,13:33:30.489,26.7000,4
48810492830805,13:33:30.492,26.7100,100
48810492830805,13:33:30.492,26.7100,100
48811178576302,13:33:31.178,26.7200,100
48811181398207,13:33:31.181,26.7300,60
48818147370764,13:33:38.147,26.7200,100
48831850274998,13:33:51.850,26.7100,40
48831850521685,13:33:51.850,26.7100,60
48846845371348,13:34:06.845,26.7000,32
48920889590289,13:35:20.889,26.7000,64
48920889617643,13:35:20.889,26.7000,1
48920889643934,13:35:20.889,26.7000,3
48920889643934,13:35:20.889,26.7000,100
48953621618213,13:35:53.621,26.7150,61
48953621643647,13:35:53.621,26.7150,39
48953621643647,13:35:53.621,26.7200,100
48953621643647,13:35:53.621,26.7200,69
48953621671945,13:35:53.621,26.7200,31
48953621671945,13:35:53.621,26.7200,8
49020183253454,13:37:00.183,26.7200,1
49050953968707,13:37:30.953,26.7200,99
49050953968707,13:37:30.953,26.7200,1
49050954016588,13:37:30.954,26.7200,199
49050954016588,13:37:30.954,26.7200,67
49050954051649,13:37:30.954,26.7200,163
49050954051649,13:37:30.954,26.7200,100
49050954051649,13:37:30.954,26.7200,100
49199029395913,13:39:59.029,26.7100,10
49199029921132,13:39:59.029,26.7100,90
49199029921132,13:39:59.029,26.7100,100
49199029921132,13:39:59.029,26.7100,10
49199029964081,13:39:59.029,26.7100,11
49199029964633,13:39:59.029,26.7100,44
49199029983478,13:39:59.029,26.7100,35
49205032893096,13:40:05.032,26.7000,200
49229654930935,13:40:29.654,26.7050,100
49229654930935,13:40:29.654,26.7100,100
49229654930935,13:40:29.654,26.7100,9
49229654960208,13:40:29.654,26.7100,91
49229654960208,13:40:29.654,26.7100,9
49237669222835,13:40:37.669,26.7100,20
49313992038944,13:41:53.992,26.7100,2
49313992063817,13:41:53.992,26.7100,72
49428562254964,13:43:48.562,26.7100,100
49428562254964,13:43:48.562,26.7100,7
49428562254964,13:43:48.562,26.7100,93
49428562287819,13:43:48.562,26.7100,7
49455233020106,13:44:15.233,26.7100,90
49455233053113,13:44:15.233,26.7100,10
49455785315779,13:44:15.785,26.7100,100
49498236458151,13:44:58.236,26.7200,100
49498236458151,13:44:58.236,26.7200,100
49498236458151,13:44:58.236,26.7200,10
49513883565607,13:45:13.883,26.7100,10
49514039259821,13:45:14.039,26.7050,100
49514039259821,13:45:14.039,26.7100,100
49559694913336,13:45:59.694,26.7400,100
49559694942713,13:45:59.694,26.7400,100
49572836019246,13:46:12.836,26.7400,15
49572887560947,13:46:12.887,26.7500,100
49600667675082,13:46:40.667,26.7600,100
49600667866596,13:46:40.667,26.7500,8
49600668032956,13:46:40.668,26.7500,92
49691441900207,13:48:11.441,26.7400,14
49739301593041,13:48:59.301,26.7300,10
49739301768501,13:48:59.301,26.7200,24
49793857740016,13:49:53.857,26.7200,10
49806220903022,13:50:06.220,26.7150,100
49822073613886,13:50:22.073,26.7200,100
49827001207514,13:50:27.001,26.7200,11
49873412466892,13:51:13.412,26.7300,95
49873412545104,13:51:13.412,26.7300,100
49882313482953,13:51:22.313,26.7400,100
49885853396222,13:51:25.853,26.7300,100
49895935235512,13:51:35.935,26.7250,100
49910263408124,13:51:50.263,26.7200,100
49910263408124,13:51:50.263,26.7200,100
49910263432643,13:51:50.263,26.7200,100
49913255628491,13:51:53.255,26.7100,6
49920671404904,13:52:00.671,26.7150,100
49920675588756,13:52:00.675,26.7200,100
49939676939200,13:52:19.676,26.7200,16
49939678106001,13:52:19.678,26.7200,84
49955273917465,13:52:35.273,26.7200,100
49955273917465,13:52:35.273,26.7300,12
49955276003897,13:52:35.276,26.7300,88
49955277534409,13:52:35.277,26.7300,12
49955277534409,13:52:35.277,26.7300,15
49979591525915,13:52:59.591,26.7350,100
49982967195585,13:53:02.967,26.7400,52
49982967222460,13:53:02.967,26.7400,48
50154994163199,13:55:54.994,26.7300,100
50154994163199,13:55:54.994,26.7300,100
50154994163199,13:55:54.994,26.7300,10
50155033911583,13:55:55.033,26.7200,100
50155033911583,13:55:55.033,26.7200,100
50160028974454,13:56:00.028,26.7150,27
50160976246736,13:56:00.976,26.7150,73
50160976246736,13:56:00.976,26.7200,27
50160976428585,13:56:00.976,26.7200,73
50161745028816,13:56:01.745,26.7250,100
50161745028816,13:56:01.745,26.7300,100
50176113385634,13:56:16.113,26.7250,100
50179238614282,13:56:19.238,26.7300,100
50179238643824,13:56:19.238,26.7300,12
50185301097272,13:56:25.301,26.7300,100
50185301218214,13:56:25.301,26.7300,100
50185301234864,13:56:25.301,26.7300,44
50185322897723,13:56:25.322,26.7200,61
50246891782716,13:57:26.891,26.7300,100
50246891819960,13:57:26.891,26.7300,100
50259444035381,13:57:39.444,26.7350,100
50276685928909,13:57:56.685,26.7300,100
50318934438899,13:58:38.934,26.7300,100
50318936873241,13:58:38.936,26.7200,100
50340000702850,13:59:00.000,26.7100,100
50340000702850,13:59:00.000,26.7100,100
50340000702850,13:59:00.000,26.7100,100
50340000702850,13:59:00.000,26.7100,100
50387307431475,13:59:47.307,26.7150,10
50387307529899,13:59:47.307,26.7150,10
50387308114221,13:59:47.308,26.7150,10
50387308237527,13:59:47.308,26.7150,10
50387308474963,13:59:47.308,26.7200,10
50387446622585,13:59:47.446,26.7150,60
50387446622585,13:59:47.446,26.7200,40
50402689914092,14:00:02.689,26.7100,10
50402689914092,14:00:02.689,26.7100,98
50402690703282,14:00:02.690,26.7100,2
50402690703282,14:00:02.690,26.7100,98
50402692858724,14:00:02.692,26.7100,2
50402692858724,14:00:02.692,26.7100,100
50402700784242,14:00:02.700,26.7100,41
50402700919464,14:00:02.700,26.7100,59
50402700919464,14:00:02.700,26.7100,41
50402701902183,14:00:02.701,26.7100,19
50402701902183,14:00:02.701,26.7100,81
50402701903957,14:00:02.701,26.7100,19
50402708390615,14:00:02.708,26.7200,60
50402708390615,14:00:02.708,26.7200,40
50402708588206,14:00:02.708,26.7200,30
50402708588206,14:00:02.708,26.7200,90
50402708766368,14:00:02.708,26.7200,2
50402708825860,14:00:02.708,26.7200,8
50402718574211,14:00:02.718,26.7200,100
50402733556266,14:00:02.733,26.7200,100
50403201696589,14:00:03.201,26.7300,23
50403202561385,14:00:03.202,26.7300,77
50403202561385,14:00:03.202,26.7300,100
50403211778505,14:00:03.211,26.7300,60
50404039133725,14:00:04.039,26.7300,200
50404039162298,14:00:04.039,26.7300,100
50405723500932,14:00:05.723,26.7300,100
50405724879733,14:00:05.724,26.7400,42
50405724971379,14:00:05.724,26.7400,39
50405725508145,14:00:05.725,26.7400,19
50406110681270,14:00:06.110,26.7500,100
50407940263446,14:00:07.940,26.7900,40
50407940822524,14:00:07.940,26.7900,60
50408440447204,14:00:08.440,26.8000,100
50408440447204,14:00:08.440,26.8000,100
50408440447204,14:00:08.440,26.8000,117
50408440463189,14:00:08.440,26.8000,340
50408440463189,14:00:08.440,26.8000,100
50408441108780,14:00:08.441,26.7900,100
50408449732669,14:00:08.449,26.7600,161
50408451622136,14:00:08.451,26.7600,100
50408452354579,14:00:08.452,26.7550,39
50408453253333,14:00:08.453,26.7800,50
50408453874288,14:00:08.453,26.7800,100
50408453874288,14:00:08.453,26.7800,82
50409031367516,14:00:09.031,26.8000,100
50409031367516,14:00:09.031,26.8000,100
50409031367516,14:00:09.031,26.8000,100
50409031605226,14:00:09.031,26.8000,82
50409270772980,14:00:09.270,26.8000,100
50411638641869,14:00:11.638,26.7700,100
50411638641869,14:00:11.638,26.7700,82
50413054099997,14:00:13.054,26.7750,82
50414042907357,14:00:14.042,26.7750,100
50415525940025,14:00:15.525,26.7400,4
50415757078685,14:00:15.757,26.7600,100
50423331190859,14:00:23.331,26.7400,7
50442142702295,14:00:42.142,26.7700,100
50442142753414,14:00:42.142,26.7700,41
50442143157880,14:00:42.143,26.7700,100
50444119880973,14:00:44.119,26.7500,75
50444119922235,14:00:44.119,26.7500,25
50444119965076,14:00:44.119,26.7500,100
50444138923383,14:00:44.138,26.7500,83
50451827524909,14:00:51.827,26.7600,100
50453041874429,14:00:53.041,26.7600,100
50454608665785,14:00:54.608,26.7600,100
50456861499587,14:00:56.861,26.7600,100
50456960503159,14:00:56.960,26.7600,100
50463096186454,14:01:03.096,26.7550,600
50465671853207,14:01:05.671,26.7700,38
50465671858190,14:01:05.671,26.7700,100
50471968549963,14:01:11.968,26.7500,100
50471968549963,14:01:11.968,26.7500,62
50510147894121,14:01:50.147,26.7500,100
50576404070622,14:02:56.404,26.7800,9
50576404070622,14:02:56.404,26.7800,91
50576404172275,14:02:56.404,26.7800,9
50593166229484,14:03:13.166,26.7800,100
50593166323323,14:03:13.166,26.7900,72
50593166338795,14:03:13.166,26.7900,28
50593166338795,14:03:13.166,26.7900,100
50593166338795,14:03:13.166,26.7900,72
50593166554154,14:03:13.166,26.7900,28
50609611725892,14:03:29.611,26.7900,10
50641023298957,14:04:01.023,26.8000,5
50641023455606,14:04:01.023,26.8050,100
50641024319875,14:04:01.024,26.8100,100
50641024322858,14:04:01.024,26.8100,95
50641027090706,14:04:01.027,26.8200,100
50641733910190,14:04:01.733,26.8200,100
50641733915508,14:04:01.733,26.8200,100
50642770032630,14:04:02.770,26.8000,100
50652213892077,14:04:12.213,26.8000,100
50652624293025,14:04:12.624,26.8000,100
50652628125846,14:04:12.628,26.8000,109
50652696674918,14:04:12.696,26.8000,100
50662077674612,14:04:22.077,26.8000,100
50670019109965,14:04:30.019,26.8050,100
50670019109965,14:04:30.019,26.8100,9
50672232355952,14:04:32.232,26.8050,100
50675131700946,14:04:35.131,26.8000,100
50682667265534,14:04:42.667,26.8000,100
50682669519948,14:04:42.669,26.8100,9
50682669519948,14:04:42.669,26.8100,491
50682669729059,14:04:42.669,26.8100,209
50683674836212,14:04:43.674,26.8000,91
50689169641228,14:04:49.169,26.8000,100
50691853833096,14:04:51.853,26.8000,100
50699936610270,14:04:59.936,26.8000,100
50708710034014,14:05:08.710,26.8000,100
50708710034014,14:05:08.710,26.8100,191
50709758295613,14:05:09.758,26.8100,509
50709758295613,14:05:09.758,26.8100,86
50709758320658,14:05:09.758,26.8100,14
50709758334510,14:05:09.758,26.8100,10
50710213404788,14:05:10.213,26.8050,100
50710213404788,14:05:10.213,26.8100,300
50710213449274,14:05:10.213,26.8100,400
50710213458167,14:05:10.213,26.8100,400
50710213770124,14:05:10.213,26.8100,300
50710213770124,14:05:10.213,26.8100,300
50710213770124,14:05:10.213,26.8100,100
50710214331874,14:05:10.214,26.8100,100
50710214331874,14:05:10.214,26.8100,100
50710214919996,14:05:10.214,26.8100,700
50710214919996,14:05:10.214,26.8100,400
50710215110430,14:05:10.215,26.8100,400
50710216762849,14:05:10.216,26.8100,1000
50710216762849,14:05:10.216,26.8100,100
50711034310386,14:05:11.034,26.8050,100
50713806543510,14:05:13.806,26.8050,300
50719691356461,14:05:19.691,26.8000,83
50720397701949,14:05:20.397,26.8050,700
50724936545718,14:05:24.936,26.8050,36
50724936600129,14:05:24.936,26.8050,64
50724936600129,14:05:24.936,26.8100,600
50724936600129,14:05:24.936,26.8100,36
50724936631560,14:05:24.936,26.8100,64
50724936822062,14:05:24.936,26.8100,500
50724936822062,14:05:24.936,26.8100,100
50724936822062,14:05:24.936,26.8100,100
50724936856377,14:05:24.936,26.8100,22
50724949103487,14:05:24.949,26.8100,100
50725122701770,14:05:25.122,26.8100,200
50805710705214,14:06:45.710,26.8050,100
50805710719518,14:06:45.710,26.8100,100
50805710812440,14:06:45.710,26.8100,300
50805710967186,14:06:45.710,26.8100,100
50805710985146,14:06:45.710,26.8100,28
50805711201314,14:06:45.711,26.8100,600
50805711201314,14:06:45.711,26.8100,100
50805711201314,14:06:45.711,26.8100,600
50805711201314,14:06:45.711,26.8100,100
50805711201314,14:06:45.711,26.8100,100
50805711201314,14:06:45.711,26.8100,100
50805711201314,14:06:45.711,26.8100,100
50805715027518,14:06:45.715,26.8100,100
50807833211449,14:06:47.833,26.8050,400
50818265522763,14:06:58.265,26.8050,100
50834615327669,14:07:14.615,26.8000,2
50834615327669,14:07:14.615,26.8000,98
50834615359817,14:07:14.615,26.8000,2
50834615359817,14:07:14.615,26.8000,98
50834615402738,14:07:14.615,26.8000,2
50834619636671,14:07:14.619,26.7900,83
50834620417711,14:07:14.620,26.7900,17
50834620417711,14:07:14.620,26.7900,83
50834620423079,14:07:14.620,26.7900,17
50834620423079,14:07:14.620,26.7900,83
50837818156611,14:07:17.818,26.7950,100
50837818164720,14:07:17.818,26.7950,100
50837818484504,14:07:17.818,26.7950,100
50837818494257,14:07:17.818,26.8000,100
50853845930923,14:07:33.845,26.7900,100
50853864267214,14:07:33.864,26.7900,100
50855094671032,14:07:35.094,26.7900,100
50855095280959,14:07:35.095,26.8000,100
50855095280959,14:07:35.095,26.8000,100
50855095280959,14:07:35.095,26.8000,1
50855095860165,14:07:35.095,26.8100,400
50855095893226,14:07:35.095,26.8100,48
50863573237968,14:07:43.573,26.8000,100
50919836226551,14:08:39.836,26.7900,5
51006079252384,14:10:06.079,26.7900,4
51015766239384,14:10:15.766,26.7800,100
51015766239384,14:10:15.766,26.7800,100
51015766239384,14:10:15.766,26.7800,10
51034849285290,14:10:34.849,26.7700,100
51034849293196,14:10:34.849,26.7700,100
51034849293196,14:10:34.849,26.7700,56
51034849296697,14:10:34.849,26.7700,42
51034849307094,14:10:34.849,26.7700,2
51034849307094,14:10:34.849,26.7700,79
51034849383853,14:10:34.849,26.7700,21
51034849383853,14:10:34.849,26.7700,100
51034851702531,14:10:34.851,26.7550,52
51037238893453,14:10:37.238,26.7550,48
51037238893453,14:10:37.238,26.7600,52
51037544696536,14:10:37.544,26.7600,48
51037544696536,14:10:37.544,26.7600,100
51039349877816,14:10:39.349,26.7700,100
51040659744618,14:10:40.659,26.7750,100
51044328666534,14:10:44.328,26.7750,97
51044668580415,14:10:44.668,26.7750,3
51044668580415,14:10:44.668,26.7800,97
51044668610991,14:10:44.668,26.7800,3
51060959596800,14:11:00.959,26.7950,100
51060960174381,14:11:00.960,26.7950,100
51060960519688,14:11:00.960,26.7950,100
51060960783331,14:11:00.960,26.7950,40
51060974520843,14:11:00.974,26.7950,41
51060974563170,14:11:00.974,26.7950,9
51060975161813,14:11:00.975,26.7950,50
51067217581351,14:11:07.217,26.7950,100
51086347436624,14:11:26.347,26.8050,100
51086347436624,14:11:26.347,26.8100,166
51086347463434,14:11:26.347,26.8100,86
51086347463434,14:11:26.347,26.8100,20
51086347468258,14:11:26.347,26.8100,106
51086347477926,14:11:26.347,26.8100,106
51086347637407,14:11:26.347,26.8100,300
51086347637407,14:11:26.347,26.8100,100
51086347637407,14:11:26.347,26.8100,100
51086347637407,14:11:26.347,26.8100,100
51086347637407,14:11:26.347,26.8100,100
51086348393017,14:11:26.348,26.8100,100
51086348393017,14:11:26.348,26.8100,100
51086348393017,14:11:26.348,26.8100,700
51086349310407,14:11:26.349,26.8100,100
51086349310407,14:11:26.349,26.8100,400
51086349310407,14:11:26.349,26.8100,100
51086349310407,14:11:26.349,26.8100,100
51087524745876,14:11:27.524,26.8100,100
51087527432104,14:11:27.527,26.8100,100
51089121469023,14:11:29.121,26.8050,100
51105257895002,14:11:45.257,26.8000,34
51105257901261,14:11:45.257,26.8000,66
51131776481300,14:12:11.776,26.7950,100
51131776525310,14:12:11.776,26.8000,100
51140236033511,14:12:20.236,26.8050,100
51140238461039,14:12:20.238,26.8100,500
51144651248312,14:12:24.651,26.8050,50
51144651577142,14:12:24.651,26.8100,50
51166082547656,14:12:46.082,26.8150,100
51169472127328,14:12:49.472,26.8200,100
51169474244275,14:12:49.474,26.8300,700
51169474244275,14:12:49.474,26.8300,100
51169474422315,14:12:49.474,26.8300,400
51169474422315,14:12:49.474,26.8300,100
51169474422315,14:12:49.474,26.8300,100
51169475341666,14:12:49.475,26.8300,100
51169595807762,14:12:49.595,26.8300,150
51169595833066,14:12:49.595,26.8300,550
51169596036221,14:12:49.596,26.8300,500
51169596036221,14:12:49.596,26.8300,500
51169596036221,14:12:49.596,26.8300,200
51169596036221,14:12:49.596,26.8300,100
51169597038593,14:12:49.597,26.8300,100
51175736440925,14:12:55.736,26.8250,700
51175736440925,14:12:55.736,26.8300,100
51175738931837,14:12:55.738,26.8300,400
51175738960949,14:12:55.738,26.8300,300
51175738967692,14:12:55.738,26.8300,66
51175739133144,14:12:55.739,26.8300,500
51175739133144,14:12:55.739,26.8300,200
51175739133144,14:12:55.739,26.8300,100
51175739133144,14:12:55.739,26.8300,100
51175739133144,14:12:55.739,26.8300,100
51175740071669,14:12:55.740,26.8300,100
51176936675796,14:12:56.936,26.8250,100
51176936675796,14:12:56.936,26.8250,100
51176968182564,14:12:56.968,26.8300,100
51176973305439,14:12:56.973,26.8300,300
51176973349327,14:12:56.973,26.8300,42
51176973749007,14:12:56.973,26.8300,38
51181294224351,14:13:01.294,26.8250,100
51195067281303,14:13:15.067,26.8300,100
51195067507537,14:13:15.067,26.8300,120
51195067689023,14:13:15.067,26.8300,600
51195067689023,14:13:15.067,26.8300,100
51195067689023,14:13:15.067,26.8300,100
51195067689023,14:13:15.067,26.8300,100
51195067689023,14:13:15.067,26.8300,100
51195202032248,14:13:15.202,26.8300,100
51197452446871,14:13:17.452,26.8250,200
51197452446871,14:13:17.452,26.8300,500
51197452477031,14:13:17.452,26.8300,200
51197453568966,14:13:17.453,26.8300,100
51197900515206,14:13:17.900,26.8300,100
51206707974801,14:13:26.707,26.8250,400
51206707974801,14:13:26.707,26.8300,100
51206708933912,14:13:26.708,26.8300,100
51206709344070,14:13:26.709,26.8300,100
51206709344070,14:13:26.709,26.8300,100
51206709344070,14:13:26.709,26.8300,100
51212930585398,14:13:32.930,26.8250,100
51215129317462,14:13:35.129,26.8250,161
51228301977754,14:13:48.301,26.8200,100
51228302317166,14:13:48.302,26.8200,10
51228302317166,14:13:48.302,26.8200,90
51228302393805,14:13:48.302,26.8200,10
51228302393805,14:13:48.302,26.8200,90
51228302406932,14:13:48.302,26.8200,10
51228302406932,14:13:48.302,26.8200,8
51228306616076,14:13:48.306,26.8150,200
51228309311608,14:13:48.309,26.8200,100
51228429646608,14:13:48.429,26.8250,100
51228430836311,14:13:48.430,26.8250,100
51228430836311,14:13:48.430,26.8300,100
51230414735813,14:13:50.414,26.8250,100
51231506856133,14:13:51.506,26.8250,100
51231506943114,14:13:51.506,26.8250,81
51231508455486,14:13:51.508,26.8250,19
51231508455486,14:13:51.508,26.8300,381
51231508492697,14:13:51.508,26.8300,219
51231508492697,14:13:51.508,26.8300,100
51231508724223,14:13:51.508,26.8300,100
51231510118905,14:13:51.510,26.8300,100
51231510118905,14:13:51.510,26.8300,100
51231510118905,14:13:51.510,26.8300,100
51231510194408,14:13:51.510,26.8300,200
51231529484311,14:13:51.529,26.8300,100
51233058437045,14:13:53.058,26.8250,100
51233058437045,14:13:53.058,26.8300,200
51242002720088,14:14:02.002,26.8250,22
51242002934190,14:14:02.002,26.8250,41
51242002944101,14:14:02.002,26.8250,41
51242002965571,14:14:02.002,26.8250,42
51242002974082,14:14:02.002,26.8250,154
51242002974082,14:14:02.002,26.8300,56
51242002998585,14:14:02.002,26.8300,81
51242003126107,14:14:02.003,26.8300,363
51242003126107,14:14:02.003,26.8300,137
51242004244199,14:14:02.004,26.8300,100
51242004244199,14:14:02.004,26.8300,100
51242005524303,14:14:02.005,26.8300,100
51242005524303,14:14:02.005,26.8300,100
51242007994270,14:14:02.007,26.8300,83
51242008007699,14:14:02.008,26.8300,17
51242008367503,14:14:02.008,26.8300,700
51242008367503,14:14:02.008,26.8300,100
51242008367503,14:14:02.008,26.8300,700
51242008367503,14:14:02.008,26.8300,100
51242008367503,14:14:02.008,26.8300,100
51242008796603,14:14:02.008,26.8300,200
51242017378207,14:14:02.017,26.8300,100
51242025988054,14:14:02.025,26.8300,100
51242110844342,14:14:02.110,26.8300,100
51258243317732,14:14:18.243,26.8400,100
51269769127564,14:14:29.769,26.8300,100
51272204625853,14:14:32.204,26.8350,1300
51272204680132,14:14:32.204,26.8400,100
51272206230674,14:14:32.206,26.8400,100
51272206230674,14:14:32.206,26.8400,100
51279779230433,14:14:39.779,26.8350,100
51279779230433,14:14:39.779,26.8400,200
51297884499171,14:14:57.884,26.8300,100
51297884500386,14:14:57.884,26.8300,100
51297884505086,14:14:57.884,26.8300,17
51297884518892,14:14:57.884,26.8300,17
51297884534355,14:14:57.884,26.8300,66
51300174152267,14:15:00.174,26.8200,100
51300183400108,14:15:00.183,26.8200,81
51300183400108,14:15:00.183,26.8200,36
51300185393278,14:15:00.185,26.8200,241
51300187320712,14:15:00.187,26.8200,27
51300194283511,14:15:00.194,26.8200,96
51300194283511,14:15:00.194,26.8200,6
51300233890216,14:15:00.233,26.8100,100
51302583406908,14:15:02.583,26.8200,100
51307022604053,14:15:07.022,26.8000,100
51307022604053,14:15:07.022,26.8000,100
51307146890836,14:15:07.146,26.7950,100
51307299878243,14:15:07.299,26.8000,100
51308593692467,14:15:08.593,26.8050,100
51308594717061,14:15:08.594,26.8050,100
51308597682981,14:15:08.597,26.8100,100
51325432569825,14:15:25.432,26.7950,200
51329870512517,14:15:29.870,26.7950,100
51330758576430,14:15:30.758,26.7900,100
51333724330039,14:15:33.724,26.7700,100
51346987729939,14:15:46.987,26.7700,5
51346987729939,14:15:46.987,26.7700,95
51346987792285,14:15:46.987,26.7800,100
51346987844193,14:15:46.987,26.7800,100
51346987844193,14:15:46.987,26.7800,100
51346988039592,14:15:46.988,26.7750,100
51346988171241,14:15:46.988,26.7750,205
51346988171241,14:15:46.988,26.7800,100
51346988171241,14:15:46.988,26.7800,95
51346988687863,14:15:46.988,26.7800,5
51346988687863,14:15:46.988,26.7800,195
51347038230046,14:15:47.038,26.7800,100
51347149744746,14:15:47.149,26.7900,100
51348221393288,14:15:48.221,26.7900,100
51348221418496,14:15:48.221,26.7900,100
51348221440446,14:15:48.221,26.8000,100
51379299019870,14:16:19.299,26.8050,100
51379299033741,14:16:19.299,26.8100,36
51381649211114,14:16:21.649,26.8050,100
51381649211114,14:16:21.649,26.8100,65
51381649222313,14:16:21.649,26.8100,135
51381649224262,14:16:21.649,26.8100,42
51381649224804,14:16:21.649,26.8100,16
51381649236020,14:16:21.649,26.8100,42
51400300433459,14:16:40.300,26.8300,100
51400300433459,14:16:40.300,26.8300,100
51401541092097,14:16:41.541,26.8400,100
51401541092097,14:16:41.541,26.8400,100
51401541092097,14:16:41.541,26.8400,100
51401542577185,14:16:41.542,26.8400,100
51401780285507,14:16:41.780,26.8400,100
51402804136666,14:16:42.804,26.8400,100
51406739455483,14:16:46.739,26.8350,100
51406739455483,14:16:46.739,26.8300,24
51406739457339,14:16:46.739,26.8300,76
51406739457339,14:16:46.739,26.8300,86
51406739475389,14:16:46.739,26.8300,14
51406739475389,14:16:46.739,26.8300,10
51428249484083,14:17:08.249,26.8200,100
51429647648821,14:17:09.647,26.8200,100
51429689348112,14:17:09.689,26.8250,100
51429690871617,14:17:09.690,26.8250,82
51429690929572,14:17:09.690,26.8250,18
51429691123320,14:17:09.691,26.8300,18
51429691286600,14:17:09.691,26.8300,82
51473284771481,14:17:53.284,26.8100,100
51473284774550,14:17:53.284,26.8100,100
51473286073334,14:17:53.286,26.8000,100
51473286073845,14:17:53.286,26.8000,10
51481758642392,14:18:01.758,26.8050,100
51582336231740,14:19:42.336,26.8100,5
51582336231740,14:19:42.336,26.8100,5
51583911572777,14:19:43.911,26.8300,100
51583911572777,14:19:43.911,26.8300,62
51583911607619,14:19:43.911,26.8300,38
51583911607619,14:19:43.911,26.8300,43
51583912442293,14:19:43.912,26.8300,24
51583913099016,14:19:43.913,26.8300,33
51583913099016,14:19:43.913,26.8300,1
51593431185379,14:19:53.431,26.8300,2
51593432629626,14:19:53.432,26.8250,100
51593432629626,14:19:53.432,26.8200,9
51593432933544,14:19:53.432,26.8200,100
51593448001041,14:19:53.448,26.8150,100
51593859226930,14:19:53.859,26.8150,100
51593859226930,14:19:53.859,26.8200,200
51605648791904,14:20:05.648,26.8250,100
51605649968040,14:20:05.649,26.8250,100
51605649968040,14:20:05.649,26.8300,100
51624424762744,14:20:24.424,26.8300,100
51624424767578,14:20:24.424,26.8300,100
51624424808450,14:20:24.424,26.8300,7
51624424808450,14:20:24.424,26.8300,100
51624424996762,14:20:24.424,26.8300,88
51624425023288,14:20:24.425,26.8300,12
51624425023288,14:20:24.425,26.8300,100
51635663642805,14:20:35.663,26.8300,100
51654262054949,14:20:54.262,26.8150,100
51663862558195,14:21:03.862,26.8300,100
51663866433048,14:21:03.866,26.8400,100
51663891294468,14:21:03.891,26.8500,100
51663891322615,14:21:03.891,26.8500,600
51663900726317,14:21:03.900,26.8500,51
51665589300683,14:21:05.589,26.8450,100
51669849052449,14:21:09.849,26.8400,100
51669849052449,14:21:09.849,26.8400,100
51705980591627,14:21:45.980,26.8400,100
51737020017527,14:22:17.020,26.8500,649
51737020017527,14:22:17.020,26.8500,100
51737020118407,14:22:17.020,26.8500,100
51737020814847,14:22:17.020,26.8500,122
51737020823935,14:22:17.020,26.8500,126
51737021124858,14:22:17.021,26.8500,100
51737021308842,14:22:17.021,26.8500,100
51744543065172,14:22:24.543,26.8450,100
51744543065172,14:22:24.543,26.8500,600
51744543099286,14:22:24.543,26.8500,100
51744543109158,14:22:24.543,26.8500,81
51744543110988,14:22:24.543,26.8500,42
51744543139660,14:22:24.543,26.8500,19
51744543304399,14:22:24.543,26.8500,40
51744543307937,14:22:24.543,26.8500,41
51748652095016,14:22:28.652,26.8450,300
51748654509128,14:22:28.654,26.8500,300
51749584475542,14:22:29.584,26.8500,381
51751234891188,14:22:31.234,26.8450,100
51759087123696,14:22:39.087,26.8500,19
51759087123696,14:22:39.087,26.8500,23
51759088563739,14:22:39.088,26.8500,15
51759104435398,14:22:39.104,26.8500,100
51759112471565,14:22:39.112,26.8500,562
51759129582408,14:22:39.129,26.8500,100
51759129657562,14:22:39.129,26.8500,100
51768213485885,14:22:48.213,26.8450,100
51768213485885,14:22:48.213,26.8500,100
51777984555743,14:22:57.984,26.8450,100
51803807367437,14:23:23.807,26.8500,600
51803811661530,14:23:23.811,26.8500,700
51803817921123,14:23:23.817,26.8500,700
51803817921123,14:23:23.817,26.8500,119
51803852682209,14:23:23.852,26.8500,700
51803873983645,14:23:23.873,26.8500,700
51803881824338,14:23:23.881,26.8500,100
51804153519409,14:23:24.153,26.8450,100
51804153519409,14:23:24.153,26.8500,600
51804153550671,14:23:24.153,26.8500,100
51805871617538,14:23:25.871,26.8450,400
51805873848140,14:23:25.873,26.8500,200
51805875503409,14:23:25.875,26.8500,500
51805875697679,14:23:25.875,26.8500,100
51805875697679,14:23:25.875,26.8500,100
51805875697679,14:23:25.875,26.8500,100
51805875697679,14:23:25.875,26.8500,100
51805875697679,14:23:25.875,26.8500,100
51805875697679,14:23:25.875,26.8500,100
51805875697679,14:23:25.875,26.8500,100
51805875697679,14:23:25.875,26.8500,100
51805875697679,14:23:25.875,26.8500,100
51805875810335,14:23:25.875,26.8500,100
51805875810335,14:23:25.875,26.8500,100
51805875957125,14:23:25.875,26.8500,100
51805876138885,14:23:25.876,26.8500,100
51805985497176,14:23:25.985,26.8500,100
51805985497176,14:23:25.985,26.8500,200
51806304268436,14:23:26.304,26.8450,100
51806304268436,14:23:26.304,26.8500,400
51806390715432,14:23:26.390,26.8500,100
51806390898796,14:23:26.390,26.8500,100
51806390898796,14:23:26.390,26.8500,100
51807111274198,14:23:27.111,26.8500,4
51838428076540,14:23:58.428,26.8450,100
51838428076540,14:23:58.428,26.8500,100
51838429015397,14:23:58.429,26.8500,500
51838429044746,14:23:58.429,26.8500,96
51838429051630,14:23:58.429,26.8500,81
51840780829175,14:24:00.780,26.8450,200
51840780829175,14:24:00.780,26.8500,200
51840780886284,14:24:00.780,26.8500,500
51840781057827,14:24:00.781,26.8500,200
51840781057827,14:24:00.781,26.8500,100
51840781057827,14:24:00.781,26.8500,100
51840781140769,14:24:00.781,26.8500,100
51840781211778,14:24:00.781,26.8500,100
51869583964002,14:24:29.583,26.8450,100
51874916965121,14:24:34.916,26.8400,63
51874916992641,14:24:34.916,26.8400,37
51874916992641,14:24:34.916,26.8400,100
51874916992641,14:24:34.916,26.8400,100
51874916992641,14:24:34.916,26.8400,6
51874916996898,14:24:34.916,26.8400,94
51874916996898,14:24:34.916,26.8400,100
51874916996898,14:24:34.916,26.8400,100
51874916996898,14:24:34.916,26.8400,100
51874916996898,14:24:34.916,26.8400,100
51874916996898,14:24:34.916,26.8400,100
51874916996898,14:24:34.916,26.8400,8
51874916996898,14:24:34.916,26.8400,100
51874969996966,14:24:34.969,26.8400,100
51955752358066,14:25:55.752,26.8400,24
51955753299896,14:25:55.753,26.8400,42
51971406195654,14:26:11.406,26.8400,134
51971406195654,14:26:11.406,26.8400,100
51971406195654,14:26:11.406,26.8400,100
51971406195654,14:26:11.406,26.8400,5
51975690636315,14:26:15.690,26.8350,100
51975690636315,14:26:15.690,26.8400,100
51975691657801,14:26:15.691,26.8400,84
51975691664211,14:26:15.691,26.8400,16
52022891334055,14:27:02.891,26.8400,100
52022891367697,14:27:02.891,26.8400,81
52024879070049,14:27:04.879,26.8400,19
52024879070049,14:27:04.879,26.8400,34
52024879070049,14:27:04.879,26.8400,100
52036728140643,14:27:16.728,26.8350,100
52058610985565,14:27:38.610,26.8300,100
52058610985565,14:27:38.610,26.8300,100
52058610985565,14:27:38.610,26.8300,100
52058610985565,14:27:38.610,26.8300,100
52058610990616,14:27:38.610,26.8300,63
52058611023012,14:27:38.611,26.8300,37
52058611194029,14:27:38.611,26.8200,7
52058611194029,14:27:38.611,26.8200,100
52081870999617,14:28:01.870,26.8100,10
52082822150965,14:28:02.822,26.8000,90
52082822150965,14:28:02.822,26.8000,100
52084331389449,14:28:04.331,26.8100,100
52084331389449,14:28:04.331,26.8100,65
52084331417985,14:28:04.331,26.8100,35
52088714016488,14:28:08.714,26.8250,100
52108179103178,14:28:28.179,26.8200,82
52108179125756,14:28:28.179,26.8200,18
52108179125756,14:28:28.179,26.8200,70
52108179132187,14:28:28.179,26.8200,30
52108179132187,14:28:28.179,26.8200,8
52108179242170,14:28:28.179,26.8200,100
52117145531944,14:28:37.145,26.8150,100
52117145531944,14:28:37.145,26.8200,100
52117145562324,14:28:37.145,26.8200,100
52145792269564,14:29:05.792,26.8300,82
52145792289718,14:29:05.792,26.8300,18
52154287641398,14:29:14.287,26.8300,82
52154287729038,14:29:14.287,26.8300,18
52154287729038,14:29:14.287,26.8300,24
52168268677156,14:29:28.268,26.8400,100
52204773627462,14:30:04.773,26.8400,100
52204773627462,14:30:04.773,26.8400,3
52207848744354,14:30:07.848,26.8400,100
52214060675702,14:30:14.060,26.8450,76
52214060692631,14:30:14.060,26.8450,24
52214060692631,14:30:14.060,26.8500,15
52224677042087,14:30:24.677,26.8500,21
52224677839904,14:30:24.677,26.8500,38
52232193776284,14:30:32.193,26.8500,38
52232194178717,14:30:32.194,26.8500,66
52232194584975,14:30:32.194,26.8500,39
52232194595236,14:30:32.194,26.8500,74
52235200403889,14:30:35.200,26.8500,100
52239085656356,14:30:39.085,26.8500,100
52245608651122,14:30:45.608,26.8500,200
52245608681677,14:30:45.608,26.8500,9
52245608681677,14:30:45.608,26.8500,100
52245608848346,14:30:45.608,26.8500,100
52245608848346,14:30:45.608,26.8500,100
52245608848346,14:30:45.608,26.8500,100
52245608932209,14:30:45.608,26.8500,100
52245608932209,14:30:45.608,26.8500,100
52245608932209,14:30:45.608,26.8500,100
52245608932209,14:30:45.608,26.8500,100
52245608932209,14:30:45.608,26.8500,100
52275179577658,14:31:15.179,26.8400,39
52275179671797,14:31:15.179,26.8400,56
52275179804199,14:31:15.179,26.8400,5
52275179804199,14:31:15.179,26.8400,100
52281251905348,14:31:21.251,26.8400,100
52287067490699,14:31:27.067,26.8350,100
52287067490699,14:31:27.067,26.8400,200
52292197178009,14:31:32.197,26.8400,100
52294398379808,14:31:34.398,26.8400,100
52322580263827,14:32:02.580,26.8300,76
52322584910024,14:32:02.584,26.8200,100
52327059387709,14:32:07.059,26.8250,78
52327059396248,14:32:07.059,26.8250,22
52327059397570,14:32:07.059,26.8300,22
52346781925260,14:32:26.781,26.8400,100
52346781957359,14:32:26.781,26.8400,100
52377812295975,14:32:57.812,26.8400,100
52377812332641,14:32:57.812,26.8400,6
52380506570165,14:33:00.506,26.8300,100
52399994617899,14:33:19.994,26.8400,100
52433267117010,14:33:53.267,26.8500,92
52433267133906,14:33:53.267,26.8500,69
52433267164983,14:33:53.267,26.8500,38
52433267170644,14:33:53.267,26.8500,38
52435966519854,14:33:55.966,26.8400,100
52470262516300,14:34:30.262,26.8500,300
52470262543305,14:34:30.262,26.8500,163
52470262543305,14:34:30.262,26.8500,100
52470262677829,14:34:30.262,26.8500,163
52470263634745,14:34:30.263,26.8500,100
52470263634745,14:34:30.263,26.8500,100
52470263634745,14:34:30.263,26.8500,100
52470263634745,14:34:30.263,26.8500,100
52470263804599,14:34:30.263,26.8500,100
52470263804599,14:34:30.263,26.8500,89
52487831734931,14:34:47.831,26.8500,100
52494866921964,14:34:54.866,26.8450,100
52494869231915,14:34:54.869,26.8500,500
52494869262859,14:34:54.869,26.8500,200
52494869262859,14:34:54.869,26.8500,30
52494869450353,14:34:54.869,26.8500,100
52494869450353,14:34:54.869,26.8500,100
52494869672012,14:34:54.869,26.8500,77
52495752838917,14:34:55.752,26.8500,100
52495756823998,14:34:55.756,26.8500,100
52496845806281,14:34:56.845,26.8450,100
52496845806281,14:34:56.845,26.8500,100
52496845832644,14:34:56.845,26.8500,500
52496845836972,14:34:56.845,26.8500,500
52496845845209,14:34:56.845,26.8500,74
52496846252692,14:34:56.846,26.8500,39
52496846334131,14:34:56.846,26.8500,500
52496850152813,14:34:56.850,26.8500,100
52496850152813,14:34:56.850,26.8500,100
52496850152813,14:34:56.850,26.8500,100
52496850152813,14:34:56.850,26.8500,100
52506559498057,14:35:06.559,26.8450,300
52506559498057,14:35:06.559,26.8500,400
52506559530901,14:35:06.559,26.8500,300
52508859480831,14:35:08.859,26.8450,100
52516155058139,14:35:16.155,26.8500,23
52516155058139,14:35:16.155,26.8500,220
52516167336806,14:35:16.167,26.8500,243
52517147277966,14:35:17.147,26.8600,100
52522261531907,14:35:22.261,26.8650,100
52561067293102,14:36:01.067,26.8600,100
52561067293102,14:36:01.067,26.8600,100
52566209697989,14:36:06.209,26.8500,100
52566209697989,14:36:06.209,26.8500,100
52566209740310,14:36:06.209,26.8500,2
52567287679083,14:36:07.287,26.8350,100
52578628208266,14:36:18.628,26.8400,100
52579097202450,14:36:19.097,26.8500,78
52579097252309,14:36:19.097,26.8500,22
52579319796561,14:36:19.319,26.8500,48
52579320246877,14:36:19.320,26.8500,52
52583887556965,14:36:23.887,26.8450,100
52598162565257,14:36:38.162,26.8500,100
52598162565257,14:36:38.162,26.8500,100
52598162598027,14:36:38.162,26.8500,100
52603990227954,14:36:43.990,26.8550,100
52606605294557,14:36:46.605,26.8600,100
52629392405811,14:37:09.392,26.8600,66
52629392429017,14:37:09.392,26.8600,34
52636782802651,14:37:16.782,26.8550,78
52636782811790,14:37:16.782,26.8550,22
52636782814635,14:37:16.782,26.8600,22
52636782816309,14:37:16.782,26.8600,22
52636782890569,14:37:16.782,26.8600,56
52643647904209,14:37:23.647,26.8800,100
52644690992519,14:37:24.690,26.8900,100
52649787565775,14:37:29.787,26.8900,53
52650558918144,14:37:30.558,26.8800,100
52650565542481,14:37:30.565,26.8800,100
52652081777432,14:37:32.081,26.8950,100
52661487754618,14:37:41.487,26.9000,50
52661487847339,14:37:41.487,26.9000,50
52691559914367,14:38:11.559,26.9200,100
52691559925212,14:38:11.559,26.9200,17
52691559925212,14:38:11.559,26.9200,66
52695348376242,14:38:15.348,26.9250,100
52701496517340,14:38:21.496,26.9250,38
52701497004411,14:38:21.497,26.9250,17
52701497343268,14:38:21.497,26.9250,45
52701497362696,14:38:21.497,26.9300,38
52701497569529,14:38:21.497,26.9300,62
52709393132245,14:38:29.393,26.9300,100
52709393132245,14:38:29.393,26.9300,56
52709393172383,14:38:29.393,26.9300,44
52709393172383,14:38:29.393,26.9300,10
52709393172383,14:38:29.393,26.9300,100
52709734587471,14:38:29.734,26.9200,100
52716513634951,14:38:36.513,26.9150,100
52720015370470,14:38:40.015,26.9200,61
52734896857912,14:38:54.896,26.9400,100
52734896857912,14:38:54.896,26.9400,10
52734897714037,14:38:54.897,26.9400,100
52734914434110,14:38:54.914,26.9300,100
52764780590971,14:39:24.780,26.9050,100
52764780590971,14:39:24.780,26.9050,25
52769638069948,14:39:29.638,26.9100,73
52769638079225,14:39:29.638,26.9100,27
52772034194845,14:39:32.034,26.9100,10
52805590077982,14:40:05.590,26.9000,100
52808735303333,14:40:08.735,26.9000,100
52814115063912,14:40:14.115,26.8950,100
52857356956668,14:40:57.356,26.9000,17
52857356959866,14:40:57.356,26.9000,83
52857356959866,14:40:57.356,26.9000,20
52857356961374,14:40:57.356,26.9000,80
52857356961374,14:40:57.356,26.9000,100
52893281963196,14:41:33.281,26.8900,100
52893281963196,14:41:33.281,26.8900,100
52893281963196,14:41:33.281,26.8900,100
52910703755493,14:41:50.703,26.8900,17
52937330505411,14:42:17.330,26.9100,24
52937330835838,14:42:17.330,26.9100,76
52937330835838,14:42:17.330,26.9100,16
52937330835838,14:42:17.330,26.9100,100
52958435084250,14:42:38.435,26.9100,100
52958435084250,14:42:38.435,26.9100,100
52958435084250,14:42:38.435,26.9100,100
52970604879298,14:42:50.604,26.9100,100
52970604879298,14:42:50.604,26.9100,100
52981096349768,14:43:01.096,26.9000,100
52981096349768,14:43:01.096,26.9000,198
52995068240534,14:43:15.068,26.8900,71
52995068253005,14:43:15.068,26.8900,29
52996100624711,14:43:16.100,26.8800,24
52996101003593,14:43:16.101,26.8800,26
52996398722358,14:43:16.398,26.8750,100
52996398722358,14:43:16.398,26.8800,26
52996398722358,14:43:16.398,26.8800,100
52999100108233,14:43:19.100,26.8850,100
52999100940309,14:43:19.100,26.8900,29
52999100940309,14:43:19.100,26.8900,71
52999100973423,14:43:19.100,26.8900,15
52999102442038,14:43:19.102,26.8900,14
53002729406224,14:43:22.729,26.8950,87
53002729418813,14:43:22.729,26.8950,13
53002729418813,14:43:22.729,26.9000,100
53002729418813,14:43:22.729,26.9000,94
53002729420602,14:43:22.729,26.9000,6
53002729420602,14:43:22.729,26.9000,33
53002729434638,14:43:22.729,26.9000,30
53015971510122,14:43:35.971,26.9000,37
53015971510122,14:43:35.971,26.9000,100
53015971510122,14:43:35.971,26.9000,63
53017487036520,14:43:37.487,26.9050,37
53017487036520,14:43:37.487,26.9100,50
53017487039167,14:43:37.487,26.9100,50
53051341275241,14:44:11.341,26.9200,100
53067241871120,14:44:27.241,26.9200,100
53102250250936,14:45:02.250,26.9200,100
53111663201275,14:45:11.663,26.9100,100
53124354287852,14:45:24.354,26.9000,25
53125688186146,14:45:25.688,26.8950,100
53132732006913,14:45:32.732,26.9000,100
53146601461158,14:45:46.601,26.9000,100
53155217390019,14:45:55.217,26.9000,100
53155217420904,14:45:55.217,26.9000,19
53161450254511,14:46:01.450,26.9050,100
53161450416041,14:46:01.450,26.9100,100
53189255749916,14:46:29.255,26.9200,12
53208007962819,14:46:48.007,26.9200,100
53208007988669,14:46:48.007,26.9200,100
53225438644921,14:47:05.438,26.9300,100
53236766522419,14:47:16.766,26.9250,10
53244950601617,14:47:24.950,26.9250,100
53249322295700,14:47:29.322,26.9200,100
53249322326567,14:47:29.322,26.9200,100
53256558805612,14:47:36.558,26.9150,100
53256559275162,14:47:36.559,26.9150,100
53256560707734,14:47:36.560,26.9200,100
53293011664092,14:48:13.011,26.9200,200
53293011664092,14:48:13.011,26.9200,100
53293011664092,14:48:13.011,26.9200,100
53346033641371,14:49:06.033,26.9100,5
53364736843179,14:49:24.736,26.9100,95
53364736843179,14:49:24.736,26.9100,5
53366178264898,14:49:26.178,26.9100,100
53366767125670,14:49:26.767,26.9200,100
53366767156729,14:49:26.767,26.9200,100
53401242421507,14:50:01.242,26.9250,7
53460900894850,14:51:00.900,26.9250,93
53465198200797,14:51:05.198,26.9250,100
53512094792502,14:51:52.094,26.9250,100
53512094792502,14:51:52.094,26.9300,100
53512094792502,14:51:52.094,26.9300,9
53512094836003,14:51:52.094,26.9300,100
53518038977309,14:51:58.038,26.9300,5
53529789157031,14:52:09.789,26.9300,100
53537453997199,14:52:17.453,26.9300,100
53537456266874,14:52:17.456,26.9300,200
53537456739181,14:52:17.456,26.9400,100
53537456739181,14:52:17.456,26.9400,9
53537456739181,14:52:17.456,26.9400,93
53537456741368,14:52:17.456,26.9400,7
53537456741368,14:52:17.456,26.9400,86
53537457289349,14:52:17.457,26.9450,14
53537829397094,14:52:17.829,26.9450,100
53542003315137,14:52:22.003,26.9450,35
53542006906385,14:52:22.006,26.9450,200
53542007084336,14:52:22.007,26.9450,200
53542009145977,14:52:22.009,26.9450,73
53542012065463,14:52:22.012,26.9450,100
53542013977828,14:52:22.013,26.9450,92
53542013977828,14:52:22.013,26.9450,108
53542019630341,14:52:22.019,26.9500,41
53542025207625,14:52:22.025,26.9500,100
53542026414577,14:52:22.026,26.9500,100
53556009974378,14:52:36.009,26.9950,86
53556009974378,14:52:36.009,26.9900,14
53586153660807,14:53:06.153,26.9850,100
53598487757483,14:53:18.487,26.9950,100
53598487795940,14:53:18.487,27.0000,100
53598494839293,14:53:18.494,27.0100,300
53598494862780,14:53:18.494,27.0100,400
53598494881175,14:53:18.494,27.0100,400
53598495033499,14:53:18.495,27.0100,200
53598495033499,14:53:18.495,27.0100,100
53631949189284,14:53:51.949,27.0050,100
53631949189284,14:53:51.949,27.0100,2
53631949537071,14:53:51.949,27.0100,53
53631949847582,14:53:51.949,27.0100,73
53631950632960,14:53:51.950,27.0100,100
53631950632960,14:53:51.950,27.0100,100
53631950632960,14:53:51.950,27.0100,100
53631951130335,14:53:51.951,27.0100,200
53631951130335,14:53:51.951,27.0100,100
53647342081310,14:54:07.342,27.0050,100
53705881157954,14:55:05.881,27.0100,400
53705881196662,14:55:05.881,27.0100,148
53705881227656,14:55:05.881,27.0100,148
53705881260206,14:55:05.881,27.0100,4
53705881260206,14:55:05.881,27.0100,100
53705881260206,14:55:05.881,27.0100,17
53705881260206,14:55:05.881,27.0100,1
53705882738828,14:55:05.882,27.0100,100
53705882738828,14:55:05.882,27.0100,100
53705882738828,14:55:05.882,27.0100,618
53752800521871,14:55:52.800,27.0050,100
53790404530818,14:56:30.404,27.0050,100
53790404530818,14:56:30.404,27.0100,64
53790404560187,14:56:30.404,27.0100,636
53790404560187,14:56:30.404,27.0100,15
53790404560187,14:56:30.404,27.0100,64
53790404569857,14:56:30.404,27.0100,194
53790404579635,14:56:30.404,27.0100,73
53790404682879,14:56:30.404,27.0100,715
53790404768558,14:56:30.404,27.0100,100
53790404768558,14:56:30.404,27.0100,100
53790404768558,14:56:30.404,27.0100,100
53790404768558,14:56:30.404,27.0100,100
53790404817987,14:56:30.404,27.0100,100
53792146922178,14:56:32.146,27.0000,100
53799307739677,14:56:39.307,27.0050,10
53823983547726,14:57:03.983,27.0000,100
53823983547726,14:57:03.983,27.0000,100
53823983611728,14:57:03.983,27.0000,200
53823983654843,14:57:03.983,27.0000,85
53823983919489,14:57:03.983,27.0000,15
53823983919489,14:57:03.983,27.0000,100
53823983919489,14:57:03.983,27.0000,100
53823983919489,14:57:03.983,27.0000,10
53823983919489,14:57:03.983,27.0000,100
53823991330121,14:57:03.991,27.0000,12
53823991332720,14:57:03.991,27.0000,188
53823991332720,14:57:03.991,27.0000,297
53824035622201,14:57:04.035,26.9950,100
53834571923712,14:57:14.571,26.9850,100
53839233235058,14:57:19.233,26.9900,200
53843795675185,14:57:23.795,26.9950,300
53852402510986,14:57:32.402,26.9950,100
53883278145414,14:58:03.278,27.0000,100
53883372097023,14:58:03.372,26.9950,100
53883372097023,14:58:03.372,26.9950,28
53886500251076,14:58:06.500,27.0050,100
53886501910840,14:58:06.501,27.0050,72
53886501910840,14:58:06.501,27.0050,28
53904350807007,14:58:24.350,27.0050,100
53904350807007,14:58:24.350,27.0100,700
53904350807007,14:58:24.350,27.0100,8
53904350839148,14:58:24.350,27.0100,92
53904350839148,14:58:24.350,27.0100,8
53904350847652,14:58:24.350,27.0100,100
53904350848161,14:58:24.350,27.0100,100
53904350864382,14:58:24.350,27.0100,10
53904352518628,14:58:24.352,27.0100,100
53904352518628,14:58:24.352,27.0100,100
53904352753163,14:58:24.352,27.0100,100
53904352753163,14:58:24.352,27.0100,200
53904352753163,14:58:24.352,27.0100,100
53904352753163,14:58:24.352,27.0100,100
53925435306559,14:58:45.435,27.0000,100
53925435306559,14:58:45.435,27.0000,100
53925435306559,14:58:45.435,27.0000,100
53965289731262,14:59:25.289,26.9900,100
53965289731262,14:59:25.289,26.9900,100
53965290518641,14:59:25.290,26.9800,100
53965290518641,14:59:25.290,26.9800,400
53965292011687,14:59:25.292,26.9700,100
53965292043298,14:59:25.292,26.9700,100
53965292052380,14:59:25.292,26.9700,100
53965292365692,14:59:25.292,26.9700,100
53970379466734,14:59:30.379,26.9750,100
53979082005288,14:59:39.082,26.9750,75
53979082914058,14:59:39.082,26.9750,25
53979082914058,14:59:39.082,26.9750,75
53992873427636,14:59:52.873,26.9750,100
53992873457125,14:59:52.873,26.9800,100
54032298706218,15:00:32.298,26.9850,100
54032298706218,15:00:32.298,26.9900,100
54043812204950,15:00:43.812,26.9850,100
54043812282860,15:00:43.812,26.9900,100
54044450002091,15:00:44.450,27.0000,100
54044450002091,15:00:44.450,27.0000,100
54044450002091,15:00:44.450,27.0000,100
54044450002091,15:00:44.450,27.0000,100
54044450037597,15:00:44.450,27.0000,100
54044453056269,15:00:44.453,27.0100,100
54044453056269,15:00:44.453,27.0100,400
54044453094136,15:00:44.453,27.0100,200
54044453105574,15:00:44.453,27.0100,100
54044453105574,15:00:44.453,27.0100,100
54044453105574,15:00:44.453,27.0100,300
54044453133615,15:00:44.453,27.0100,100
54044453276479,15:00:44.453,27.0100,200
54044453276479,15:00:44.453,27.0100,200
54044453725428,15:00:44.453,27.0100,100
54044453725428,15:00:44.453,27.0100,100
54044454138932,15:00:44.454,27.0100,100
54053456049785,15:00:53.456,27.0050,100
54075866276705,15:01:15.866,27.0000,100
54075866276705,15:01:15.866,27.0000,5
54075866276705,15:01:15.866,27.0000,100
54078282443331,15:01:18.282,26.9950,100
54089420042429,15:01:29.420,26.9950,100
54094420012336,15:01:34.420,26.9950,100
54200970409326,15:03:20.970,26.9900,100
54200970409326,15:03:20.970,26.9900,100
54200970409326,15:03:20.970,26.9900,100
54200970409326,15:03:20.970,26.9900,100
54200970409326,15:03:20.970,26.9900,100
54201730759465,15:03:21.730,26.9900,100
54201730803402,15:03:21.730,26.9900,100
54201730832358,15:03:21.730,26.9900,100
54220381264932,15:03:40.381,26.9900,100
54220381264932,15:03:40.381,26.9900,100
54225378003148,15:03:45.378,26.9850,100
54225378003148,15:03:45.378,26.9850,100
54247916226293,15:04:07.916,26.9900,100
54275410042426,15:04:35.410,26.9900,10
54306504906579,15:05:06.504,26.9800,60
54306504906579,15:05:06.504,26.9800,40
54306504906579,15:05:06.504,26.9800,100
54306504906579,15:05:06.504,26.9800,200
54306519600649,15:05:06.519,26.9800,200
54306519600649,15:05:06.519,26.9800,100
54306524911034,15:05:06.524,26.9800,300
54306527785587,15:05:06.527,26.9800,299
54306922181978,15:05:06.922,26.9750,100
54307272688854,15:05:07.272,26.9800,100
54307272688854,15:05:07.272,26.9800,100
54326334095157,15:05:26.334,26.9800,27
54333290470096,15:05:33.290,26.9700,100
54333290470096,15:05:33.290,26.9700,100
54338691827328,15:05:38.691,26.9650,200
54338691827328,15:05:38.691,26.9650,100
54338691827328,15:05:38.691,26.9700,100
54338691827328,15:05:38.691,26.9700,5
54338691827328,15:05:38.691,26.9700,18
54338691827328,15:05:38.691,26.9700,17
54338691827328,15:05:38.691,26.9700,95
54338691827328,15:05:38.691,26.9700,100
54338691827328,15:05:38.691,26.9700,100
54338988736905,15:05:38.988,26.9700,100
54396038505517,15:06:36.038,26.9650,100
54396038505517,15:06:36.038,26.9700,100
54407143016622,15:06:47.143,26.9650,100
54407143016622,15:06:47.143,26.9700,5
54407143016622,15:06:47.143,26.9700,100
54407143016622,15:06:47.143,26.9700,95
54407143107536,15:06:47.143,26.9700,5
54407143107536,15:06:47.143,26.9700,100
54407143293267,15:06:47.143,26.9700,100
54424298548035,15:07:04.298,26.9700,1
54424298548035,15:07:04.298,26.9700,100
54424298548035,15:07:04.298,26.9700,100
54424300000514,15:07:04.300,26.9700,100
54424300000514,15:07:04.300,26.9700,100
54424406143073,15:07:04.406,26.9700,100
54424406143073,15:07:04.406,26.9700,30
54437060070419,15:07:17.060,26.9700,100
54437061143959,15:07:17.061,26.9600,78
54437118456000,15:07:17.118,26.9650,300
54437118456000,15:07:17.118,26.9650,200
54437118456000,15:07:17.118,26.9700,250
54455233894604,15:07:35.233,26.9700,100
54455233894604,15:07:35.233,26.9700,100
54455234723212,15:07:35.234,26.9700,100
54455234723212,15:07:35.234,26.9700,100
54466035538365,15:07:46.035,26.9700,100
54466035538365,15:07:46.035,26.9700,100
54466035538365,15:07:46.035,26.9700,100
54466256418524,15:07:46.256,26.9600,100
54478836016261,15:07:58.836,26.9550,100
54478836045511,15:07:58.836,26.9550,100
54482016125179,15:08:02.016,26.9550,100
54483218431226,15:08:03.218,26.9550,100
54485332044411,15:08:05.332,26.9550,100
54486447704887,15:08:06.447,26.9550,100
54486797692087,15:08:06.797,26.9600,100
54495591908733,15:08:15.591,26.9650,100
54502308141944,15:08:22.308,26.9650,100
54512770335055,15:08:32.770,26.9700,100
54544426340171,15:09:04.426,26.9700,100
54544426340171,15:09:04.426,26.9700,5
54544427318499,15:09:04.427,26.9700,100
54544427343172,15:09:04.427,26.9700,100
54598530305233,15:09:58.530,26.9500,100
54598530305233,15:09:58.530,26.9500,16
54598530313263,15:09:58.530,26.9500,84
54598530313263,15:09:58.530,26.9500,116
54598530313966,15:09:58.530,26.9500,100
54598530322414,15:09:58.530,26.9500,7
54598530322414,15:09:58.530,26.9500,67
54598530329574,15:09:58.530,26.9500,10
54598530329574,15:09:58.530,26.9500,100
54601107058837,15:10:01.107,26.9450,100
54608482230114,15:10:08.482,26.9450,100
54608482230114,15:10:08.482,26.9450,100
54638584937256,15:10:38.584,26.9400,100
54638584937256,15:10:38.584,26.9400,50
54638584937256,15:10:38.584,26.9400,50
54638584937256,15:10:38.584,26.9400,5
54638584937256,15:10:38.584,26.9400,293
54638584937256,15:10:38.584,26.9400,7
54638584937256,15:10:38.584,26.9400,100
54638586268250,15:10:38.586,26.9300,100
54641972437066,15:10:41.972,26.9250,100
54644986743561,15:10:44.986,26.9200,7
54644986743561,15:10:44.986,26.9200,193
54644986770366,15:10:44.986,26.9200,100
54645966306303,15:10:45.966,26.9150,10
54655159658294,15:10:55.159,26.9150,190
54655159658294,15:10:55.159,26.9150,10
54656923136561,15:10:56.923,26.9100,100
54656923741352,15:10:56.923,26.9100,200
54666173044389,15:11:06.173,26.9000,10
54680343410852,15:11:20.343,26.8950,100
54688657373856,15:11:28.657,26.8950,100
54689024539906,15:11:29.024,26.9000,100
54689024539906,15:11:29.024,26.9000,20
54689024569690,15:11:29.024,26.9000,80
54700047257666,15:11:40.047,26.9000,100
54700047257666,15:11:40.047,26.9000,100
54700909552893,15:11:40.909,26.9050,100
54702105519433,15:11:42.105,26.9000,100
54702105519433,15:11:42.105,26.9000,139
54723224372048,15:12:03.224,26.9000,100
54723224372048,15:12:03.224,26.9000,200
54727117583159,15:12:07.117,26.9000,100
54727117583159,15:12:07.117,26.9000,16
54727117583159,15:12:07.117,26.9000,200
54741866875779,15:12:21.866,26.8950,100
54741866875779,15:12:21.866,26.9000,100
54741866875779,15:12:21.866,26.9000,1
54754018740292,15:12:34.018,26.9000,5
54790842100205,15:13:10.842,26.9050,100
54790842100205,15:13:10.842,26.9100,100
54790842162074,15:13:10.842,26.9100,200
54790842162074,15:13:10.842,26.9100,100
54790842162074,15:13:10.842,26.9100,100
54793584248563,15:13:13.584,26.9150,100
54815686809479,15:13:35.686,26.9200,80
54855703413693,15:14:15.703,26.9300,100
54855703413693,15:14:15.703,26.9300,100
54921490812629,15:15:21.490,26.9450,100
54921548165490,15:15:21.548,26.9450,90
54931798194497,15:15:31.798,26.9500,100
54946486668352,15:15:46.486,26.9550,100
54947011496928,15:15:47.011,26.9600,100
54948016342524,15:15:48.016,26.9650,10
54984132079777,15:16:24.132,26.9650,100
54990422154104,15:16:30.422,26.9650,100
54990987623227,15:16:30.987,26.9650,100
54990987623227,15:16:30.987,26.9600,100
54990987623227,15:16:30.987,26.9600,103
54990987915474,15:16:30.987,26.9600,97
54990987915474,15:16:30.987,26.9600,3
54990989183924,15:16:30.989,26.9600,100
54990989203350,15:16:30.989,26.9600,100
54996900087176,15:16:36.900,26.9550,100
54996900087176,15:16:36.900,26.9550,89
54999058888599,15:16:39.058,26.9550,3
54999153782506,15:16:39.153,26.9550,8
54999153782506,15:16:39.153,26.9500,92
54999153810707,15:16:39.153,26.9500,8
55047469977201,15:17:27.469,26.9450,100
55047469977201,15:17:27.469,26.9400,100
55052012959802,15:17:32.012,26.9450,100
55052012959802,15:17:32.012,26.9400,3
55052012959802,15:17:32.012,26.9400,200
55052012959802,15:17:32.012,26.9400,100
55052013038169,15:17:32.013,26.9400,100
55052043309772,15:17:32.043,26.9300,100
55052102531534,15:17:32.102,26.9300,100
55065167017125,15:17:45.167,26.9200,100
55065167042721,15:17:45.167,26.9200,100
55065167042721,15:17:45.167,26.9200,100
55077137701497,15:17:57.137,26.9150,100
55077137701497,15:17:57.137,26.9150,100
55105832050044,15:18:25.832,26.9200,100
55105832050044,15:18:25.832,26.9200,95
55105832085465,15:18:25.832,26.9200,99
55178611163115,15:19:38.611,26.9250,100
55178611191695,15:19:38.611,26.9300,100
55201220201210,15:20:01.220,26.9500,15
55213448465668,15:20:13.448,26.9650,10
55218506666841,15:20:18.506,26.9650,90
55218506666841,15:20:18.506,26.9600,10
55222827469633,15:20:22.827,26.9650,100
55222927462285,15:20:22.927,26.9650,100
55223188106214,15:20:23.188,26.9650,95
55229460092681,15:20:29.460,26.9650,5
55229460092681,15:20:29.460,26.9650,95
55270939491220,15:21:10.939,26.9800,100
55274477765299,15:21:14.477,26.9800,100
55274479083505,15:21:14.479,26.9800,100
55296681762570,15:21:36.681,26.9700,166
55296681762570,15:21:36.681,26.9700,34
55296681836439,15:21:36.681,26.9700,74
55296682212613,15:21:36.682,26.9700,92
55296682212613,15:21:36.682,26.9700,4
55296682212613,15:21:36.682,26.9700,100
55296682212613,15:21:36.682,26.9700,4
55296682309469,15:21:36.682,26.9700,96
55296689594184,15:21:36.689,26.9700,108
55324780154926,15:22:04.780,26.9700,100
55324955373361,15:22:04.955,26.9700,100
55324955373361,15:22:04.955,26.9700,100
55331591903083,15:22:11.591,26.9600,100
55332207039308,15:22:12.207,26.9600,100
55342189539982,15:22:22.189,26.9500,100
55342189539982,15:22:22.189,26.9500,100
55356236937896,15:22:36.236,26.9450,9
55356237213272,15:22:36.237,26.9450,9
55356237259586,15:22:36.237,26.9450,9
55356237275578,15:22:36.237,26.9450,9
55356237304545,15:22:36.237,26.9450,9
55356237467253,15:22:36.237,26.9500,9
55373879882134,15:22:53.879,26.9500,71
55373891798221,15:22:53.891,26.9500,29
55375886121813,15:22:55.886,26.9500,100
55390987482072,15:23:10.987,26.9500,100
55394684885382,15:23:14.684,26.9400,100
55394820434632,15:23:14.820,26.9400,32
55394982675052,15:23:14.982,26.9400,68
55394982675052,15:23:14.982,26.9400,32
55396105354647,15:23:16.105,26.9400,5
55396105440931,15:23:16.105,26.9400,10
55396159056073,15:23:16.159,26.9400,12
55402167368907,15:23:22.167,26.9350,88
55402167368907,15:23:22.167,26.9400,12
55402168327663,15:23:22.168,26.9400,88
55402168327663,15:23:22.168,26.9400,12
55402170421495,15:23:22.170,26.9400,88
55410232572071,15:23:30.232,26.9400,112
55410232572071,15:23:30.232,26.9400,6
55425599143860,15:23:45.599,26.9300,100
