timestamp,time,price,volume
34198431596628,09:29:58.431,16.1200,100
34200797946644,09:30:00.797,16.1200,2331
34205082091611,09:30:05.082,16.0800,50
34205082091611,09:30:05.082,16.0800,1
34327173837376,09:32:07.173,16.0300,100
34573262799836,09:36:13.262,16.0900,6
34601838706005,09:36:41.838,16.0900,29
34744704245127,09:39:04.704,16.1600,6
34771897770437,09:39:31.897,16.1400,3
34771897770437,09:39:31.897,16.1600,38
34862864872773,09:41:02.864,16.1000,72
34862864872773,09:41:02.864,16.1000,28
34862864874761,09:41:02.864,16.1000,72
34862864874761,09:41:02.864,16.1000,100
34870729265921,09:41:10.729,16.0800,3
34948269251206,09:42:28.269,16.0300,3
34948269368124,09:42:28.269,16.0100,60
34951283419458,09:42:31.283,16.0300,1
34998740658017,09:43:18.740,16.0300,42
35072653455530,09:44:32.653,16.0000,20
35130826943499,09:45:30.826,15.9600,3
35135014194998,09:45:35.014,15.9700,100
35135014194998,09:45:35.014,15.9700,10
35175317340987,09:46:15.317,15.9600,3
35236317661614,09:47:16.317,15.9600,3
35254752868964,09:47:34.752,15.9800,15
35418376863317,09:50:18.376,15.9500,1
35418376863317,09:50:18.376,15.9500,3
35596271982411,09:53:16.271,15.9300,100
35820389877375,09:57:00.389,15.9600,100
35875322275548,09:57:55.322,15.9300,60
35966466509609,09:59:26.466,15.9500,100
35966468054496,09:59:26.468,15.9600,28
35969405379979,09:59:29.405,15.9650,72
35969405392578,09:59:29.405,15.9800,100
35969405392578,09:59:29.405,15.9800,80
35969405463318,09:59:29.405,15.9800,20
35969405463318,09:59:29.405,15.9800,80
35969405485280,09:59:29.405,15.9800,20
36150638170028,10:02:30.638,15.9600,44
36172409223909,10:02:52.409,15.9800,100
36272019694370,10:04:32.019,15.9600,2
36331501730785,10:05:31.501,15.9500,2
36388016398697,10:06:28.016,15.9500,1
36389649086691,10:06:29.649,15.9600,100
36389649162466,10:06:29.649,15.9600,100
36389649163806,10:06:29.649,15.9600,100
36465808930311,10:07:45.808,15.9600,43
36465808972864,10:07:45.808,15.9600,43
36465809021751,10:07:45.809,15.9600,14
36470092440961,10:07:50.092,15.9500,2
36470092440961,10:07:50.092,15.9500,100
36497431829817,10:08:17.431,15.9900,100
36503692573988,10:08:23.692,15.9900,100
36503693448625,10:08:23.693,15.9900,24
36576142023911,10:09:36.142,16.0000,50
36749313578103,10:12:29.313,15.9900,44
36772038085220,10:12:52.038,16.0000,2
36820009976441,10:13:40.009,16.0000,2
36831430505901,10:13:51.430,16.0200,91
36831430597365,10:13:51.430,16.0200,9
36882778404336,10:14:42.778,16.0000,2
36946108840948,10:15:46.108,15.9900,2
36946108840948,10:15:46.108,16.0000,100
36946108840948,10:15:46.108,16.0000,100
36946108840948,10:15:46.108,16.0000,98
36954477533781,10:15:54.477,16.0200,100
36954477615593,10:15:54.477,16.0200,100
36954477615593,10:15:54.477,16.0200,9
36954477663268,10:15:54.477,16.0200,91
37168010954148,10:19:28.010,15.9800,2
37168011585444,10:19:28.011,15.9900,56
37168011637259,10:19:28.011,15.9900,44
37189124625870,10:19:49.124,16.0000,100
37189124625870,10:19:49.124,16.0000,100
37215134946223,10:20:15.134,16.0000,100
37215135259069,10:20:15.135,16.0000,24
37271291520166,10:21:11.291,16.0300,100
37324323510205,10:22:04.323,16.0500,100
37343673789543,10:22:23.673,16.0300,43
37377016336500,10:22:57.016,16.0300,2
37529124256803,10:25:29.124,16.0300,2
37589229767298,10:26:29.229,16.0300,2
37589229767298,10:26:29.229,16.0400,98
37589229922889,10:26:29.229,16.0400,2
37589229922889,10:26:29.229,16.0400,83
37589230160162,10:26:29.230,16.0400,17
37589230160162,10:26:29.230,16.0400,100
37648005706089,10:27:28.005,16.0400,2
37660762065891,10:27:40.762,16.0200,44
37768011971733,10:29:28.011,16.0400,2
37936872685870,10:32:16.872,16.0200,43
38067030007646,10:34:27.030,16.0500,30
38067030137880,10:34:27.030,16.0500,45
38067030272678,10:34:27.030,16.0500,25
38067030272678,10:34:27.030,16.0500,100
38067030272678,10:34:27.030,16.0500,40
38177492466274,10:36:17.492,16.0700,100
38178457324541,10:36:18.457,16.0700,58
38178487667510,10:36:18.487,16.0700,42
38356373572467,10:39:16.373,16.0800,100
38356373650230,10:39:16.373,16.0800,24
38400131842477,10:40:00.131,16.0800,37
38410492729449,10:40:10.492,16.0900,100
38501163804400,10:41:41.163,16.0900,2
38520479289374,10:42:00.479,16.0900,100
38520480502561,10:42:00.480,16.0900,43
38520480840551,10:42:00.480,16.0900,43
38520480898915,10:42:00.480,16.0900,14
38520480898915,10:42:00.480,16.0900,29
38550251401080,10:42:30.251,16.0400,100
38850755444320,10:47:30.755,16.0100,43
38850764233914,10:47:30.764,16.0100,57
38850764233914,10:47:30.764,16.0100,100
38875219395322,10:47:55.219,16.0000,2
38875431349110,10:47:55.431,16.0000,100
38963733272605,10:49:23.733,16.0000,2
38963733272605,10:49:23.733,16.0000,63
38963733326212,10:49:23.733,16.0000,37
38963765070583,10:49:23.765,16.0000,700
39004502463127,10:50:04.502,16.0000,200
39004502573235,10:50:04.502,15.9900,100
39004502629120,10:50:04.502,15.9950,100
39004622419811,10:50:04.622,15.9900,100
39009234105382,10:50:09.234,16.0000,100
39009234822071,10:50:09.234,16.0100,100
39009235387173,10:50:09.235,16.0100,30
39045112980296,10:50:45.112,16.0200,100
39116038242650,10:51:56.038,16.0100,2
39143707844784,10:52:23.707,16.0000,44
39143708219994,10:52:23.708,16.0000,56
39170466380560,10:52:50.466,15.9900,2
39170466380560,10:52:50.466,16.0000,98
39170469555648,10:52:50.469,16.0000,2
39171305313357,10:52:51.305,16.0100,100
39171305768939,10:52:51.305,16.0100,100
39180329754336,10:53:00.329,16.0200,100
39262265079797,10:54:22.265,16.0300,40
39449332387959,10:57:29.332,16.0400,100
39450727687213,10:57:30.727,16.0200,43
39726518072006,11:02:06.518,16.0400,100
39749282283428,11:02:29.282,16.0500,100
39768312994912,11:02:48.312,16.0400,30
39808022168675,11:03:28.022,16.0300,100
39934827768102,11:05:34.827,16.0000,1
40049325414869,11:07:29.325,15.9900,43
40050012625817,11:07:30.012,16.0000,2
40221345880574,11:10:21.345,16.0100,100
40221346012899,11:10:21.346,16.0100,100
40221346012899,11:10:21.346,16.0100,40
40221346403210,11:10:21.346,16.0100,9
40221346415349,11:10:21.346,16.0100,20
40227077814853,11:10:27.077,16.0200,5
40349823228009,11:12:29.823,16.0000,43
40350015764537,11:12:30.015,16.0100,2
40651997064111,11:17:31.997,16.0100,2
40651997064111,11:17:31.997,16.0100,98
40651997194025,11:17:31.997,16.0100,2
40661528005116,11:17:41.528,16.0000,44
40720016352518,11:18:40.016,16.0100,40
40759779469902,11:19:19.779,16.0100,160
40759779645332,11:19:19.779,16.0100,100
40772023587381,11:19:32.023,16.0000,2
40955936578571,11:22:35.936,15.9900,43
41008007699298,11:23:28.007,16.0000,2
41008007784549,11:23:28.007,16.0100,100
41008007784549,11:23:28.007,16.0100,100
41008007784549,11:23:28.007,16.0100,200
41088244018287,11:24:48.244,16.0200,2
41088280898281,11:24:48.280,16.0300,100
41088280966392,11:24:48.280,16.0300,26
41088281013090,11:24:48.281,16.0300,74
41210014549402,11:26:50.014,16.0400,2
41240119769094,11:27:20.119,16.0400,44
41325428781557,11:28:45.428,16.0500,100
41325428809745,11:28:45.428,16.0500,2
41489008196111,11:31:29.008,16.0500,2
41496825195105,11:31:36.825,16.0600,100
41543591952812,11:32:23.591,16.0500,43
41576966020453,11:32:56.966,16.0600,2
41743179453080,11:35:43.179,16.0900,2
41795410975173,11:36:35.410,16.0900,100
41795410975173,11:36:35.410,16.0900,29
41795411017109,11:36:35.411,16.0900,8
41795411017109,11:36:35.411,16.0900,100
41795411017109,11:36:35.411,16.0900,45
41795428850501,11:36:35.428,16.0800,100
41797007894245,11:36:37.007,16.0600,2
41797423595232,11:36:37.423,16.0700,100
41845776519679,11:37:25.776,16.0500,43
41849394928417,11:37:29.394,16.0600,2
41935895810498,11:38:55.895,16.0600,2
42060002555122,11:41:00.002,16.0500,100
42149022010525,11:42:29.022,16.0500,2
42234600208441,11:43:54.600,16.0600,2
42234600208441,11:43:54.600,16.0600,40
42234600214238,11:43:54.600,16.0600,42
42234600230799,11:43:54.600,16.0600,42
42234600233728,11:43:54.600,16.0600,16
42327363206105,11:45:27.363,16.0700,2
42327363206105,11:45:27.363,16.0700,1
42327363206105,11:45:27.363,16.0700,2
42327363206105,11:45:27.363,16.0700,95
42327363601205,11:45:27.363,16.0700,5
42327363601205,11:45:27.363,16.0700,1
42340508540002,11:45:40.508,16.0700,100
42340508540002,11:45:40.508,16.0700,100
42418070701098,11:46:58.070,16.0600,100
42418070701098,11:46:58.070,16.0600,70
42444148434246,11:47:24.148,16.0400,43
42533266466511,11:48:53.266,16.0500,2
42533266466511,11:48:53.266,16.0500,2
42533266466511,11:48:53.266,16.0500,96
42533266625348,11:48:53.266,16.0500,4
42533266625348,11:48:53.266,16.0500,71
42602856630265,11:50:02.856,16.0600,1
42602856630265,11:50:02.856,16.0600,99
42628013777550,11:50:28.013,16.0600,1
42628013777550,11:50:28.013,16.0600,2
42628013777550,11:50:28.013,16.0600,97
42630007548028,11:50:30.007,16.0600,27
42630007724296,11:50:30.007,16.0600,43
42630007733374,11:50:30.007,16.0600,30
42744866979722,11:52:24.866,16.0400,44
42809036069139,11:53:29.036,16.0500,1
42809036069139,11:53:29.036,16.0500,2
42809036069139,11:53:29.036,16.0500,97
42809036100448,11:53:29.036,16.0500,3
42897083368061,11:54:57.083,16.0600,1
42897083368061,11:54:57.083,16.0600,99
42954973972575,11:55:54.973,16.0600,2
42954973972575,11:55:54.973,16.0600,98
42954976548528,11:55:54.976,16.0600,2
42966138731198,11:56:06.138,16.0700,100
43036751261720,11:57:16.751,16.0600,100
43060859596833,11:57:40.859,16.0400,43
43170795020039,11:59:30.795,16.0500,1
43170795020039,11:59:30.795,16.0500,2
43170795020039,11:59:30.795,16.0500,97
43171237082922,11:59:31.237,16.0500,3
43345897113703,12:02:25.897,16.0400,43
43352024761630,12:02:32.024,16.0500,2
43352024761630,12:02:32.024,16.0500,2
43352024761630,12:02:32.024,16.0500,96
43408010141932,12:03:28.010,16.0600,2
43528055211979,12:05:28.055,16.0600,1
43528055211979,12:05:28.055,16.0600,2
43528055211979,12:05:28.055,16.0600,97
43528055332136,12:05:28.055,16.0600,3
43552898627606,12:05:52.898,16.0500,100
43683311263744,12:08:03.311,16.0600,100
43685039717004,12:08:05.039,16.0600,40
43888017937161,12:11:28.017,16.0600,2
43943131905220,12:12:23.131,16.0500,43
43948007517216,12:12:28.007,16.0600,2
44157045199980,12:15:57.045,16.0600,1
44157045199980,12:15:57.045,16.0600,1
44270281909107,12:17:50.281,16.0700,4
44270281909107,12:17:50.281,16.0700,7
44396687077147,12:19:56.687,16.0800,1
44396687077147,12:19:56.687,16.0800,1
44461910231647,12:21:01.910,16.0900,100
44468837706831,12:21:08.837,16.0900,100
44468837706831,12:21:08.837,16.0900,100
44482731441914,12:21:22.731,16.0900,100
44482732408267,12:21:22.732,16.0900,100
44548006488847,12:22:28.006,16.1000,100
44548006488847,12:22:28.006,16.1000,100
44548006518580,12:22:28.006,16.1000,1
44553834860699,12:22:33.834,16.1000,43
44555222483005,12:22:35.222,16.1100,100
44558377608388,12:22:38.377,16.1100,12
44577971267129,12:22:57.971,16.0800,50
44745409504209,12:25:45.409,16.0800,2
44745409504209,12:25:45.409,16.0800,1
44745409504209,12:25:45.409,16.0800,97
44745409624784,12:25:45.409,16.0800,3
44745409705412,12:25:45.409,16.0800,100
44754207096214,12:25:54.207,16.0800,100
44754207560776,12:25:54.207,16.0800,100
44754412223942,12:25:54.412,16.0800,100
44840001433394,12:27:20.001,16.0700,43
44929674666189,12:28:49.674,16.0800,2
44929674666189,12:28:49.674,16.0800,1
44929674666189,12:28:49.674,16.0800,97
45026365980949,12:30:26.365,16.0900,100
45026365980949,12:30:26.365,16.0900,1
45026365980949,12:30:26.365,16.0900,99
45028394118226,12:30:28.394,16.0900,100
45117054785907,12:31:57.054,16.0800,2
45117055295253,12:31:57.055,16.0800,48
45117055305492,12:31:57.055,16.0800,49
45117055312984,12:31:57.055,16.0800,1
45140219941251,12:32:20.219,16.0600,44
45178564920064,12:32:58.564,16.0600,3
45208007665611,12:33:28.007,16.0600,1
45275275508232,12:34:35.275,16.0600,52
45275275508232,12:34:35.275,16.0600,48
45391695030763,12:36:31.695,16.0600,2
45391695030763,12:36:31.695,16.0600,1
45391695030763,12:36:31.695,16.0600,97
45444733165399,12:37:24.733,16.0500,43
45444733300396,12:37:24.733,16.0500,50
45516697321042,12:38:36.697,16.0600,2
45516697321042,12:38:36.697,16.0600,1
45516697321042,12:38:36.697,16.0600,97
45657013614932,12:40:57.013,16.0600,100
45669737237758,12:41:09.737,16.0600,100
45746153062654,12:42:26.153,16.0600,44
45746153292734,12:42:26.153,16.0600,48
45746153309339,12:42:26.153,16.0600,8
45748012013433,12:42:28.012,16.0600,2
45774626162691,12:42:54.626,16.0700,7
45808007062853,12:43:28.007,16.0700,2
45842261083089,12:44:02.261,16.0600,1
45842430189185,12:44:02.430,16.0700,2
45928008493850,12:45:28.008,16.0600,2
45988008332059,12:46:28.008,16.0600,2
46046275663062,12:47:26.275,16.0500,43
46046275792114,12:47:26.275,16.0500,24
46048022798372,12:47:28.022,16.0600,2
46355403862345,12:52:35.403,16.0500,43
46355403956634,12:52:35.403,16.0700,1
46355403956634,12:52:35.403,16.0700,2
46355450249601,12:52:35.450,16.0800,100
46527390303082,12:55:27.390,16.0700,1
46527390303082,12:55:27.390,16.0700,31
46527390411929,12:55:27.390,16.0700,69
46588028681016,12:56:28.028,16.0600,2
46642962830133,12:57:22.962,16.0500,44
46856134476220,13:00:56.134,16.0500,100
46856593397904,13:00:56.593,16.0500,100
46856594104136,13:00:56.594,16.0600,100
46856594104136,13:00:56.594,16.0600,77
46856594127675,13:00:56.594,16.0600,23
46856594166730,13:00:56.594,16.0600,70
46935521098755,13:02:15.521,16.0600,43
46950012280751,13:02:30.012,16.0600,2
47085276596829,13:04:45.276,16.0700,7
47240991523818,13:07:20.991,16.0700,44
47240992155503,13:07:20.992,16.0700,56
47447850250611,13:10:47.850,16.0700,100
47447850250611,13:10:47.850,16.0700,100
47491451201222,13:11:31.451,16.0600,2
47491451201222,13:11:31.451,16.0600,98
47491451656139,13:11:31.451,16.0600,2
47562491960550,13:12:42.491,16.0600,43
47577016734643,13:12:57.016,16.0600,2
47697016393556,13:14:57.016,16.0500,2
47860622801633,13:17:40.622,16.0500,44
47936195202953,13:18:56.195,16.0500,2
47938005539056,13:18:58.005,16.0500,100
48057016549778,13:20:57.016,16.0400,10
48057016549778,13:20:57.016,16.0400,100
48057016549778,13:20:57.016,16.0400,90
48117154565226,13:21:57.154,16.0300,20
48117154565226,13:21:57.154,16.0300,80
48117154678974,13:21:57.154,16.0300,10
48117154799761,13:21:57.154,16.0300,2
48124084302670,13:22:04.084,16.0300,8
48149990182523,13:22:29.990,16.0300,2
48149990182523,13:22:29.990,16.0300,100
48149990182523,13:22:29.990,16.0300,4
48149990208864,13:22:29.990,16.0300,16
48150421958131,13:22:30.421,16.0200,43
48209016265657,13:23:29.016,16.0200,2
48282016207995,13:24:42.016,16.0200,1
48419949069548,13:26:59.949,16.0200,10
48448007755553,13:27:28.007,16.0200,2
48464252353469,13:27:44.252,16.0200,43
48464252627220,13:27:44.252,16.0200,10
48493812244963,13:28:13.812,16.0200,10
48508016391954,13:28:28.016,16.0200,2
48568012005221,13:29:28.012,16.0200,2
48628010790459,13:30:28.010,16.0200,2
48666761871093,13:31:06.761,16.0300,15
48666762295811,13:31:06.762,16.0300,85
48666762295811,13:31:06.762,16.0300,100
48666762295811,13:31:06.762,16.0300,19
48666762295811,13:31:06.762,16.0300,100
48666762295811,13:31:06.762,16.0300,10
48666765195187,13:31:06.765,16.0300,21
48666783803069,13:31:06.783,16.0300,100
48672289942587,13:31:12.289,16.0400,100
48672289942587,13:31:12.289,16.0400,100
48761133794315,13:32:41.133,16.0300,17
48761133794315,13:32:41.133,16.0300,27
48777011843889,13:32:57.011,16.0300,2
48897035647756,13:34:57.035,16.0300,2
48897035673502,13:34:57.035,16.0300,52
48897035673502,13:34:57.035,16.0300,100
48897035673502,13:34:57.035,16.0300,100
49044242128195,13:37:24.242,16.0100,43
49048010227437,13:37:28.010,16.0200,2
49052820714291,13:37:32.820,16.0300,100
49052820802753,13:37:32.820,16.0300,100
49052820802753,13:37:32.820,16.0300,91
49052820874199,13:37:32.820,16.0300,9
49052820874199,13:37:32.820,16.0300,47
49052820947955,13:37:32.820,16.0300,53
49066732799487,13:37:46.732,16.0400,100
49076721955726,13:37:56.721,16.0500,100
49086152615370,13:38:06.152,16.0500,100
49137789645625,13:38:57.789,16.0500,100
49160247786560,13:39:20.247,16.0500,100
49187150436058,13:39:47.150,16.0400,100
49197197329110,13:39:57.197,16.0400,100
49342959915895,13:42:22.959,16.0300,44
49342959979354,13:42:22.959,16.0300,3
49342959979354,13:42:22.959,16.0300,17
49342960001031,13:42:22.960,16.0300,83
49342960001031,13:42:22.960,16.0300,27
49342960001031,13:42:22.960,16.0300,26
49377037884677,13:42:57.037,16.0200,2
49408006036451,13:43:28.006,16.0200,2
49550247076654,13:45:50.247,16.0100,2
49550811520716,13:45:50.811,16.0100,100
49643623692528,13:47:23.623,16.0000,43
49724976125076,13:48:44.976,16.0100,100
49787536364161,13:49:47.536,16.0000,20
49946140386956,13:52:26.140,16.0000,43
49973518849867,13:52:53.518,16.0000,100
49974781020802,13:52:54.781,16.0000,200
49974781226826,13:52:54.781,16.0000,94
49974781250297,13:52:54.781,16.0000,6
49974781250297,13:52:54.781,16.0000,58
49974781288949,13:52:54.781,16.0000,8
50028203797877,13:53:48.203,16.0000,34
50028203843686,13:53:48.203,16.0100,34
50079802429284,13:54:39.802,16.0100,66
50079802429284,13:54:39.802,16.0100,100
50079802429284,13:54:39.802,16.0100,34
50087413800518,13:54:47.413,16.0100,100
50087413800518,13:54:47.413,16.0100,300
50087417412496,13:54:47.417,16.0100,8
50091053743394,13:54:51.053,16.0100,19
50095506362952,13:54:55.506,16.0200,5
50095506362952,13:54:55.506,16.0200,95
50117594324994,13:55:17.594,16.0100,7
50157037533501,13:55:57.037,16.0100,2
50217020904411,13:56:57.020,16.0100,2
50241325117232,13:57:21.325,16.0100,44
50241325350398,13:57:21.325,16.0100,3
50271051586533,13:57:51.051,16.0100,23
50271051586533,13:57:51.051,16.0100,8
50271051588697,13:57:51.051,16.0100,54
50271051592749,13:57:51.051,16.0100,38
50271084960045,13:57:51.084,16.0000,100
50278150005428,13:57:58.150,15.9900,38
50337026295513,13:58:57.026,15.9900,2
50397046413279,13:59:57.046,15.9900,2
50408597542412,14:00:08.597,16.0000,67
50408597627127,14:00:08.597,16.0000,33
50408598605403,14:00:08.598,16.0000,67
50408599075633,14:00:08.599,16.0000,33
50410020385313,14:00:10.020,16.0100,84
50411740143164,14:00:11.740,16.0100,16
50411740143164,14:00:11.740,16.0100,84
50411740377674,14:00:11.740,16.0100,16
50411740377674,14:00:11.740,16.0100,5
50411740377674,14:00:11.740,16.0100,43
50411740382926,14:00:11.740,16.0100,57
50411740382926,14:00:11.740,16.0100,29
50414966750253,14:00:14.966,16.0100,43
50414966841970,14:00:14.966,16.0100,27
50414966842474,14:00:14.966,16.0100,1
50414967056312,14:00:14.967,16.0200,21
50414967056312,14:00:14.967,16.0200,22
50416267983773,14:00:16.267,16.0200,100
50446608197524,14:00:46.608,16.0200,100
50451159652853,14:00:51.159,16.0200,100
50451159882714,14:00:51.159,16.0200,50
50465922071714,14:01:05.922,16.0400,2
50546131918161,14:02:26.131,16.0400,43
50704165470999,14:05:04.165,16.0600,1
50710519039962,14:05:10.519,16.0700,100
50718623030801,14:05:18.623,16.0700,100
50718623030801,14:05:18.623,16.0700,100
50728384377694,14:05:28.384,16.0700,2
50835489542452,14:07:15.489,16.0800,44
50835489793985,14:07:15.489,16.0800,56
50968249027931,14:09:28.249,16.0700,100
50969501671551,14:09:29.501,16.0600,2
50969501671551,14:09:29.501,16.0600,20
50996680161054,14:09:56.680,16.0500,97
50996680173341,14:09:56.680,16.0500,3
50996680173341,14:09:56.680,16.0500,27
50996680175101,14:09:56.680,16.0500,73
50998092453082,14:09:58.092,16.0500,100
50998092453082,14:09:58.092,16.0500,20
51057278539651,14:10:57.278,16.0600,100
51057278539651,14:10:57.278,16.0600,2
51057278539651,14:10:57.278,16.0600,100
51083487126819,14:11:23.487,16.0700,20
51083487126819,14:11:23.487,16.0700,80
51083487159883,14:11:23.487,16.0700,20
51089141674173,14:11:29.141,16.0800,68
51090891083000,14:11:30.891,16.0800,32
51090891083000,14:11:30.891,16.0800,68
51090891126229,14:11:30.891,16.0800,32
51090891318885,14:11:30.891,16.0800,32
51149174437502,14:12:29.174,16.0700,43
51170099116200,14:12:50.099,16.0900,2
51177806383765,14:12:57.806,16.1000,100
51193209824861,14:13:13.209,16.1100,2
51193209824861,14:13:13.209,16.1100,98
51262276587431,14:14:22.276,16.1300,1
51262276587431,14:14:22.276,16.1300,20
51262276587431,14:14:22.276,16.1300,59
51300733896584,14:15:00.733,16.1300,100
51300733896584,14:15:00.733,16.1300,100
51388018649395,14:16:28.018,16.1100,2
51418822978642,14:16:58.822,16.1000,15
51418822985597,14:16:58.822,16.1000,27
51430048992535,14:17:10.048,16.1100,100
51430048992535,14:17:10.048,16.1100,98
51430049070025,14:17:10.049,16.1100,2
51430049070025,14:17:10.049,16.1100,100
51431303550071,14:17:11.303,16.1100,100
51450699481839,14:17:30.699,16.0800,43
51519688465551,14:18:39.688,16.1000,2
51548123658059,14:19:08.123,16.1100,100
51548123737653,14:19:08.123,16.1100,206
51548123762059,14:19:08.123,16.1100,194
51548123762059,14:19:08.123,16.1100,79
51548123797844,14:19:08.123,16.1100,21
51548152410604,14:19:08.152,16.1200,100
51593202859013,14:19:53.202,16.1400,20
51593202859013,14:19:53.202,16.1400,80
51593202922975,14:19:53.202,16.1400,20
51594201825940,14:19:54.201,16.1500,21
51597024627927,14:19:57.024,16.1500,79
51692029180916,14:21:32.029,16.1700,2
51748043043450,14:22:28.043,16.1700,2
51751261505287,14:22:31.261,16.1600,44
51751265870314,14:22:31.265,16.1600,56
51751265870314,14:22:31.265,16.1600,100
51808104791005,14:23:28.104,16.1600,2
51895476047562,14:24:55.476,16.1600,2
51906058473877,14:25:06.058,16.1700,2
51911523596031,14:25:11.523,16.1800,100
51954179070154,14:25:54.179,16.1900,100
51954179171723,14:25:54.179,16.1900,20
51957063121874,14:25:57.063,16.2000,1
51957063121874,14:25:57.063,16.2000,17
52031263214003,14:27:11.263,16.1800,100
52031263214003,14:27:11.263,16.1800,100
52031263214003,14:27:11.263,16.1800,2
52031263624789,14:27:11.263,16.1800,98
52055947800683,14:27:35.947,16.1600,43
52137225372358,14:28:57.225,16.1600,100
52137225372358,14:28:57.225,16.1600,4
52137225372358,14:28:57.225,16.1600,100
52197327051271,14:29:57.327,16.1800,14
52339225791292,14:32:19.225,16.1700,44
52339225910244,14:32:19.225,16.1700,56
52339225910244,14:32:19.225,16.1700,86
52339225941703,14:32:19.225,16.1700,14
52339229307332,14:32:19.229,16.1700,100
52393150274708,14:33:13.150,16.1800,100
52437182266553,14:33:57.182,16.1900,13
52437721060248,14:33:57.721,16.1900,1
52519968171899,14:35:19.968,16.1900,22
52519968171899,14:35:19.968,16.1900,30
52561180112418,14:36:01.180,16.1800,100
52561180112418,14:36:01.180,16.1800,100
52562149528987,14:36:02.149,16.1700,100
52562149607318,14:36:02.149,16.1700,100
52571819165228,14:36:11.819,16.1600,3
52606254366244,14:36:46.254,16.1700,100
52638641359690,14:37:18.641,16.1600,43
52914805867133,14:41:54.805,16.1700,100
52914805924746,14:41:54.805,16.1700,100
52914832673480,14:41:54.832,16.1800,100
52914834112221,14:41:54.834,16.1900,100
52914834124962,14:41:54.834,16.1900,19
52914834124962,14:41:54.834,16.1900,100
52914834124962,14:41:54.834,16.1900,100
52914834124962,14:41:54.834,16.1900,100
52914834151365,14:41:54.834,16.1900,45
52915038014444,14:41:55.038,16.1900,22
52917111255351,14:41:57.111,16.1900,55
52917111255351,14:41:57.111,16.1900,78
52920253358652,14:42:00.253,16.1900,100
52922466076025,14:42:02.466,16.2000,1
52936618338051,14:42:16.618,16.1800,43
52936754593917,14:42:16.754,16.1800,57
53029880071049,14:43:49.880,16.1600,100
53029903725874,14:43:49.903,16.1500,100
53044841134060,14:44:04.841,16.1700,100
53044841134060,14:44:04.841,16.1700,100
53044886667843,14:44:04.886,16.1800,100
53157794841910,14:45:57.794,16.1800,100
53157794841910,14:45:57.794,16.1800,83
53157794869406,14:45:57.794,16.1800,17
53157794869406,14:45:57.794,16.1800,100
53157794869406,14:45:57.794,16.1800,19
53158038558861,14:45:58.038,16.1900,33
53158724667870,14:45:58.724,16.1900,1
53193074288724,14:46:33.074,16.2000,100
53203996686795,14:46:43.996,16.2000,30
53204041868146,14:46:44.041,16.2100,100
53217026197194,14:46:57.026,16.2200,26
53217053008518,14:46:57.053,16.2200,99
53217053008518,14:46:57.053,16.2200,1
53228367023684,14:47:08.367,16.2300,100
53239993772185,14:47:19.993,16.2100,44
53240394851997,14:47:20.394,16.2300,100
53309119278789,14:48:29.119,16.2300,100
53499385548545,14:51:39.385,16.2100,64
53499519767136,14:51:39.519,16.2200,18
53542009978310,14:52:22.009,16.2300,100
53542010957550,14:52:22.010,16.2300,100
53542010957550,14:52:22.010,16.2300,100
53542015425681,14:52:22.015,16.2300,100
53542029797923,14:52:22.029,16.2400,112
53542202602776,14:52:22.202,16.2400,100
53542251174240,14:52:22.251,16.2400,95
53542383326949,14:52:22.383,16.2400,5
53542383326949,14:52:22.383,16.2400,95
53544072768628,14:52:24.072,16.2400,5
53544072768628,14:52:24.072,16.2400,95
53556812109847,14:52:36.812,16.2400,100
53560652562409,14:52:40.652,16.2300,43
53610469156720,14:53:30.469,16.2500,22
53614507504490,14:53:34.507,16.2600,5
53614507504490,14:53:34.507,16.2700,95
53665873117531,14:54:25.873,16.2600,100
53803896450751,14:56:43.896,16.2700,100
53803896450751,14:56:43.896,16.2700,99
53803896681567,14:56:43.896,16.2700,1
53837105518764,14:57:17.105,16.2600,44
53837107815595,14:57:17.107,16.2600,56
53837107815595,14:57:17.107,16.2600,100
53837108608709,14:57:17.108,16.2500,57
54001437750484,15:00:01.437,16.2400,100
54001437750484,15:00:01.437,16.2400,100
54001438122844,15:00:01.438,16.2400,43
54001438151643,15:00:01.438,16.2400,57
54001438203449,15:00:01.438,16.2400,33
54035280752346,15:00:35.280,16.2400,100
54035280752346,15:00:35.280,16.2400,76
54035306886805,15:00:35.306,16.2400,100
54040228117625,15:00:40.228,16.2400,100
54085947377870,15:01:25.947,16.2200,65
54085947377870,15:01:25.947,16.2200,35
54085947880381,15:01:25.947,16.2200,65
54144663015517,15:02:24.663,16.2100,43
54237532345474,15:03:57.532,16.2200,14
54266055796495,15:04:26.055,16.2100,57
54266055796495,15:04:26.055,16.2100,100
54266055796495,15:04:26.055,16.2100,100
54266818485129,15:04:26.818,16.2000,100
54266818520187,15:04:26.818,16.2000,100
54273827468836,15:04:33.827,16.1900,100
54326044710426,15:05:26.044,16.1700,50
54439153940062,15:07:19.153,16.1600,43
54625379904262,15:10:25.379,16.1700,100
54625379904262,15:10:25.379,16.1700,23
54625380023020,15:10:25.380,16.1700,77
54625380023020,15:10:25.380,16.1700,23
54625380135010,15:10:25.380,16.1700,77
54625380135010,15:10:25.380,16.1700,100
54625502659176,15:10:25.502,16.1800,100
54643542757321,15:10:43.542,16.1700,100
54643542818120,15:10:43.542,16.1700,100
54643542818120,15:10:43.542,16.1700,97
54692598817379,15:11:32.598,16.1600,100
54715162531881,15:11:55.162,16.1600,62
54724765587997,15:12:04.765,16.1600,1
54724783315239,15:12:04.783,16.1600,6
54750300488888,15:12:30.300,16.1600,43
54750326078299,15:12:30.326,16.1700,100
54775124978668,15:12:55.124,16.1550,6
54890502816962,15:14:50.502,16.1700,100
54890504843530,15:14:50.504,16.1700,100
54957915964435,15:15:57.915,16.1500,100
54964321401091,15:16:04.321,16.1600,100
54972902060345,15:16:12.902,16.1600,100
54972902060345,15:16:12.902,16.1600,100
54972902163458,15:16:12.902,16.1600,64
54972902339160,15:16:12.902,16.1600,36
54972902339160,15:16:12.902,16.1600,26
54972902339925,15:16:12.902,16.1600,28
54972902504805,15:16:12.902,16.1600,46
54972902504805,15:16:12.902,16.1600,100
54972902504805,15:16:12.902,16.1600,100
54972902912168,15:16:12.902,16.1600,100
54972975661697,15:16:12.975,16.1600,100
54995958209393,15:16:35.958,16.1800,100
55017337594893,15:16:57.337,16.1800,31
55017337669811,15:16:57.337,16.1800,19
55044260088848,15:17:24.260,16.1800,43
55200178025198,15:20:00.178,16.2000,100
55200179353509,15:20:00.179,16.2000,100
55200179353509,15:20:00.179,16.2000,33
55200179713214,15:20:00.179,16.2000,133
55200179940124,15:20:00.179,16.2000,34
55200179940124,15:20:00.179,16.2000,30
55200179953246,15:20:00.179,16.2000,63
55200179958564,15:20:00.179,16.2000,7
55312034078206,15:21:52.034,16.1900,57
55312034078206,15:21:52.034,16.1900,100
55338032826561,15:22:18.032,16.1800,100
55341823156840,15:22:21.823,16.1700,100
55341823156840,15:22:21.823,16.1700,100
55344295223941,15:22:24.295,16.1600,44
55503114276164,15:25:03.114,16.1500,17
55503114276164,15:25:03.114,16.1500,83
55503114602052,15:25:03.114,16.1500,17
55521401634412,15:25:21.401,16.1500,100
55521403501098,15:25:21.403,16.1500,100
55521403559037,15:25:21.403,16.1500,400
55521405109735,15:25:21.405,16.1500,200
55677469265611,15:27:57.469,16.1600,100
55677469265611,15:27:57.469,16.1600,100
55677469265611,15:27:57.469,16.1600,100
55677469265611,15:27:57.469,16.1600,20
55677469265611,15:27:57.469,16.1600,100
55677469430760,15:27:57.469,16.1600,100
55677544318293,15:27:57.544,16.1700,100
55677544318293,15:27:57.544,16.1700,100
55677552320437,15:27:57.552,16.1700,38
55677552320437,15:27:57.552,16.1700,80
55715770523289,15:28:35.770,16.1700,100
55716292440713,15:28:36.292,16.1800,100
55735040646757,15:28:55.040,16.1800,72
55750686039314,15:29:10.686,16.1900,100
55750686039314,15:29:10.686,16.1900,100
55802878594898,15:30:02.878,16.1800,30
55806831271653,15:30:06.831,16.1800,100
55806831271653,15:30:06.831,16.1800,93
55850597399177,15:30:50.597,16.1700,90
55850599530287,15:30:50.599,16.1600,38
55850599530287,15:30:50.599,16.1600,20
55894538303788,15:31:34.538,16.1700,100
55894538303788,15:31:34.538,16.1700,100
55894538389571,15:31:34.538,16.1700,29
55895479041027,15:31:35.479,16.1700,100
55905034788825,15:31:45.034,16.1700,100
55907742712031,15:31:47.742,16.1700,100
55914505532677,15:31:54.505,16.1700,100
55931776723689,15:32:11.776,16.1800,30
55951484553591,15:32:31.484,16.1800,100
55951484905509,15:32:31.484,16.1800,200
56023223544546,15:33:43.223,16.1800,100
56023223721692,15:33:43.223,16.1800,100
56023223725040,15:33:43.223,16.1800,29
56055857514013,15:34:15.857,16.1700,51
56055857608671,15:34:15.857,16.1700,49
56055857608671,15:34:15.857,16.1700,2
56055857744931,15:34:15.857,16.1700,98
56055857744931,15:34:15.857,16.1700,100
56055857831726,15:34:15.857,16.1700,300
56057086179153,15:34:17.086,16.1600,100
56126844147709,15:35:26.844,16.1500,2
56134506567370,15:35:34.506,16.1500,98
56134506567370,15:35:34.506,16.1500,100
56134506567370,15:35:34.506,16.1500,200
56139871321581,15:35:39.871,16.1600,100
56139871556539,15:35:39.871,16.1600,100
56161839686367,15:36:01.839,16.1600,30
56163236618948,15:36:03.236,16.1600,70
56163236618948,15:36:03.236,16.1600,1
56239945733099,15:37:19.945,16.1700,1
56239945733099,15:37:19.945,16.1700,100
56239945733099,15:37:19.945,16.1700,99
56248788779190,15:37:28.788,16.1700,100
56249088967569,15:37:29.088,16.1750,100
56349490966689,15:39:09.490,16.1900,40
56349490966689,15:39:09.490,16.1900,160
56349509393881,15:39:09.509,16.1900,100
56469919481171,15:41:09.919,16.1800,100
56469919725930,15:41:09.919,16.1800,78
56469919736449,15:41:09.919,16.1800,39
56469919736449,15:41:09.919,16.1800,10
56469919750991,15:41:09.919,16.1800,67
56469919890013,15:41:09.919,16.1800,23
56469919890013,15:41:09.919,16.1800,1
56469919890013,15:41:09.919,16.1800,1
56469919890013,15:41:09.919,16.1800,2
56469919890013,15:41:09.919,16.1800,6
56469919890013,15:41:09.919,16.1800,1
56469919890013,15:41:09.919,16.1800,1
56469919890013,15:41:09.919,16.1800,1
56469933551280,15:41:09.933,16.1800,100
56469933551280,15:41:09.933,16.1800,100
56469933551280,15:41:09.933,16.1800,100
56469937402318,15:41:09.937,16.1900,15
56469938225142,15:41:09.938,16.1900,100
56469970863739,15:41:09.970,16.1800,100
56469973617603,15:41:09.973,16.1900,100
56469973617603,15:41:09.973,16.1900,100
56470084827273,15:41:10.084,16.1900,100
56470135767493,15:41:10.135,16.1900,100
56574128675175,15:42:54.128,16.1900,100
56580608405024,15:43:00.608,16.1900,100
56593965956781,15:43:13.965,16.1900,100
56661996603115,15:44:21.996,16.2000,100
56661996603115,15:44:21.996,16.2000,100
56661996603115,15:44:21.996,16.2000,100
56661996603115,15:44:21.996,16.2000,200
56661996603115,15:44:21.996,16.2000,100
56661996603115,15:44:21.996,16.2000,200
56661996603115,15:44:21.996,16.2000,100
56661996603115,15:44:21.996,16.2000,82
56661996650928,15:44:21.996,16.2000,18
56661996650928,15:44:21.996,16.2000,3
56661996650928,15:44:21.996,16.2000,50
56661996892983,15:44:21.996,16.2000,36
56661996925326,15:44:21.996,16.2000,64
56661996925326,15:44:21.996,16.2000,100
56662024147415,15:44:22.024,16.2100,200
56662730864865,15:44:22.730,16.2100,100
56667302929782,15:44:27.302,16.2200,100
56672533361288,15:44:32.533,16.2200,100
56725032965664,15:45:25.032,16.2200,100
56725033089538,15:45:25.033,16.2200,100
56725033092123,15:45:25.033,16.2200,100
56738130130764,15:45:38.130,16.2200,1
56738130130764,15:45:38.130,16.2200,99
56754514139028,15:45:54.514,16.2200,1
56754514139028,15:45:54.514,16.2200,99
56754514403596,15:45:54.514,16.2200,1
56754514403596,15:45:54.514,16.2200,1
56754514408089,15:45:54.514,16.2200,2
56757485455609,15:45:57.485,16.2300,40
56757485455609,15:45:57.485,16.2300,54
56891593960484,15:48:11.593,16.2100,100
56891593960484,15:48:11.593,16.2100,100
56891594001494,15:48:11.594,16.2100,97
56891594231929,15:48:11.594,16.2100,103
56891594236438,15:48:11.594,16.2100,72
56891594268874,15:48:11.594,16.2100,28
56892094195923,15:48:12.094,16.2000,97
56892094291586,15:48:12.094,16.2000,3
56892307623438,15:48:12.307,16.2000,100
56892307623438,15:48:12.307,16.2000,100
56892307623438,15:48:12.307,16.2000,100
56892313295887,15:48:12.313,16.2100,6
56900594096376,15:48:20.594,16.2000,100
56939014202067,15:48:59.014,16.2050,200
56939014202067,15:48:59.014,16.2100,94
56939014202067,15:48:59.014,16.2100,46
56939014202067,15:48:59.014,16.2100,200
56939014202067,15:48:59.014,16.2100,100
56939014202067,15:48:59.014,16.2100,303
56939014351327,15:48:59.014,16.2100,100
56939014357481,15:48:59.014,16.2100,97
56939014357481,15:48:59.014,16.2100,3
56940484406327,15:49:00.484,16.2200,100
56944165290070,15:49:04.165,16.2200,100
56960949294945,15:49:20.949,16.2200,100
57000069704178,15:50:00.069,16.2100,100
57000069749118,15:50:00.069,16.2100,56
57000069948627,15:50:00.069,16.2100,25
57000069949348,15:50:00.069,16.2100,19
57000069986436,15:50:00.069,16.2100,56
57000070049098,15:50:00.070,16.2100,24
57000070083542,15:50:00.070,16.2100,20
57000070083542,15:50:00.070,16.2100,5
57000070083542,15:50:00.070,16.2100,2
57000070083542,15:50:00.070,16.2100,1
57000070083542,15:50:00.070,16.2100,1
57000070083542,15:50:00.070,16.2100,1
57000102612867,15:50:00.102,16.2100,100
57009795506146,15:50:09.795,16.2100,43
57150108414091,15:52:30.108,16.1900,200
57150108444334,15:52:30.108,16.1900,100
57150108444334,15:52:30.108,16.1900,100
57150108444334,15:52:30.108,16.1900,100
57213100666185,15:53:33.100,16.1500,100
57240891136615,15:54:00.891,16.1400,100
57240891136615,15:54:00.891,16.1400,200
57240891136615,15:54:00.891,16.1400,100
57240891136615,15:54:00.891,16.1400,100
57244893028038,15:54:04.893,16.1400,100
57260317272454,15:54:20.317,16.1400,9
57261844253935,15:54:21.844,16.1400,41
57261844324727,15:54:21.844,16.1400,59
57305095758749,15:55:05.095,16.1300,100
57316843518557,15:55:16.843,16.1400,52
57316843890550,15:55:16.843,16.1400,6
57333460173209,15:55:33.460,16.1300,100
57351858499890,15:55:51.858,16.1350,100
57389107773580,15:56:29.107,16.1300,100
57394956206668,15:56:34.956,16.1300,100
57404252903335,15:56:44.252,16.1300,100
57413617212233,15:56:53.617,16.1300,100
57418920508881,15:56:58.920,16.1300,100
57422054757909,15:57:02.054,16.1300,10
57423031132759,15:57:03.031,16.1300,90
57423031132759,15:57:03.031,16.1300,10
57447380075409,15:57:27.380,16.1300,82
57447380075409,15:57:27.380,16.1300,18
57447386281857,15:57:27.386,16.1300,181
57447386281857,15:57:27.386,16.1300,234
57447386281857,15:57:27.386,16.1300,85
57455391087200,15:57:35.391,16.1200,100
57458408656006,15:57:38.408,16.1200,100
57458548580655,15:57:38.548,16.1200,100
57466495053895,15:57:46.495,16.1250,100
57466512499338,15:57:46.512,16.1300,100
57466512499338,15:57:46.512,16.1300,100
57466512499338,15:57:46.512,16.1300,57
57466512540314,15:57:46.512,16.1300,15
57466512734600,15:57:46.512,16.1300,28
57466512734600,15:57:46.512,16.1300,13
57466512750304,15:57:46.512,16.1300,87
57466512750304,15:57:46.512,16.1300,110
57466512751066,15:57:46.512,16.1300,66
57466512785735,15:57:46.512,16.1300,15
57466512841464,15:57:46.512,16.1300,9
57466512841464,15:57:46.512,16.1300,6
57466512907712,15:57:46.512,16.1300,15
57466512940672,15:57:46.512,16.1300,279
57466512940672,15:57:46.512,16.1300,21
57466512971019,15:57:46.512,16.1300,79
57466512971019,15:57:46.512,16.1300,64
57466512971019,15:57:46.512,16.1300,63
57466512977982,15:57:46.512,16.1300,15
57466513024709,15:57:46.513,16.1300,22
57466513024709,15:57:46.513,16.1300,78
57466513027134,15:57:46.513,16.1300,15
57466513108358,15:57:46.513,16.1300,7
57466513108358,15:57:46.513,16.1300,8
57466513200222,15:57:46.513,16.1300,67
57466513211539,15:57:46.513,16.1300,25
57466513211539,15:57:46.513,16.1300,74
57468793717461,15:57:48.793,16.1300,26
57468793717461,15:57:48.793,16.1300,100
57468793717461,15:57:48.793,16.1300,74
57470487358347,15:57:50.487,16.1300,26
57470487358347,15:57:50.487,16.1300,74
57476488225880,15:57:56.488,16.1300,26
57476488225880,15:57:56.488,16.1300,74
57482272927352,15:58:02.272,16.1300,100
57482273374332,15:58:02.273,16.1300,28
57482273374332,15:58:02.273,16.1300,28
57494166541273,15:58:14.166,16.1300,72
57494166541273,15:58:14.166,16.1300,28
57494166619664,15:58:14.166,16.1300,72
57494166619664,15:58:14.166,16.1300,100
57494166619664,15:58:14.166,16.1300,100
57494166619664,15:58:14.166,16.1300,28
57494166646641,15:58:14.166,16.1300,1
57494167697735,15:58:14.167,16.1300,100
57504687726598,15:58:24.687,16.1300,52
57515922873875,15:58:35.922,16.1300,2
57521189063518,15:58:41.189,16.1300,46
57521189063518,15:58:41.189,16.1300,54
57522704083882,15:58:42.704,16.1300,46
57522704083882,15:58:42.704,16.1300,54
57524539274309,15:58:44.539,16.1300,1
57526141199516,15:58:46.141,16.1300,2
57528484849432,15:58:48.484,16.1300,43
57528484849432,15:58:48.484,16.1300,57
57531844363940,15:58:51.844,16.1300,1
57536906081789,15:58:56.906,16.1250,100
57536906081789,15:58:56.906,16.1200,500
57536906081789,15:58:56.906,16.1200,85
57536906081789,15:58:56.906,16.1200,200
57536906081789,15:58:56.906,16.1200,200
57536906081789,15:58:56.906,16.1200,250
57536906081789,15:58:56.906,16.1200,199
57536906081789,15:58:56.906,16.1200,100
57536906081789,15:58:56.906,16.1200,234
57536906081789,15:58:56.906,16.1200,100
57536907085887,15:58:56.907,16.1100,100
57536908950316,15:58:56.908,16.1100,100
57536912413132,15:58:56.912,16.1100,100
57536914990103,15:58:56.914,16.1100,100
57538809897091,15:58:58.809,16.1200,100
57538809897091,15:58:58.809,16.1200,100
57538840199392,15:58:58.840,16.1200,73
57552577349349,15:59:12.577,16.1200,25
57553484867330,15:59:13.484,16.1300,11
57559744420781,15:59:19.744,16.1250,20
57570302227754,15:59:30.302,16.1300,31
57570302227754,15:59:30.302,16.1300,69
57570305311863,15:59:30.305,16.1300,31
57570305311863,15:59:30.305,16.1300,69
57570310109117,15:59:30.310,16.1300,23
57570314855197,15:59:30.314,16.1300,8
57570314855197,15:59:30.314,16.1300,15
57571423710676,15:59:31.423,16.1300,12
57572943933586,15:59:32.943,16.1250,13
57573484408851,15:59:33.484,16.1300,73
57573484408851,15:59:33.484,16.1300,27
57574163935693,15:59:34.163,16.1300,44
57574163935693,15:59:34.163,16.1300,56
57577810189930,15:59:37.810,16.1300,44
57577810189930,15:59:37.810,16.1300,56
57595087985342,15:59:55.087,16.1200,200
57595155805300,15:59:55.155,16.1200,29
57595155933022,15:59:55.155,16.1200,21
57595155933022,15:59:55.155,16.1200,179
57595210478447,15:59:55.210,16.1200,20
57595210478447,15:59:55.210,16.1200,47
57595210478447,15:59:55.210,16.1200,17
57596097450938,15:59:56.097,16.1200,100
57597052014166,15:59:57.052,16.1200,117
57597052014166,15:59:57.052,16.1200,500
57597052014166,15:59:57.052,16.1200,100
57597052014166,15:59:57.052,16.1200,199
57597749564217,15:59:57.749,16.1300,100
57600550812140,16:00:00.550,16.1100,30771
