timestamp,time,price,volume
34200094471350,09:30:00.094,13.1400,317
34584466224446,09:36:24.466,12.7800,1
37754209514978,10:29:14.209,12.8200,1
37754209514978,10:29:14.209,12.9000,3
37792527003248,10:29:52.527,12.8200,1
37964622839152,10:32:44.622,12.8200,99
37964622839152,10:32:44.622,12.8200,1
37974842288781,10:32:54.842,12.8000,100
37974842288781,10:32:54.842,12.8100,92
37974842288781,10:32:54.842,12.8100,8
37975977143316,10:32:55.977,12.6800,100
37975977203790,10:32:55.977,12.6800,100
37975978972437,10:32:55.978,12.6800,100
37976575693724,10:32:56.575,12.4600,100
37976575948894,10:32:56.575,12.5000,100
37976575994815,10:32:56.575,12.4500,100
37976576055262,10:32:56.576,12.4500,100
37976576648207,10:32:56.576,12.5400,100
37976576693671,10:32:56.576,12.5000,100
37976576751979,10:32:56.576,12.5000,100
37977574805842,10:32:57.574,12.5000,200
37977576705085,10:32:57.576,12.4600,100
37980447908455,10:33:00.447,12.8100,200
39246655229619,10:54:06.655,12.6000,100
39246655319920,10:54:06.655,12.6000,100
39246655497006,10:54:06.655,12.6100,5
40319877157223,11:11:59.877,12.5600,5
40492874167802,11:14:52.874,12.6400,100
40584187429540,11:16:24.187,12.8400,1
41531460543151,11:32:11.460,12.8100,100
42104987618266,11:41:44.987,12.8200,5
42426367803744,11:47:06.367,12.8200,95
42426367803744,11:47:06.367,12.8200,2
42708316676624,11:51:48.316,12.8100,1
42708316771495,11:51:48.316,12.8100,99
42708316771495,11:51:48.316,12.8100,6
42708316771495,11:51:48.316,12.8100,100
42708317008762,11:51:48.317,12.8300,4
42708317322321,11:51:48.317,12.8200,100
42951838071934,11:55:51.838,12.9900,100
42951838132321,11:55:51.838,12.9900,100
42951838195035,11:55:51.838,12.9900,1
42951954556677,11:55:51.954,12.9900,2
42951955631899,11:55:51.955,13.0000,100
42951957972526,11:55:51.957,13.0000,100
42951964298132,11:55:51.964,13.0300,100
42952638251050,11:55:52.638,12.9600,100
42952638251050,11:55:52.638,12.9600,100
42985551264353,11:56:25.551,13.0200,4
43044318229760,11:57:24.318,13.0300,100
43044318229760,11:57:24.318,13.0300,100
43044319764999,11:57:24.319,13.0200,100
43044319764999,11:57:24.319,13.0200,100
43044319879527,11:57:24.319,13.0200,200
43044319949412,11:57:24.319,13.0000,100
43044319949412,11:57:24.319,13.0000,100
44417527546190,12:20:17.527,12.9400,5
44417527546190,12:20:17.527,12.9400,95
44621689287272,12:23:41.689,12.8800,100
44906372558952,12:28:26.372,12.8600,115
44906372790321,12:28:26.372,12.8600,33
44906686415683,12:28:26.686,12.8700,100
44906686415683,12:28:26.686,12.8700,100
44906686415683,12:28:26.686,12.8600,2
44906686415683,12:28:26.686,12.8600,98
44906691405571,12:28:26.691,12.8600,2
44906691511015,12:28:26.691,12.8400,100
46239495550675,12:50:39.495,12.8400,1
46495144273542,12:54:55.144,12.8800,61
46936417546487,13:02:16.417,12.8800,39
46936417546487,13:02:16.417,12.8800,61
46936417783236,13:02:16.417,12.8700,41
46936417971999,13:02:16.417,12.8700,59
46937839521774,13:02:17.839,12.8800,39
46937839521774,13:02:17.839,12.8800,2
46971577672439,13:02:51.577,12.9300,100
46971592122823,13:02:51.592,12.9400,100
47717732223782,13:15:17.732,12.9200,3
47717732223782,13:15:17.732,12.9200,100
47717733295768,13:15:17.733,12.9300,100
47717734715772,13:15:17.734,12.9300,3
47912128515679,13:18:32.128,12.9700,46
47966425963054,13:19:26.425,12.9700,54
47966425963054,13:19:26.425,12.9700,1
48173741920780,13:22:53.741,12.9200,100
48173741982509,13:22:53.741,12.9200,100
48361629518037,13:26:01.629,12.8500,100
48361630595289,13:26:01.630,12.8800,21
48361631094469,13:26:01.631,12.9100,100
48371768310090,13:26:11.768,12.9000,100
48371768774327,13:26:11.768,12.9400,100
48447031776679,13:27:27.031,12.9500,100
48619321050031,13:30:19.321,12.9900,100
48636414427007,13:30:36.414,13.0100,1
48642594442398,13:30:42.594,13.0300,93
48645234444551,13:30:45.234,13.0300,7
49131919880807,13:38:51.919,12.9900,100
49132701963379,13:38:52.701,12.9400,100
49132702800446,13:38:52.702,12.9400,100
49434629049553,13:43:54.629,12.9100,100
49434629108033,13:43:54.629,12.9100,1
49434701836432,13:43:54.701,12.8200,100
49476317591394,13:44:36.317,12.9500,1
49504702055866,13:45:04.702,12.9400,100
49538420128753,13:45:38.420,12.9500,1
49573595928801,13:46:13.595,12.9300,100
49573596213532,13:46:13.596,12.9300,5
49729349259508,13:48:49.349,12.9500,1
50464581791131,14:01:04.581,13.0000,100
50464636105661,14:01:04.636,13.0400,100
52186493363513,14:29:46.493,12.9500,1
52186493363513,14:29:46.493,12.9500,99
52600383361587,14:36:40.383,12.9200,100
52600383361587,14:36:40.383,12.9400,5
52600383361587,14:36:40.383,12.9400,95
52600411874164,14:36:40.411,12.9300,100
52605439943127,14:36:45.439,12.9200,3
52605439943127,14:36:45.439,12.9200,8
53042463730766,14:44:02.463,12.8700,5
53042465060571,14:44:02.465,12.8800,1
53042465119912,14:44:02.465,12.8900,1
53171616190221,14:46:11.616,12.7200,25
54249599820626,15:04:09.599,12.7750,100
54575841889190,15:09:35.841,12.7200,100
54575959032693,15:09:35.959,12.8400,100
54770304947679,15:12:50.304,12.7200,39
54770304947679,15:12:50.304,12.7200,61
54774439823029,15:12:54.439,12.7750,2
54797963363002,15:13:17.963,12.7750,2
54797963363002,15:13:17.963,12.7750,1
54797963363002,15:13:17.963,12.7200,39
54797963363002,15:13:17.963,12.7200,58
54826189054572,15:13:46.189,12.7750,1
54826189054572,15:13:46.189,12.7750,1
54826189054572,15:13:46.189,12.7750,1
54826189054572,15:13:46.189,12.7750,1
54826189054572,15:13:46.189,12.7750,1
54885285597824,15:14:45.285,12.8300,1
54936710226563,15:15:36.710,12.8200,1
54936710590583,15:15:36.710,12.8200,1
55203578003209,15:20:03.578,12.7700,3
55203578003209,15:20:03.578,12.7700,1
55203578003209,15:20:03.578,12.7700,1
55203578003209,15:20:03.578,12.7700,1
55566857019359,15:26:06.857,12.7100,100
55566857019359,15:26:06.857,12.7100,100
55619656701283,15:26:59.656,12.7000,100
55619656701283,15:26:59.656,12.7000,100
55619656701283,15:26:59.656,12.7000,100
55619656701283,15:26:59.656,12.7000,100
55619657180666,15:26:59.657,12.7000,100
55619657397170,15:26:59.657,12.7000,100
55619657397170,15:26:59.657,12.7000,100
55619657473639,15:26:59.657,12.7100,200
55619657513236,15:26:59.657,12.7100,71
55619658064610,15:26:59.658,12.7200,200
55621228283580,15:27:01.228,12.7900,100
55621236122780,15:27:01.236,12.8200,100
55621244617678,15:27:01.244,12.8200,22
55621244617678,15:27:01.244,12.8300,78
55621246047898,15:27:01.246,12.8200,29
55621254906217,15:27:01.254,12.8200,29
55621254906217,15:27:01.254,12.8300,22
55621254906217,15:27:01.254,12.8300,49
55666247265239,15:27:46.247,12.8400,100
55666248339020,15:27:46.248,12.8500,100
55666360779016,15:27:46.360,12.8600,200
55671487581795,15:27:51.487,12.9300,100
55753175104546,15:29:13.175,12.9200,1
55753178144360,15:29:13.178,12.9200,1
55753179073904,15:29:13.179,12.9300,1
55753179157004,15:29:13.179,12.9300,1
55753179219060,15:29:13.179,12.9300,1
55753179290030,15:29:13.179,12.9300,1
55753179356880,15:29:13.179,12.9300,1
55753179462829,15:29:13.179,12.9300,1
56039595079442,15:33:59.595,12.8700,1
56039595800687,15:33:59.595,12.8700,100
56039595842887,15:33:59.595,12.8700,99
56060599867938,15:34:20.599,12.8900,100
56066514373688,15:34:26.514,12.8900,1
56133337954491,15:35:33.337,12.9000,100
56133337954491,15:35:33.337,12.9000,1
56133338104921,15:35:33.338,12.9100,1
56133352068871,15:35:33.352,12.9000,5
56133364848460,15:35:33.364,12.9300,94
56133364848460,15:35:33.364,12.9300,100
56142758420760,15:35:42.758,12.9400,100
56142857599476,15:35:42.857,12.9400,100
56377953598585,15:39:37.953,12.9400,100
56377953598585,15:39:37.953,12.9400,100
56625941871660,15:43:45.941,12.9000,2
56665284503772,15:44:25.284,12.9000,98
56665284503772,15:44:25.284,12.9000,100
56880525762017,15:48:00.525,12.9100,100
57014259097487,15:50:14.259,12.9100,100
57078184616022,15:51:18.184,12.9000,60
57078184616022,15:51:18.184,12.9100,40
57289450243693,15:54:49.450,12.8800,1
57379495352103,15:56:19.495,12.8200,20
57379495352103,15:56:19.495,12.8300,36
57379495352103,15:56:19.495,12.8800,1
57379495352103,15:56:19.495,12.8800,43
57480491549450,15:58:00.491,12.8200,1
57493688101131,15:58:13.688,12.8200,1
57502481276481,15:58:22.481,12.8200,1
57515683279323,15:58:35.683,12.8200,1
57524484748846,15:58:44.484,12.8300,1
57524893567945,15:58:44.893,12.8600,30
57524893567945,15:58:44.893,12.8700,100
57524893567945,15:58:44.893,12.8700,18
57524893567945,15:58:44.893,12.8700,100
57524893567945,15:58:44.893,12.8700,94
57524893669438,15:58:44.893,12.8700,6
57524893669438,15:58:44.893,12.8700,500
57524893669438,15:58:44.893,12.8700,100
57524896233594,15:58:44.896,12.8800,100
57526118317329,15:58:46.118,12.8900,100
57526118377613,15:58:46.118,12.8900,100
57538049056265,15:58:58.049,12.9000,100
57538049185174,15:58:58.049,12.9000,36
57538049185174,15:58:58.049,12.9000,100
57540128416451,15:59:00.128,12.9100,100
57540128416451,15:59:00.128,12.9100,100
57548671661119,15:59:08.671,12.8900,2
57551186997717,15:59:11.186,12.9200,18
57551220516087,15:59:11.220,12.9200,18
57551746542962,15:59:11.746,12.9200,100
57551763562943,15:59:11.763,12.9200,64
57551763562943,15:59:11.763,12.9200,36
57554375556848,15:59:14.375,12.9200,64
57554375556848,15:59:14.375,12.9200,38
57554375556848,15:59:14.375,12.9200,29
57554375583665,15:59:14.375,12.9200,71
57554375583665,15:59:14.375,12.9200,36
57558090878107,15:59:18.090,12.9300,87
57558091114790,15:59:18.091,12.9100,2
57558519420794,15:59:18.519,12.9300,13
57559089769805,15:59:19.089,12.9300,31
57570816500347,15:59:30.816,12.9500,100
57570816500347,15:59:30.816,12.9500,356
57577269779620,15:59:37.269,12.9200,1
57588864738016,15:59:48.864,12.9200,43
57594463357109,15:59:54.463,12.9400,44
57594466634398,15:59:54.466,12.9500,43
57600295945115,16:00:00.295,12.9500,4018
