timestamp,time,price,volume
28800992387398,08:00:00.992,34.5500,8
33593282798103,09:19:53.282,35.0000,300
34200011023246,09:30:00.011,34.6500,100
34200011023246,09:30:00.011,34.6500,100
34200011023246,09:30:00.011,34.6200,100
34200011023246,09:30:00.011,34.6100,5
34200011023246,09:30:00.011,34.6100,295
34200011030548,09:30:00.011,34.6100,5
34200011030548,09:30:00.011,34.6100,681
34200013161618,09:30:00.013,34.6000,100
34200565349373,09:30:00.565,0.0000,0
34200734016153,09:30:00.734,34.5800,100
34200735660655,09:30:00.735,34.5800,100
34200735660655,09:30:00.735,34.5800,100
34200750746998,09:30:00.750,34.5900,100
34260218931768,09:31:00.218,34.6000,100
34260218931768,09:31:00.218,34.5900,92
34277197726861,09:31:17.197,34.6300,200
34280168392296,09:31:20.168,34.6100,100
34280168822692,09:31:20.168,34.6000,30
34280168822692,09:31:20.168,34.6000,20
34280169204846,09:31:20.169,34.5900,100
34280169204846,09:31:20.169,34.5800,100
34280169204846,09:31:20.169,34.5800,100
34280169304146,09:31:20.169,34.5800,100
34280169313981,09:31:20.169,34.5800,100
34280170776913,09:31:20.170,34.5800,100
34281125411877,09:31:21.125,34.5400,100
34285497804078,09:31:25.497,34.5100,100
34285497908095,09:31:25.497,34.5000,200
34285498488498,09:31:25.498,34.5300,100
34285498910484,09:31:25.498,34.5300,100
34285498972742,09:31:25.498,34.5300,100
34285499282125,09:31:25.499,34.5200,100
34285499634297,09:31:25.499,34.5100,100
34285506435125,09:31:25.506,34.5200,100
34285506696620,09:31:25.506,34.5000,100
34285506723227,09:31:25.506,34.5000,100
34285507216868,09:31:25.507,34.5200,100
34285517780015,09:31:25.517,34.4900,100
34285521674141,09:31:25.521,34.4800,100
34285857730471,09:31:25.857,34.4500,100
34285857744889,09:31:25.857,34.4500,100
34285857760957,09:31:25.857,34.4500,100
34285857930980,09:31:25.857,34.4500,100
34285857930980,09:31:25.857,34.4400,100
34287588331863,09:31:27.588,34.4400,78
34287588331863,09:31:27.588,34.4100,22
34294941534783,09:31:34.941,34.4000,100
34294944386467,09:31:34.944,34.3800,100
34296197874206,09:31:36.197,34.3300,100
34296197874206,09:31:36.197,34.3200,100
34298075703155,09:31:38.075,34.2900,81
34316841812506,09:31:56.841,34.2400,81
34323159884598,09:32:03.159,34.2300,81
34336865453869,09:32:16.865,34.2400,100
34336865453869,09:32:16.865,34.2300,82
34336865480953,09:32:16.865,34.2300,18
34336865480953,09:32:16.865,34.2300,82
34336866135046,09:32:16.866,34.2400,100
34336874983063,09:32:16.874,34.2400,100
34336876139261,09:32:16.876,34.2400,100
34336879839698,09:32:16.879,34.2800,100
34336879846381,09:32:16.879,34.2800,100
34336881974624,09:32:16.881,34.2700,100
34336888464750,09:32:16.888,34.2900,100
34336888464750,09:32:16.888,34.2900,100
34336893410727,09:32:16.893,34.2900,1
34336893434306,09:32:16.893,34.2900,99
34336893434306,09:32:16.893,34.2900,200
34336947711196,09:32:16.947,34.2800,100
34336951098651,09:32:16.951,34.2700,100
34337951996834,09:32:17.951,34.3400,100
34350719349680,09:32:30.719,34.2700,100
34350719349680,09:32:30.719,34.2600,100
34350719349680,09:32:30.719,34.2600,100
34350719441071,09:32:30.719,34.2600,100
34350719529485,09:32:30.719,34.2800,100
34350721953469,09:32:30.721,34.3000,100
34350722026165,09:32:30.722,34.3000,100
34350722126254,09:32:30.722,34.3000,100
34350723711349,09:32:30.723,34.2900,1
34354674155656,09:32:34.674,34.2900,99
34356996851471,09:32:36.996,34.2100,100
34358640933061,09:32:38.640,34.2900,100
34358641030179,09:32:38.641,34.2900,100
34366017486093,09:32:46.017,34.2000,200
34366017512133,09:32:46.017,34.2000,81
34366018747183,09:32:46.018,34.2000,100
34366018771538,09:32:46.018,34.2000,100
34366019510817,09:32:46.019,34.2200,100
34366020256952,09:32:46.020,34.2000,100
34370823774016,09:32:50.823,34.3800,100
34370824532045,09:32:50.824,34.4200,100
34370824532045,09:32:50.824,34.4200,100
34370824532045,09:32:50.824,34.4200,100
34370824532045,09:32:50.824,34.4200,100
34370824532045,09:32:50.824,34.4200,100
34370824532045,09:32:50.824,34.4200,100
34370825711421,09:32:50.825,34.4600,100
34370833494700,09:32:50.833,34.4100,1
34370833519913,09:32:50.833,34.4100,114
34388581760961,09:33:08.581,34.3000,79
34389212551510,09:33:09.212,34.2600,79
34415011086047,09:33:35.011,34.2100,200
34415011732513,09:33:35.011,34.1900,100
34415013998839,09:33:35.013,34.2100,100
34430652746295,09:33:50.652,34.1700,100
34430653187328,09:33:50.653,34.1500,100
34430653523244,09:33:50.653,34.1500,30
34437510455807,09:33:57.510,34.1400,30
34437536152884,09:33:57.536,34.1200,100
34437536152884,09:33:57.536,34.1200,100
34437539900231,09:33:57.539,34.1100,50
34437539900231,09:33:57.539,34.1000,50
34437539973500,09:33:57.539,34.1000,50
34483558663931,09:34:43.558,34.2700,53
34483558729449,09:34:43.558,34.2700,47
34483559296363,09:34:43.559,34.2700,73
34483559309514,09:34:43.559,34.2700,5
34483559406741,09:34:43.559,34.2700,22
34483559486331,09:34:43.559,34.3200,100
34483559486331,09:34:43.559,34.3200,100
34483559486331,09:34:43.559,34.3200,100
34483559486331,09:34:43.559,34.3200,100
34483559486331,09:34:43.559,34.3200,100
34483559486331,09:34:43.559,34.3200,100
34483665571266,09:34:43.665,34.4500,38
34493400578115,09:34:53.400,34.3400,100
34493400940032,09:34:53.400,34.3300,200
34493403133820,09:34:53.403,34.3200,100
34495337007790,09:34:55.337,34.3700,100
34496035536091,09:34:56.035,34.3700,100
34496966626980,09:34:56.966,34.3400,100
34496976320842,09:34:56.976,34.3200,100
34497206646310,09:34:57.206,34.3200,100
34497365878786,09:34:57.365,34.3300,100
34498415657212,09:34:58.415,34.2900,100
34510140826316,09:35:10.140,34.3500,100
34519118710756,09:35:19.118,34.3600,100
34535451729703,09:35:35.451,34.3800,11
34539122884903,09:35:39.122,34.3300,100
34539127490267,09:35:39.127,34.3300,100
34539311028033,09:35:39.311,34.3400,100
34539311679395,09:35:39.311,34.3500,89
34539312891533,09:35:39.312,34.3300,1
34539312916293,09:35:39.312,34.3300,99
34540032451049,09:35:40.032,34.3300,100
34540032451049,09:35:40.032,34.3300,100
34546436564152,09:35:46.436,34.2900,4
34546436564152,09:35:46.436,34.2900,100
34546436667184,09:35:46.436,34.2900,38
34546436692220,09:35:46.436,34.2900,362
34546440123695,09:35:46.440,34.2900,100
34546446189482,09:35:46.446,34.2900,6
34546834821658,09:35:46.834,34.3200,100
34550536116401,09:35:50.536,34.2800,100
34596130874843,09:36:36.130,34.3100,94
34596130946439,09:36:36.130,34.3100,6
34596130946439,09:36:36.130,34.3100,100
34596131309529,09:36:36.131,34.3200,5
34613863284188,09:36:53.863,34.3000,100
34613863284188,09:36:53.863,34.3000,200
34613863284188,09:36:53.863,34.3000,100
34613868272123,09:36:53.868,34.3000,100
34613868360434,09:36:53.868,34.3100,100
34616395456074,09:36:56.395,34.2900,100
34616395666039,09:36:56.395,34.2900,14
34619305583843,09:36:59.305,34.3100,100
34619357086175,09:36:59.357,34.3100,100
34620029141630,09:37:00.029,34.3200,100
34620031573236,09:37:00.031,34.3300,100
34624995420692,09:37:04.995,34.3400,59
34624995423893,09:37:04.995,34.3400,41
34624995444817,09:37:04.995,34.3400,41
34624995526546,09:37:04.995,34.3400,41
34624998000815,09:37:04.998,34.3600,100
34624998000815,09:37:04.998,34.3600,100
34624998000815,09:37:04.998,34.3600,100
34624998288699,09:37:04.998,34.3700,100
34624998288699,09:37:04.998,34.3700,100
34632896804427,09:37:12.896,34.3600,27
34632896858015,09:37:12.896,34.3600,145
34632925707744,09:37:12.925,34.3600,100
34632925707744,09:37:12.925,34.3600,9
34632960293185,09:37:12.960,34.3700,100
34633424038467,09:37:13.424,34.3900,100
34633950181254,09:37:13.950,34.4200,100
34635705464492,09:37:15.705,34.4300,100
34643699714979,09:37:23.699,34.4800,1
34643699714979,09:37:23.699,34.4800,100
34643699714979,09:37:23.699,34.4800,100
34643699714979,09:37:23.699,34.4800,99
34643699742179,09:37:23.699,34.4800,1
34643699746267,09:37:23.699,34.4800,1
34643699821402,09:37:23.699,34.4700,100
34643699821402,09:37:23.699,34.4600,100
34643699849488,09:37:23.699,34.4800,1
34643700161522,09:37:23.700,34.4800,10
34643701118094,09:37:23.701,34.4800,2
34643844228531,09:37:23.844,34.4800,13
34643844228531,09:37:23.844,34.4800,15
34643844228531,09:37:23.844,34.4800,100
34643844228531,09:37:23.844,34.4800,72
34646236974404,09:37:26.236,34.4800,28
34653588383396,09:37:33.588,34.5400,100
34653588383396,09:37:33.588,34.5500,100
34654217202309,09:37:34.217,34.5800,100
34654647612949,09:37:34.647,34.5800,100
34654654945124,09:37:34.654,34.5500,337
34654654972744,09:37:34.654,34.5500,163
34654655003200,09:37:34.655,34.5500,163
34654655412989,09:37:34.655,34.5500,200
34654655446846,09:37:34.655,34.5500,37
34660903192184,09:37:40.903,34.5400,100
34660903192184,09:37:40.903,34.5500,100
34660903218230,09:37:40.903,34.5500,100
34676825399144,09:37:56.825,34.5900,100
34676825570232,09:37:56.825,34.6000,100
34676920844054,09:37:56.920,34.6500,100
34677110495010,09:37:57.110,34.6400,100
34683533427017,09:38:03.533,34.5900,102
34683533452399,09:38:03.533,34.5900,98
34683534104632,09:38:03.534,34.5900,30
34683562678076,09:38:03.562,34.5800,30
34683563465626,09:38:03.563,34.5900,100
34683563905069,09:38:03.563,34.5900,70
34684862844100,09:38:04.862,34.6100,100
34684862844100,09:38:04.862,34.6200,100
34684862844100,09:38:04.862,34.6300,100
34684862844100,09:38:04.862,34.6300,100
34684862844100,09:38:04.862,34.6300,600
34684862932744,09:38:04.862,34.6100,100
34684862988698,09:38:04.862,34.6100,100
34684863082376,09:38:04.863,34.6100,100
34684863474385,09:38:04.863,34.6000,100
34684863939399,09:38:04.863,34.6000,100
34684864034970,09:38:04.864,34.6000,100
34684864070037,09:38:04.864,34.6000,65
34684865025575,09:38:04.865,34.6300,100
34684865031805,09:38:04.865,34.6300,100
34684865050737,09:38:04.865,34.6300,100
34684865050737,09:38:04.865,34.6300,100
34684865077288,09:38:04.865,34.6300,100
34684865237514,09:38:04.865,34.6300,100
34684865528755,09:38:04.865,34.6300,100
34684865964542,09:38:04.865,34.6300,100
34684865964542,09:38:04.865,34.6300,300
34684865964542,09:38:04.865,34.6300,200
34684866142010,09:38:04.866,34.6300,100
34684866845148,09:38:04.866,34.6400,100
34684867254717,09:38:04.867,34.6300,100
34684867282200,09:38:04.867,34.6400,100
34684867444232,09:38:04.867,34.6300,98
34684867450884,09:38:04.867,34.6300,2
34684867450884,09:38:04.867,34.6300,3
34684867512478,09:38:04.867,34.6300,97
34684867679831,09:38:04.867,34.6400,10
34684867830461,09:38:04.867,34.6400,43
34684868220255,09:38:04.868,34.6400,100
34684868626151,09:38:04.868,34.6400,100
34684868649682,09:38:04.868,34.6400,200
34684869080480,09:38:04.869,34.6300,2
34684869080480,09:38:04.869,34.6300,66
34684872442891,09:38:04.872,34.6300,34
34684875572826,09:38:04.875,34.6200,98
34684875572826,09:38:04.875,34.6200,83
34685018399466,09:38:05.018,34.6200,100
34685023700258,09:38:05.023,34.6300,100
34685023700258,09:38:05.023,34.6300,100
34685030544171,09:38:05.030,34.6800,57
34686727030681,09:38:06.727,34.6400,203
34686727054672,09:38:06.727,34.6400,197
34686733974759,09:38:06.733,34.6600,100
34686735036849,09:38:06.735,34.6600,100
34686735100741,09:38:06.735,34.6600,100
34686735100741,09:38:06.735,34.6600,100
34686735594697,09:38:06.735,34.6600,100
34686735594697,09:38:06.735,34.6600,100
34686746646217,09:38:06.746,34.6700,100
34686747248797,09:38:06.747,34.6800,43
34686747248797,09:38:06.747,34.6800,100
34686747248797,09:38:06.747,34.6800,15
34694723403426,09:38:14.723,34.7400,100
34694723403426,09:38:14.723,34.7500,100
34694723403426,09:38:14.723,34.7500,200
34694723504444,09:38:14.723,34.7300,100
34694723613847,09:38:14.723,34.7300,100
34694723613847,09:38:14.723,34.7300,100
34694723641482,09:38:14.723,34.7300,100
34694723972005,09:38:14.723,34.7300,42
34694855098065,09:38:14.855,34.7300,100
34697734558840,09:38:17.734,34.7000,100
34701761125246,09:38:21.761,34.7100,100
34701761125246,09:38:21.761,34.7100,42
34701761125246,09:38:21.761,34.7100,58
34702851747862,09:38:22.851,34.7200,100
34702871552877,09:38:22.871,34.7200,100
34702872509625,09:38:22.872,34.7100,100
34702872509625,09:38:22.872,34.7100,100
34702874193168,09:38:22.874,34.7200,100
34702960962297,09:38:22.960,34.7000,100
34702960962297,09:38:22.960,34.7000,200
34702962618694,09:38:22.962,34.6900,200
34702962644534,09:38:22.962,34.6900,100
34715400822117,09:38:35.400,34.7000,300
34715401003080,09:38:35.401,34.7000,100
34715401003080,09:38:35.401,34.7000,100
34715411102983,09:38:35.411,34.6800,100
34715412039912,09:38:35.412,34.6700,31
34715414710660,09:38:35.414,34.6800,100
34715425570760,09:38:35.425,34.6800,96
34715789497580,09:38:35.789,34.6900,100
34715916989793,09:38:35.916,34.7000,100
34715916989793,09:38:35.916,34.7000,31
34715916989793,09:38:35.916,34.7000,69
34715917020754,09:38:35.917,34.7000,31
34715969413974,09:38:35.969,34.7100,100
34718197618932,09:38:38.197,34.7100,100
34721254588167,09:38:41.254,34.6700,100
34721257092454,09:38:41.257,34.6800,100
34721334744525,09:38:41.334,34.6700,100
34722390533207,09:38:42.390,34.6800,100
34722392553378,09:38:42.392,34.6900,100
34722393208749,09:38:42.393,34.6900,100
34725277020688,09:38:45.277,34.6900,100
34727385918452,09:38:47.385,34.6900,100
34729828394492,09:38:49.828,34.6600,49
34736952412944,09:38:56.952,34.6500,100
34736955940870,09:38:56.955,34.6300,100
34737781422183,09:38:57.781,34.6400,100
34740390274129,09:39:00.390,34.6700,100
34743398124503,09:39:03.398,34.6300,100
34746442152759,09:39:06.442,34.6100,100
34746445378785,09:39:06.445,34.6000,100
34747555126446,09:39:07.555,34.5900,100
34747555126446,09:39:07.555,34.5900,100
34749976809131,09:39:09.976,34.5700,300
34750003640690,09:39:10.003,34.5600,100
34750006933224,09:39:10.006,34.5600,100
34750006933224,09:39:10.006,34.5600,100
34750007644213,09:39:10.007,34.5500,100
34751035780109,09:39:11.035,34.5700,100
34758487497601,09:39:18.487,34.5500,100
34759493459121,09:39:19.493,34.5800,100
34759493459121,09:39:19.493,34.5800,100
34759493459121,09:39:19.493,34.5800,100
34759496624645,09:39:19.496,34.5800,100
34759543689406,09:39:19.543,34.5800,100
34759543689406,09:39:19.543,34.5800,100
34759594066538,09:39:19.594,34.5900,100
34759594069083,09:39:19.594,34.5900,100
34759594335054,09:39:19.594,34.5900,96
34759594339994,09:39:19.594,34.5900,104
34759594445963,09:39:19.594,34.5900,200
34759594447492,09:39:19.594,34.5900,100
34759594572811,09:39:19.594,34.6000,100
34759594572811,09:39:19.594,34.6000,4
34759594575987,09:39:19.594,34.6000,96
34759594589276,09:39:19.594,34.6100,74
34759594593041,09:39:19.594,34.6100,26
34765260043153,09:39:25.260,34.6200,100
34775958830873,09:39:35.958,34.6000,96
34775958830873,09:39:35.958,34.6000,100
34775959291638,09:39:35.959,34.5900,100
34775959403117,09:39:35.959,34.5800,100
34775959403117,09:39:35.959,34.5800,100
34775961101624,09:39:35.961,34.5900,100
34775965632070,09:39:35.965,34.5900,100
34775965632070,09:39:35.965,34.5900,100
34775972026584,09:39:35.972,34.5900,100
34775972026584,09:39:35.972,34.5900,100
34781291664912,09:39:41.291,34.6200,100
34781291945585,09:39:41.291,34.6300,10
34781292030875,09:39:41.292,34.6300,90
34803296882936,09:40:03.296,34.6300,100
34803297256719,09:40:03.297,34.6500,100
34810522543183,09:40:10.522,34.6400,100
34810522845945,09:40:10.522,34.6100,43
34810524016614,09:40:10.524,34.6400,100
34810524929273,09:40:10.524,34.6400,100
34810557909210,09:40:10.557,34.6400,1
34810598375282,09:40:10.598,34.6100,57
34810598375282,09:40:10.598,34.6100,1
34810598375282,09:40:10.598,34.6100,42
34811008718647,09:40:11.008,34.6100,58
34814122856724,09:40:14.122,34.5900,1
34818023523697,09:40:18.023,34.5500,100
34818024037231,09:40:18.024,34.5500,100
34818027019633,09:40:18.027,34.5400,100
34827789584648,09:40:27.789,34.5500,100
34827789674013,09:40:27.789,34.5400,1
34827789674013,09:40:27.789,34.5400,99
34827789742613,09:40:27.789,34.5400,1
34844084464413,09:40:44.084,34.5000,1
34844084464413,09:40:44.084,34.4900,100
34844084464413,09:40:44.084,34.4900,14
34844084464413,09:40:44.084,34.4900,85
34844084759121,09:40:44.084,34.4900,15
34844084759121,09:40:44.084,34.4900,85
34844084890851,09:40:44.084,34.4900,15
34845088001916,09:40:45.088,34.4900,95
34845088038424,09:40:45.088,34.4900,5
34858415799831,09:40:58.415,34.4700,6
34858424454463,09:40:58.424,34.4600,100
34863280665376,09:41:03.280,34.4200,89
34863280880312,09:41:03.280,34.4500,10
34863288289678,09:41:03.288,34.4800,100
34863288638182,09:41:03.288,34.4800,21
34863289101247,09:41:03.289,34.5000,21
34863289128981,09:41:03.289,34.5000,79
34871036841084,09:41:11.036,34.5300,200
34871036841084,09:41:11.036,34.5300,100
34871036882265,09:41:11.036,34.5300,100
34871767081426,09:41:11.767,34.5500,100
34872454635918,09:41:12.454,34.6000,100
34872454635918,09:41:12.454,34.6000,25
34872454667778,09:41:12.454,34.6000,75
34883392860660,09:41:23.392,34.6100,100
34883392887414,09:41:23.392,34.6100,21
34883392904521,09:41:23.392,34.6100,200
34883393083951,09:41:23.393,34.5700,100
34883393083951,09:41:23.393,34.5700,45
34888502961294,09:41:28.502,34.5300,100
34888880037782,09:41:28.880,34.5600,100
34893970340185,09:41:33.970,34.5200,100
34900199566089,09:41:40.199,34.5000,100
34906528799628,09:41:46.528,34.4700,100
34906529031307,09:41:46.529,34.4700,100
34906530133662,09:41:46.530,34.4700,100
34909896101246,09:41:49.896,34.4500,1
34910114403920,09:41:50.114,34.4400,100
34910115224050,09:41:50.115,34.4600,100
34910301589859,09:41:50.301,34.4500,100
34910302711139,09:41:50.302,34.4400,100
34914023963649,09:41:54.023,34.4400,100
34914024068072,09:41:54.024,34.4400,200
34914024068072,09:41:54.024,34.4400,100
34914024407175,09:41:54.024,34.4500,44
34923175313569,09:42:03.175,34.4400,200
34923175313569,09:42:03.175,34.4400,100
34923175981500,09:42:03.175,34.4500,60
34923175987718,09:42:03.175,34.4500,135
34923175992692,09:42:03.175,34.4500,5
34923176017799,09:42:03.176,34.4500,5
34923176437514,09:42:03.176,34.4600,100
34923176854772,09:42:03.176,34.4600,100
34923177501518,09:42:03.177,34.4700,100
34923177501518,09:42:03.177,34.4700,100
34923177501518,09:42:03.177,34.4700,100
34923177501518,09:42:03.177,34.4700,100
34923177574071,09:42:03.177,34.4800,100
34923195870481,09:42:03.195,34.5000,100
34923910983425,09:42:03.910,34.5300,100
34923910983425,09:42:03.910,34.5300,33
34923911479328,09:42:03.911,34.5300,23
34923911501595,09:42:03.911,34.5300,7
34923933106499,09:42:03.933,34.5600,100
34936773393375,09:42:16.773,34.5800,100
34936773393375,09:42:16.773,34.5800,100
34936773393375,09:42:16.773,34.5900,100
34936773393375,09:42:16.773,34.5900,100
34936773696995,09:42:16.773,34.5900,100
34938320900007,09:42:18.320,34.6100,100
34938320926367,09:42:18.320,34.6100,30
34938322439416,09:42:18.322,34.6000,200
34938322468147,09:42:18.322,34.6000,100
34938322487824,09:42:18.322,34.5900,100
34938322487824,09:42:18.322,34.5900,100
34938322487824,09:42:18.322,34.5900,54
34938324053569,09:42:18.324,34.5900,100
34938324077436,09:42:18.324,34.5900,100
34938324141168,09:42:18.324,34.5900,100
34938324498449,09:42:18.324,34.5900,100
34938326034175,09:42:18.326,34.5900,100
34938326071785,09:42:18.326,34.5900,100
34938326335925,09:42:18.326,34.5900,100
34938326387411,09:42:18.326,34.6000,100
34938326964810,09:42:18.326,34.6000,100
34938327496159,09:42:18.327,34.6000,100
34944266827604,09:42:24.266,34.6300,100
34944266827604,09:42:24.266,34.6300,100
34944267620956,09:42:24.267,34.6400,100
34944267648837,09:42:24.267,34.6300,100
34947711220509,09:42:27.711,34.6600,100
34952761292830,09:42:32.761,34.7000,100
34954860588067,09:42:34.860,34.7000,100
34954861921477,09:42:34.861,34.6900,100
34956075321499,09:42:36.075,34.7000,100
34956084594198,09:42:36.084,34.7100,100
34959561278461,09:42:39.561,34.6900,100
34965508211299,09:42:45.508,34.7000,100
34965508540881,09:42:45.508,34.7100,100
34965509170568,09:42:45.509,34.7100,100
34965509296909,09:42:45.509,34.7000,100
34965511578078,09:42:45.511,34.7100,15
34970928434718,09:42:50.928,34.6900,100
34970931410749,09:42:50.931,34.7000,100
34971667303792,09:42:51.667,34.7200,100
34971667303792,09:42:51.667,34.7100,100
34971667330686,09:42:51.667,34.7100,100
34973683228863,09:42:53.683,34.7000,2
34973683228863,09:42:53.683,34.7000,100
34973683228863,09:42:53.683,34.7000,98
34973683256129,09:42:53.683,34.7000,2
34973685145255,09:42:53.685,34.6900,100
34973692457911,09:42:53.692,34.6900,2
34973692535626,09:42:53.692,34.6900,98
34974646698371,09:42:54.646,34.7200,100
34974646698371,09:42:54.646,34.7200,100
34974647368300,09:42:54.647,34.7300,39
34974647395061,09:42:54.647,34.7300,61
34974648760090,09:42:54.648,34.7200,100
34974650026409,09:42:54.650,34.7100,100
34974650026409,09:42:54.650,34.7100,100
34975105568056,09:42:55.105,34.7100,100
34975105796763,09:42:55.105,34.7100,100
34976075279129,09:42:56.075,34.7100,4
34977053554521,09:42:57.053,34.7000,100
34979516315902,09:42:59.516,34.7100,100
34985229973209,09:43:05.229,34.7000,100
34986951523575,09:43:06.951,34.7100,100
34986951523575,09:43:06.951,34.7200,100
34986951639706,09:43:06.951,34.7200,100
34986951955992,09:43:06.951,34.7200,100
34986952192152,09:43:06.952,34.7200,100
34986952402920,09:43:06.952,34.7300,100
34986952597820,09:43:06.952,34.7100,29
34986953059444,09:43:06.953,34.7200,100
35000727764606,09:43:20.727,34.7100,3
35003091727845,09:43:23.091,34.7100,100
35003091727845,09:43:23.091,34.7100,100
35003092181769,09:43:23.092,34.7100,29
35003143063507,09:43:23.143,34.7100,15
35003143063507,09:43:23.143,34.7100,100
35003460310243,09:43:23.460,34.7200,100
35003462795822,09:43:23.462,34.7200,100
35003462795822,09:43:23.462,34.7300,100
35003462876062,09:43:23.462,34.7200,100
35003462876062,09:43:23.462,34.7200,100
35003462879336,09:43:23.462,34.7200,100
35003463205938,09:43:23.463,34.7300,100
35003465208518,09:43:23.465,34.7300,100
35007022822475,09:43:27.022,34.7500,100
35007022822475,09:43:27.022,34.7600,50
35007022822475,09:43:27.022,34.7600,100
35007022822475,09:43:27.022,34.7600,100
35007022822475,09:43:27.022,34.7600,200
35007022822475,09:43:27.022,34.7700,100
35007022822475,09:43:27.022,34.7900,100
35007022938531,09:43:27.022,34.7500,100
35007022938531,09:43:27.022,34.7500,100
35007022938531,09:43:27.022,34.7400,100
35007022938531,09:43:27.022,34.7400,100
35007022938531,09:43:27.022,34.7400,100
35007023013363,09:43:27.023,34.7400,100
35007023013363,09:43:27.023,34.7400,100
35007023014206,09:43:27.023,34.7400,100
35007023147252,09:43:27.023,34.7400,71
35007023147252,09:43:27.023,34.7600,49
35007023210526,09:43:27.023,34.7500,100
35007023210526,09:43:27.023,34.7400,200
35007023218086,09:43:27.023,34.7600,51
35007027117686,09:43:27.027,34.7400,100
35007131470454,09:43:27.131,34.7600,500
35007131470454,09:43:27.131,34.7600,100
35007139847838,09:43:27.139,34.7700,100
35007435363032,09:43:27.435,34.7700,298
35007435411211,09:43:27.435,34.7700,402
35008098075893,09:43:28.098,34.8100,100
35008098100066,09:43:28.098,34.8100,100
35008098146892,09:43:28.098,34.7900,100
35008098146892,09:43:28.098,34.7900,100
35013820898876,09:43:33.820,34.7800,100
35013820898876,09:43:33.820,34.7900,100
35013820929475,09:43:33.820,34.7900,100
35021026091577,09:43:41.026,34.8300,100
35021026091577,09:43:41.026,34.8300,27
35021026356404,09:43:41.026,34.8000,100
35021026431575,09:43:41.026,34.8000,100
35021026432289,09:43:41.026,34.8000,100
35021026442277,09:43:41.026,34.8000,100
35021026469056,09:43:41.026,34.8000,100
35021026823751,09:43:41.026,34.8000,91
35021027190609,09:43:41.027,34.8000,100
35021027217258,09:43:41.027,34.8000,13
35021027224635,09:43:41.027,34.8000,87
35021027877585,09:43:41.027,34.8000,100
35021028396987,09:43:41.028,34.8000,32
35021028463576,09:43:41.028,34.8000,68
35021028463576,09:43:41.028,34.8000,100
35021028898980,09:43:41.028,34.8000,100
35021028898980,09:43:41.028,34.8000,100
35021037972189,09:43:41.037,34.7900,100
35021043400041,09:43:41.043,34.7900,100
35021043400041,09:43:41.043,34.8000,100
35021043400041,09:43:41.043,34.8000,100
35021119472491,09:43:41.119,34.8100,100
35021123313880,09:43:41.123,34.8100,100
35021123313880,09:43:41.123,34.8200,100
35023574891513,09:43:43.574,34.8100,100
35023575149686,09:43:43.575,34.8200,100
35025011232794,09:43:45.011,34.8600,40
35025047661376,09:43:45.047,34.8600,60
35025054271163,09:43:45.054,34.8700,100
35025054271163,09:43:45.054,34.8700,34
35025054328197,09:43:45.054,34.8700,66
35025054328197,09:43:45.054,34.8700,34
35025054353954,09:43:45.054,34.8700,49
35025056348899,09:43:45.056,34.8800,100
35026067916077,09:43:46.067,34.8600,100
35031025473813,09:43:51.025,34.8700,100
35031025473813,09:43:51.025,34.9000,100
35031025473813,09:43:51.025,34.9000,200
35031026275391,09:43:51.026,34.9100,100
35031026275391,09:43:51.026,34.9100,200
35031026275391,09:43:51.026,34.9100,116
35031026306656,09:43:51.026,34.8900,100
35031026406930,09:43:51.026,34.8900,10
35031026406930,09:43:51.026,34.8900,100
35031026611205,09:43:51.026,34.9100,100
35031027620300,09:43:51.027,34.9100,184
35031027620300,09:43:51.027,34.9200,100
35031027620300,09:43:51.027,34.9200,100
35031028209975,09:43:51.028,34.9300,100
35031028209975,09:43:51.028,34.9300,161
35031028287503,09:43:51.028,34.9100,100
35031028839553,09:43:51.028,34.9100,100
35031028853175,09:43:51.028,34.9100,130
35031028853175,09:43:51.028,34.9100,32
35031030222512,09:43:51.030,34.9000,100
35031089528523,09:43:51.089,34.9100,100
35031089528523,09:43:51.089,34.9100,100
35031089528523,09:43:51.089,34.9100,68
35031094550102,09:43:51.094,34.9200,100
35031094550102,09:43:51.094,34.9200,100
35031105261617,09:43:51.105,34.9200,100
35031135506389,09:43:51.135,34.9100,100
35033144477869,09:43:53.144,34.9300,100
35033144477869,09:43:53.144,34.9300,200
35033144552702,09:43:53.144,34.9100,100
35033144552702,09:43:53.144,34.9100,100
35033144552702,09:43:53.144,34.9100,100
35033155150618,09:43:53.155,34.9000,100
35035182690733,09:43:55.182,34.8900,100
35035183227096,09:43:55.183,34.8900,100
35035620115621,09:43:55.620,34.8900,100
35035620115621,09:43:55.620,34.9000,100
35035620115621,09:43:55.620,34.9000,100
35035620115621,09:43:55.620,34.9000,100
35035620115621,09:43:55.620,34.9000,75
35035646523834,09:43:55.646,34.9300,100
35037978174489,09:43:57.978,34.9400,98
35037978261583,09:43:57.978,34.9400,2
35037982670787,09:43:57.982,34.9400,100
35037986119935,09:43:57.986,34.9400,100
35037989681829,09:43:57.989,34.9400,100
35037992443189,09:43:57.992,34.9400,300
35038014584560,09:43:58.014,34.9500,100
35038016989821,09:43:58.016,34.9500,100
35038016989821,09:43:58.016,34.9500,100
35039336859714,09:43:59.336,34.9700,100
35039336859714,09:43:59.336,34.9800,41
35039369031170,09:43:59.369,34.9900,100
35039369031170,09:43:59.369,34.9900,100
35039467068872,09:43:59.467,35.0000,41
35040758641553,09:44:00.758,34.9600,100
35040758641553,09:44:00.758,34.9500,100
35040758653292,09:44:00.758,34.9600,100
35040758653292,09:44:00.758,34.9500,100
35040760174238,09:44:00.760,34.9500,200
35040762758138,09:44:00.762,34.9600,100
35040762758138,09:44:00.762,34.9600,100
35040762982733,09:44:00.762,34.9600,100
35040769890887,09:44:00.769,34.9500,100
35040772692929,09:44:00.772,34.9500,100
35040772738796,09:44:00.772,34.9500,30
35040786136219,09:44:00.786,34.9500,81
35040786161174,09:44:00.786,34.9500,19
35040862058450,09:44:00.862,34.9600,100
35040868607929,09:44:00.868,34.9900,100
35041430455578,09:44:01.430,34.9500,200
35043290882461,09:44:03.290,34.9300,100
35043290882461,09:44:03.290,34.9300,100
35043324927463,09:44:03.324,34.9400,100
35043333537196,09:44:03.333,34.9500,100
35043348038759,09:44:03.348,34.9800,100
35043348086591,09:44:03.348,34.9500,100
35043348344065,09:44:03.348,34.9500,100
35043365580953,09:44:03.365,34.9400,100
35043830020788,09:44:03.830,34.9000,200
35043830941021,09:44:03.830,34.8900,100
35044385653197,09:44:04.385,34.8700,100
35044385653197,09:44:04.385,34.8700,200
35044387350088,09:44:04.387,34.8700,200
35044389173503,09:44:04.389,34.8500,100
35044389526708,09:44:04.389,34.8600,100
35044389528032,09:44:04.389,34.8600,100
35044394082431,09:44:04.394,34.8600,100
35044698375184,09:44:04.698,34.8600,151
35044698375184,09:44:04.698,34.8600,300
35044699600187,09:44:04.699,34.8600,200
35049025384373,09:44:09.025,34.8700,100
35049025384373,09:44:09.025,34.8800,82
35049025384373,09:44:09.025,34.8800,100
35049025479484,09:44:09.025,34.8600,100
35049025879896,09:44:09.025,34.8500,100
35049025984105,09:44:09.025,34.8700,100
35049025984105,09:44:09.025,34.8700,100
35049025984105,09:44:09.025,34.8800,100
35049026247022,09:44:09.026,34.8600,100
35049026532439,09:44:09.026,34.8600,100
35049026602894,09:44:09.026,34.8700,100
35049026602894,09:44:09.026,34.8700,100
35049027256667,09:44:09.027,34.8700,100
35049027256667,09:44:09.027,34.8700,15
35049027256667,09:44:09.027,34.8700,85
35049027308406,09:44:09.027,34.8700,15
35049027485472,09:44:09.027,34.8700,100
35049028333968,09:44:09.028,34.8800,200
35049028333968,09:44:09.028,34.8900,100
35049028333968,09:44:09.028,34.8900,100
35049028898667,09:44:09.028,34.9100,100
35049028898667,09:44:09.028,34.9100,100
35049029544121,09:44:09.029,34.8900,100
35049031200226,09:44:09.031,34.8900,100
35049031807501,09:44:09.031,34.9000,100
35049031955912,09:44:09.031,34.8800,100
35049033011145,09:44:09.033,34.8900,100
35049033011145,09:44:09.033,34.8900,100
35049033011145,09:44:09.033,34.8900,15
35049034334988,09:44:09.034,34.9000,5
35049035031548,09:44:09.035,34.9000,100
35049035031548,09:44:09.035,34.9000,230
35049035031548,09:44:09.035,34.9000,100
35049035620137,09:44:09.035,34.8900,100
35066020295310,09:44:26.020,34.8500,300
35066021692903,09:44:26.021,34.8400,300
35066275273634,09:44:26.275,34.8100,200
35066276437877,09:44:26.276,34.8100,300
35066276437877,09:44:26.276,34.8100,100
35066276544269,09:44:26.276,34.8200,100
35066276544269,09:44:26.276,34.8200,100
35066276791575,09:44:26.276,34.8200,100
35066276791575,09:44:26.276,34.8200,100
35066278342944,09:44:26.278,34.8200,30
35066287203664,09:44:26.287,34.8000,100
35066287203664,09:44:26.287,34.8000,100
35066287203664,09:44:26.287,34.8000,30
35066296058182,09:44:26.296,34.7900,20
35066301032758,09:44:26.301,34.7800,43
35066459049390,09:44:26.459,34.7800,57
35067767188973,09:44:27.767,34.8000,100
35068064483635,09:44:28.064,34.8000,100
35068064483635,09:44:28.064,34.8000,200
35068064739887,09:44:28.064,34.8000,100
35068065151934,09:44:28.065,34.8000,100
35068065267020,09:44:28.065,34.8000,100
35068070917460,09:44:28.070,34.8000,100
35068070917460,09:44:28.070,34.8000,77
35068070996729,09:44:28.070,34.8000,23
35068071077151,09:44:28.071,34.8000,100
35068071161361,09:44:28.071,34.8000,23
35068071375826,09:44:28.071,34.8000,23
35068072321637,09:44:28.072,34.8100,100
35068133371461,09:44:28.133,34.8200,100
35068201010971,09:44:28.201,34.8300,100
35068201010971,09:44:28.201,34.8300,100
35068205325527,09:44:28.205,34.8500,100
35068215987419,09:44:28.215,34.8700,100
35070485734479,09:44:30.485,34.8900,100
35070485734479,09:44:30.485,34.9000,300
35070485855229,09:44:30.485,34.8900,100
35070485855229,09:44:30.485,34.8700,100
35070486367641,09:44:30.486,34.8800,100
35072281677279,09:44:32.281,34.8600,100
35072281677279,09:44:32.281,34.8600,200
35072283031460,09:44:32.283,34.8600,100
35079053573394,09:44:39.053,34.8000,100
35079053602044,09:44:39.053,34.8000,100
35079053682961,09:44:39.053,34.8000,100
35079053777873,09:44:39.053,34.8000,100
35079053779222,09:44:39.053,34.8000,100
35079053915383,09:44:39.053,34.8000,100
35079054705857,09:44:39.054,34.8000,1
35079055232962,09:44:39.055,34.8000,99
35079055232962,09:44:39.055,34.8000,1
35079055320518,09:44:39.055,34.8000,99
35079055320518,09:44:39.055,34.8000,100
35079055320518,09:44:39.055,34.8000,1
35079055352490,09:44:39.055,34.8000,100
35079055507807,09:44:39.055,34.8000,100
35079056700054,09:44:39.056,34.8100,100
35079087083882,09:44:39.087,34.8000,100
35079087083882,09:44:39.087,34.8000,99
35084233629172,09:44:44.233,34.7600,100
35086927503976,09:44:46.927,34.7600,100
35086927503976,09:44:46.927,34.7600,100
35087476489305,09:44:47.476,34.7500,100
35087476515458,09:44:47.476,34.7500,100
35087478478404,09:44:47.478,34.7200,100
35094308560062,09:44:54.308,34.7300,122
35094308599645,09:44:54.308,34.7300,100
35094308599645,09:44:54.308,34.7300,22
35094308608188,09:44:54.308,34.7300,12
35094308621481,09:44:54.308,34.7300,88
35094308707594,09:44:54.308,34.7300,88
35094437150655,09:44:54.437,34.7100,100
35094811139195,09:44:54.811,34.6900,100
35102935410312,09:45:02.935,34.6600,100
35102936640469,09:45:02.936,34.6600,100
35102936844116,09:45:02.936,34.6600,100
35102937544592,09:45:02.937,34.6600,100
35102937825778,09:45:02.937,34.6600,100
35102937825778,09:45:02.937,34.6600,100
35102947469115,09:45:02.947,34.6700,100
35102947560443,09:45:02.947,34.6800,100
35102947636911,09:45:02.947,34.6700,100
35104443748376,09:45:04.443,34.7000,200
35104443777172,09:45:04.443,34.7000,3
35105011411156,09:45:05.011,34.7100,200
35105011411156,09:45:05.011,34.7200,100
35105012079344,09:45:05.012,34.7200,60
35105069086027,09:45:05.069,34.7050,100
35105069086027,09:45:05.069,34.7200,40
35105069086027,09:45:05.069,34.7200,92
35105069137907,09:45:05.069,34.7200,8
35105072124910,09:45:05.072,34.7700,100
35113859307611,09:45:13.859,34.8300,20
35120025836288,09:45:20.025,34.8300,75
35120026510914,09:45:20.026,34.8300,5
35128979792020,09:45:28.979,34.8400,100
35133390806936,09:45:33.390,34.8700,100
35133392451182,09:45:33.392,34.8800,100
35134505888095,09:45:34.505,34.8800,300
35160996666266,09:46:00.996,34.8650,31
35161509705752,09:46:01.509,34.8700,100
35161512501202,09:46:01.512,34.8900,2
35161512997351,09:46:01.512,34.8900,5
35161513145155,09:46:01.513,34.8900,23
35161524049537,09:46:01.524,34.8900,100
35166830862238,09:46:06.830,34.8800,100
35182405976434,09:46:22.405,34.8800,100
35184405085915,09:46:24.405,34.9000,100
35192770935597,09:46:32.770,34.9000,100
35192770935597,09:46:32.770,34.9000,200
35192774502963,09:46:32.774,34.9100,13
35192774624453,09:46:32.774,34.9200,100
35194806533436,09:46:34.806,34.9400,200
35194806533436,09:46:34.806,34.9400,1
35199081803222,09:46:39.081,34.9700,2
35199102509268,09:46:39.102,34.9800,1
35201763106525,09:46:41.763,34.9800,1
35201763106525,09:46:41.763,34.9800,100
35201763106525,09:46:41.763,34.9800,200
35202135721298,09:46:42.135,34.9900,200
35203113129349,09:46:43.113,34.9700,100
35203113129349,09:46:43.113,34.9700,1
35203113758750,09:46:43.113,34.9700,100
35203113758750,09:46:43.113,34.9700,1
35203114562044,09:46:43.114,34.9700,1
35203538826511,09:46:43.538,34.9500,100
35203538826511,09:46:43.538,34.9400,40
35206134311202,09:46:46.134,34.9500,100
35206134311202,09:46:46.134,34.9500,65
35206134696825,09:46:46.134,34.9500,35
35209720463543,09:46:49.720,34.9700,2
35209720463543,09:46:49.720,34.9700,100
35209720463543,09:46:49.720,34.9800,1
35209720463543,09:46:49.720,34.9800,75
35209720937610,09:46:49.720,34.9800,25
35211482896346,09:46:51.482,34.9900,100
35211483438501,09:46:51.483,35.0000,1
35211483438501,09:46:51.483,35.0000,99
35211484426905,09:46:51.484,35.0000,100
35215255919184,09:46:55.255,35.0000,1
35215255919184,09:46:55.255,35.0000,9
35215255925767,09:46:55.255,35.0000,1
35215255928313,09:46:55.255,35.0000,5
35215255950490,09:46:55.255,35.0000,5
35215258389466,09:46:55.258,35.0000,71
35215729385248,09:46:55.729,34.9900,69
35215729473475,09:46:55.729,34.9900,44
35215729473475,09:46:55.729,34.9900,100
35215743157482,09:46:55.743,34.9800,100
35215867343208,09:46:55.867,35.0000,29
35217593670216,09:46:57.593,35.0000,29
35219047396670,09:46:59.047,35.0000,42
35219047396670,09:46:59.047,35.0100,29
35219048002124,09:46:59.048,35.0200,5
35219049681991,09:46:59.049,35.0300,100
35219049789038,09:46:59.049,35.0400,1
35219049872996,09:46:59.049,35.0300,100
35219050327919,09:46:59.050,35.0300,1
35219050836491,09:46:59.050,35.0300,22
35219051241277,09:46:59.051,35.0200,78
35219051345435,09:46:59.051,35.0200,22
35219051345435,09:46:59.051,35.0300,78
35219053528615,09:46:59.053,35.0400,100
35219053573502,09:46:59.053,35.0400,1
35225569342094,09:47:05.569,35.0000,100
35225573893876,09:47:05.573,34.9900,100
35228036159573,09:47:08.036,34.9900,100
35232699162236,09:47:12.699,34.9700,100
35232700020269,09:47:12.700,34.9600,100
35232700521165,09:47:12.700,34.9500,100
35232700546207,09:47:12.700,34.9500,100
35232701541885,09:47:12.701,34.9400,200
35232702014885,09:47:12.702,34.9400,100
35232702968146,09:47:12.702,34.9500,100
35232704463739,09:47:12.704,34.9600,100
35232732584945,09:47:12.732,34.9700,100
35235342311965,09:47:15.342,34.9600,100
35235345359171,09:47:15.345,34.9500,100
35235460402999,09:47:15.460,34.9600,100
35239606443872,09:47:19.606,34.9700,100
35239606443872,09:47:19.606,34.9700,100
35239606443872,09:47:19.606,34.9700,100
35239607384042,09:47:19.607,34.9800,13
35239647837488,09:47:19.647,35.0000,3
35244937035237,09:47:24.937,35.0000,99
35244937681021,09:47:24.937,35.0000,1
35244938079445,09:47:24.938,35.0000,100
35244938104085,09:47:24.938,35.0000,1
35256559834419,09:47:36.559,34.9600,100
35256559834419,09:47:36.559,34.9600,100
35256561580505,09:47:36.561,34.9600,100
35263606119807,09:47:43.606,34.9600,100
35264128803521,09:47:44.128,34.9600,100
35264511548100,09:47:44.511,34.9500,100
35268769404692,09:47:48.769,34.9000,1
35274062443203,09:47:54.062,34.9200,100
35274062476612,09:47:54.062,34.9200,100
35283048580957,09:48:03.048,34.8700,100
35285394913264,09:48:05.394,34.8500,100
35285394937970,09:48:05.394,34.8500,100
35292606811928,09:48:12.606,34.8400,100
35292606882728,09:48:12.606,34.8300,100
35292758342096,09:48:12.758,34.8300,100
35294617708213,09:48:14.617,34.8000,11
35294617750683,09:48:14.617,34.8000,29
35298283943855,09:48:18.283,34.8100,100
35298283943855,09:48:18.283,34.8200,100
35298283943855,09:48:18.283,34.8200,106
35318366268071,09:48:38.366,34.8600,100
35335611175866,09:48:55.611,34.8600,100
35336330735409,09:48:56.330,34.8600,100
35338670579183,09:48:58.670,34.8400,100
35338670579183,09:48:58.670,34.8400,1
35338670579183,09:48:58.670,34.8400,200
35338670950787,09:48:58.670,34.8300,97
35338670962272,09:48:58.670,34.8300,3
35338671285077,09:48:58.671,34.8200,100
35338671363612,09:48:58.671,34.8100,100
35338672164409,09:48:58.672,34.8100,100
35338793783350,09:48:58.793,34.8300,200
35339730588170,09:48:59.730,34.8600,200
35341255580470,09:49:01.255,34.8600,100
35341255580470,09:49:01.255,34.8700,100
35341255608223,09:49:01.255,34.8700,100
35342213212978,09:49:02.213,34.8700,100
35346038365828,09:49:06.038,34.8700,100
35346038428498,09:49:06.038,34.8700,100
35346039442695,09:49:06.039,34.8700,100
35346039703211,09:49:06.039,34.8700,100
35346041068064,09:49:06.041,34.8700,100
35346175948172,09:49:06.175,34.8700,100
35346244609233,09:49:06.244,34.8700,100
35346249173990,09:49:06.249,34.8700,100
35346249173990,09:49:06.249,34.8700,100
35346249654664,09:49:06.249,34.8700,100
35347544422101,09:49:07.544,34.8700,100
35347544612550,09:49:07.544,34.8700,100
35347544612550,09:49:07.544,34.8700,100
35347621595443,09:49:07.621,34.8700,100
35347621595443,09:49:07.621,34.8700,100
35347621595443,09:49:07.621,34.8700,100
35347621595443,09:49:07.621,34.8700,300
35347621687511,09:49:07.621,34.8700,100
35347621687511,09:49:07.621,34.8700,100
35347628029661,09:49:07.628,34.8700,100
35347628029661,09:49:07.628,34.8700,200
35347715772054,09:49:07.715,34.8800,100
35347715772054,09:49:07.715,34.8800,100
35347715772054,09:49:07.715,34.8800,6
35347715772054,09:49:07.715,34.8800,94
35347715837928,09:49:07.715,34.8800,6
35347716111117,09:49:07.716,34.8900,45
35347716349693,09:49:07.716,34.8900,20
35347716412311,09:49:07.716,34.8900,35
35347726022575,09:49:07.726,34.8900,100
35347726022575,09:49:07.726,34.8900,100
35347726878031,09:49:07.726,34.8900,100
35347854098875,09:49:07.854,34.8900,100
35347854098875,09:49:07.854,34.8900,100
35347862810679,09:49:07.862,34.8900,100
35347862877797,09:49:07.862,34.8900,200
35347864407070,09:49:07.864,34.8900,100
35347865596919,09:49:07.865,34.8900,100
35352723709776,09:49:12.723,34.8900,100
35352723709776,09:49:12.723,34.8900,450
35352724292870,09:49:12.724,34.8900,274
35352724800896,09:49:12.724,34.8900,100
35352724800896,09:49:12.724,34.8950,976
35352724887832,09:49:12.724,34.8900,100
35352724887832,09:49:12.724,34.8900,100
35353490022823,09:49:13.490,34.8800,100
35355606752521,09:49:15.606,34.8800,100
35356025781322,09:49:16.025,34.8800,100
35357272997809,09:49:17.272,34.8800,100
35359684583555,09:49:19.684,34.8700,100
35359684583555,09:49:19.684,34.8700,200
35359685065790,09:49:19.685,34.8700,100
35359685475038,09:49:19.685,34.8700,100
35359685509563,09:49:19.685,34.8700,100
35359685652553,09:49:19.685,34.8700,200
35359685652553,09:49:19.685,34.8700,100
35360897369437,09:49:20.897,34.8700,100
35360897369437,09:49:20.897,34.8700,100
35364166063256,09:49:24.166,34.8700,100
35364166063256,09:49:24.166,34.8700,100
35364167303133,09:49:24.167,34.8700,100
35364169366777,09:49:24.169,34.8700,100
35364169394315,09:49:24.169,34.8700,100
35364189903390,09:49:24.189,34.8700,100
35365145599810,09:49:25.145,34.8700,100
35365145599810,09:49:25.145,34.8700,100
35365146212264,09:49:25.146,34.8700,100
35365146212264,09:49:25.146,34.8700,100
35365146285914,09:49:25.146,34.8700,100
35365160143932,09:49:25.160,34.8700,100
35365160786637,09:49:25.160,34.8700,100
35365160786637,09:49:25.160,34.8700,100
35365220844573,09:49:25.220,34.8600,100
35380610206921,09:49:40.610,34.8200,100
35387939489366,09:49:47.939,34.7800,4
35387939489366,09:49:47.939,34.7800,1
35387939489366,09:49:47.939,34.7800,95
35387939522115,09:49:47.939,34.7800,5
35388195125948,09:49:48.195,34.7700,127
35388195710348,09:49:48.195,34.7700,100
35400971681497,09:50:00.971,34.7600,100
35401608169438,09:50:01.608,34.7400,100
35401611743700,09:50:01.611,34.7500,100
35402612677605,09:50:02.612,34.7500,100
35402612909499,09:50:02.612,34.7500,100
35402614805812,09:50:02.614,34.7500,100
35424334780856,09:50:24.334,34.7500,100
35424334780856,09:50:24.334,34.7500,100
35424334780856,09:50:24.334,34.7500,100
35424335460351,09:50:24.335,34.7600,100
35424335460351,09:50:24.335,34.7600,100
35424357550552,09:50:24.357,34.7800,100
35430387493905,09:50:30.387,34.8000,59
35430387582565,09:50:30.387,34.8000,136
35452977004264,09:50:52.977,34.8200,100
35458438242287,09:50:58.438,34.8300,1
35480403975178,09:51:20.403,34.8400,100
35480406013247,09:51:20.406,34.8300,100
35480406039690,09:51:20.406,34.8300,100
35480406385728,09:51:20.406,34.8300,4
35481248211457,09:51:21.248,34.8100,200
35481248211457,09:51:21.248,34.8100,1
35481248211457,09:51:21.248,34.8100,199
35481248244112,09:51:21.248,34.8100,1
35481249858373,09:51:21.249,34.8000,100
35481249858373,09:51:21.249,34.8000,100
35481249858373,09:51:21.249,34.8000,100
35481249944646,09:51:21.249,34.8000,100
35481250015320,09:51:21.250,34.8000,100
35481250252917,09:51:21.250,34.8000,46
35481251055165,09:51:21.251,34.8000,54
35481252695265,09:51:21.252,34.8000,100
35481264297610,09:51:21.264,34.7900,200
35481264297610,09:51:21.264,34.7900,100
35481264297610,09:51:21.264,34.7900,100
35481264297610,09:51:21.264,34.7900,100
35481277439157,09:51:21.277,34.7900,46
35481280630168,09:51:21.280,34.7900,54
35481280630168,09:51:21.280,34.8000,46
35481481696750,09:51:21.481,34.8000,54
35481481696750,09:51:21.481,34.8000,46
35481481726120,09:51:21.481,34.8000,54
35481481726120,09:51:21.481,34.8000,1
35481481726120,09:51:21.481,34.8000,100
35498180704592,09:51:38.180,34.8100,100
35498180704592,09:51:38.180,34.8100,100
35498181078360,09:51:38.181,34.8200,100
35498181290759,09:51:38.181,34.8200,100
35500069212618,09:51:40.069,34.8100,100
35500069212618,09:51:40.069,34.8100,100
35504963742434,09:51:44.963,34.8100,100
35504966375589,09:51:44.966,34.8200,100
35516350176471,09:51:56.350,34.8100,100
35523509798243,09:52:03.509,34.8300,100
35523513898882,09:52:03.513,34.8400,1
35523513960939,09:52:03.513,34.8300,100
35525883589939,09:52:05.883,34.8300,100
35525883643949,09:52:05.883,34.8300,85
35525883927372,09:52:05.883,34.8300,15
35533738352180,09:52:13.738,34.8200,100
35533738352180,09:52:13.738,34.8200,100
35538746927841,09:52:18.746,34.8100,100
35538747360596,09:52:18.747,34.8100,15
35538747724084,09:52:18.747,34.8100,100
35538747724084,09:52:18.747,34.8100,100
35538748058950,09:52:18.748,34.8200,100
35538748058950,09:52:18.748,34.8200,58
35541114187041,09:52:21.114,34.8300,100
35541114189650,09:52:21.114,34.8300,100
35549971890152,09:52:29.971,34.8300,27
35549971890152,09:52:29.971,34.8300,100
35549971890152,09:52:29.971,34.8300,73
35549971938621,09:52:29.971,34.8300,27
35551494416618,09:52:31.494,34.8200,100
35551497129564,09:52:31.497,34.8200,100
35551497129564,09:52:31.497,34.8200,100
35551497129564,09:52:31.497,34.8200,100
35551497149537,09:52:31.497,34.8200,100
35551504195338,09:52:31.504,34.8300,100
35561345851677,09:52:41.345,34.8100,100
35561350547574,09:52:41.350,34.8000,100
35561381893641,09:52:41.381,34.8100,1
35566223530596,09:52:46.223,34.8100,100
35566223530596,09:52:46.223,34.8100,100
35567617160036,09:52:47.617,34.8200,3
35567617204217,09:52:47.617,34.8200,97
35569459225013,09:52:49.459,34.8200,100
35569459225013,09:52:49.459,34.8200,100
35572234672862,09:52:52.234,34.8200,100
35576262045322,09:52:56.262,34.8300,59
35576262045322,09:52:56.262,34.8300,100
35581170560706,09:53:01.170,34.8600,200
35581584326506,09:53:01.584,34.8700,100
35581584746388,09:53:01.584,34.8700,100
35582541418196,09:53:02.541,34.8800,100
35582541418196,09:53:02.541,34.8900,100
35582541447128,09:53:02.541,34.8900,100
35582541448558,09:53:02.541,34.8900,100
35584429303011,09:53:04.429,34.8900,100
35584429303011,09:53:04.429,34.8900,30
35584429303011,09:53:04.429,34.8900,500
35584432603575,09:53:04.432,34.9000,100
35592363184411,09:53:12.363,34.8950,100
35603615117405,09:53:23.615,34.8900,100
35603615613921,09:53:23.615,34.8900,100
35603616027460,09:53:23.616,34.8900,30
35613631860930,09:53:33.631,34.8950,70
35613632080583,09:53:33.632,34.8950,5
35624530679389,09:53:44.530,34.9000,102
35624533094806,09:53:44.533,34.9000,2
35624534125286,09:53:44.534,34.9000,100
35624534429059,09:53:44.534,34.9000,2
35624534434289,09:53:44.534,34.9000,70
35624534443973,09:53:44.534,34.9000,2
35624534452549,09:53:44.534,34.9000,5
35624534469694,09:53:44.534,34.9000,2
35624534473208,09:53:44.534,34.9000,5
35624534637622,09:53:44.534,34.9050,2
35624534671357,09:53:44.534,34.9050,2
35624534791608,09:53:44.534,34.9050,5
35624535099150,09:53:44.535,34.9100,2
35624535099150,09:53:44.535,34.9100,3
35624535104625,09:53:44.535,34.9100,2
35624535165670,09:53:44.535,34.9100,5
35624538589377,09:53:44.538,34.9200,100
35624542971718,09:53:44.542,34.9000,100
35624542971718,09:53:44.542,34.9000,100
35624542971718,09:53:44.542,34.9000,100
35624542971718,09:53:44.542,34.9000,200
35624542971718,09:53:44.542,34.8900,100
35624542971718,09:53:44.542,34.8900,100
35624542971718,09:53:44.542,34.8900,300
35624542971718,09:53:44.542,34.8900,100
35624542971718,09:53:44.542,34.8900,200
35624543590242,09:53:44.543,34.8800,100
35624543590242,09:53:44.543,34.8800,200
35624543590242,09:53:44.543,34.8800,200
35624543710540,09:53:44.543,34.8800,100
35624543919872,09:53:44.543,34.8800,100
35624543919872,09:53:44.543,34.8900,100
35624543919872,09:53:44.543,34.8900,100
35624543919872,09:53:44.543,34.8900,28
35624543919872,09:53:44.543,34.8900,100
35624544261009,09:53:44.544,34.8800,28
35624546311696,09:53:44.546,34.8900,200
35626675310413,09:53:46.675,34.8800,100
35626675310413,09:53:46.675,34.8900,100
35626675355018,09:53:46.675,34.8900,100
35626687629947,09:53:46.687,34.8900,100
35627012925497,09:53:47.012,34.8900,100
35627176086898,09:53:47.176,34.8900,100
35641317153390,09:54:01.317,34.8900,70
35650184040466,09:54:10.184,34.8700,92
35650184086434,09:54:10.184,34.8700,8
35650184086434,09:54:10.184,34.8700,100
35650184086434,09:54:10.184,34.8700,200
35650184291060,09:54:10.184,34.8700,2
35650184367315,09:54:10.184,34.8700,98
35650184367315,09:54:10.184,34.8800,100
35650184367315,09:54:10.184,34.8800,100
35650184367315,09:54:10.184,34.8800,400
35650184630187,09:54:10.184,34.8700,90
35650184742495,09:54:10.184,34.8700,10
35650185692826,09:54:10.185,34.8600,100
35650186656208,09:54:10.186,34.8600,100
35650454547299,09:54:10.454,34.8500,9
35650454551929,09:54:10.454,34.8500,91
35650454576212,09:54:10.454,34.8500,91
35664411227748,09:54:24.411,34.8200,80
35664586711276,09:54:24.586,34.8200,20
35664586711276,09:54:24.586,34.8200,100
35664587076112,09:54:24.587,34.8200,100
35685838405552,09:54:45.838,34.7900,100
35685838726265,09:54:45.838,34.7900,1
35685838726265,09:54:45.838,34.7900,100
35685845605574,09:54:45.845,34.8000,80
35685846677281,09:54:45.846,34.8100,27
35685846713903,09:54:45.846,34.8100,100
35685847074533,09:54:45.847,34.8100,20
35685847739127,09:54:45.847,34.8100,80
35685847739127,09:54:45.847,34.8100,100
35686455700501,09:54:46.455,34.8100,200
35686457756419,09:54:46.457,34.8200,100
35686457756419,09:54:46.457,34.8200,100
35686458260761,09:54:46.458,34.8200,100
35686760643089,09:54:46.760,34.8300,100
35688563687119,09:54:48.563,34.8400,100
35688563687119,09:54:48.563,34.8400,100
35688563790238,09:54:48.563,34.8400,100
35713622194311,09:55:13.622,34.8400,100
35713624499765,09:55:13.624,34.8500,100
35714568340288,09:55:14.568,34.8500,80
35726279117143,09:55:26.279,34.8700,1
35726552491930,09:55:26.552,34.8600,80
35726552602822,09:55:26.552,34.8700,80
35726552612301,09:55:26.552,34.8700,80
35730949386248,09:55:30.949,34.8800,31
35731978909194,09:55:31.978,34.8800,60
35733448218329,09:55:33.448,34.8700,200
35733448218329,09:55:33.448,34.8700,20
35733448218329,09:55:33.448,34.8700,80
35734450251880,09:55:34.450,34.8900,100
35734450324634,09:55:34.450,34.8800,100
35734450324634,09:55:34.450,34.8800,100
35734451565352,09:55:34.451,34.8900,100
35734459672935,09:55:34.459,34.8900,100
35734501576131,09:55:34.501,34.8900,100
35734501626643,09:55:34.501,34.8900,80
35735101296820,09:55:35.101,34.8900,99
35736450939778,09:55:36.450,34.8900,100
35736450970331,09:55:36.450,34.8900,100
35749620224829,09:55:49.620,34.8900,100
35749621006415,09:55:49.621,34.8900,18
35753377087732,09:55:53.377,34.8900,729
35753377087732,09:55:53.377,34.9000,100
35753377087732,09:55:53.377,34.9000,100
35753377946327,09:55:53.377,34.8900,100
35753378879138,09:55:53.378,34.9100,100
35753386328379,09:55:53.386,34.8900,100
35753386328379,09:55:53.386,34.8900,100
35753386328379,09:55:53.386,34.8900,1
35753397109917,09:55:53.397,34.8900,200
35753397109917,09:55:53.397,34.8900,100
35753398672148,09:55:53.398,34.8900,100
35753398672148,09:55:53.398,34.8900,100
35753399966136,09:55:53.399,34.8900,100
35753399966136,09:55:53.399,34.8900,100
35753399966136,09:55:53.399,34.8900,100
35753400297927,09:55:53.400,34.8900,100
35753400379532,09:55:53.400,34.8900,100
35753401415738,09:55:53.401,34.8900,100
35753401415738,09:55:53.401,34.8900,100
35753408549300,09:55:53.408,34.8900,100
35753408549300,09:55:53.408,34.8900,100
35753409383846,09:55:53.409,34.9100,100
35753410143998,09:55:53.410,34.9100,100
35753410143998,09:55:53.410,34.9000,100
35753410143998,09:55:53.410,34.9000,100
35753410143998,09:55:53.410,34.8900,100
35753410143998,09:55:53.410,34.8900,100
35753410143998,09:55:53.410,34.8900,10
35753417279685,09:55:53.417,34.8900,100
35753417279685,09:55:53.417,34.8900,200
35753438715672,09:55:53.438,34.9000,500
35753438812210,09:55:53.438,34.9000,100
35753438995607,09:55:53.438,34.9000,100
35753438995607,09:55:53.438,34.9050,74
35753439410647,09:55:53.439,34.9000,226
35753439410647,09:55:53.439,34.9000,74
35753439461334,09:55:53.439,34.9000,26
35753440243327,09:55:53.440,34.9100,100
35756288567977,09:55:56.288,34.9400,100
35756288570434,09:55:56.288,34.9400,100
35756288743988,09:55:56.288,34.9400,100
35756289997485,09:55:56.289,34.9500,100
35756290797324,09:55:56.290,34.9400,100
35756545934254,09:55:56.545,34.9400,15
35761757700386,09:56:01.757,34.9100,100
35761759844143,09:56:01.759,34.9100,1
35762496356708,09:56:02.496,34.9000,400
35762938697901,09:56:02.938,34.9000,99
35764890386392,09:56:04.890,34.9100,100
35764890904130,09:56:04.890,34.9000,100
35764890957151,09:56:04.890,34.9000,100
35765157504898,09:56:05.157,34.9200,100
35765157504898,09:56:05.157,34.9200,100
35765157882413,09:56:05.157,34.9200,100
35765200206256,09:56:05.200,34.9200,100
35766641248501,09:56:06.641,34.9200,200
35766642363665,09:56:06.642,34.9300,100
35767098489503,09:56:07.098,34.9200,100
35768023181847,09:56:08.023,34.9100,100
35770512925085,09:56:10.512,34.9000,100
35771700030352,09:56:11.700,34.9000,100
35771700112912,09:56:11.700,34.9000,100
35780685781823,09:56:20.685,34.9200,100
35780686506432,09:56:20.686,34.9400,100
35780687035599,09:56:20.687,34.9400,200
35780687483933,09:56:20.687,34.9400,100
35780687483933,09:56:20.687,34.9400,100
35789238173086,09:56:29.238,34.9500,100
35789238173086,09:56:29.238,34.9500,100
35789289639184,09:56:29.289,34.9600,300
35793676857453,09:56:33.676,34.9700,100
35804417969449,09:56:44.417,34.9800,1
35814827603482,09:56:54.827,34.9800,300
35814827603482,09:56:54.827,34.9800,100
35814827674514,09:56:54.827,34.9800,100
35815828499617,09:56:55.828,34.9800,99
35815828499617,09:56:55.828,34.9800,1
35836476358509,09:57:16.476,35.0000,200
35836476358509,09:57:16.476,35.0000,99
35836476359552,09:57:16.476,35.0000,100
35836477597946,09:57:16.477,35.0200,70
35836477633601,09:57:16.477,35.0200,30
35836477944831,09:57:16.477,35.0200,100
35847424316325,09:57:27.424,35.0200,100
35863259820057,09:57:43.259,34.9900,200
35863259820057,09:57:43.259,34.9900,200
35863259820057,09:57:43.259,34.9900,100
35863259820057,09:57:43.259,34.9900,100
35863259820057,09:57:43.259,34.9900,1
35863260875478,09:57:43.260,34.9900,10
35863262473153,09:57:43.262,34.9900,100
35863262473153,09:57:43.262,34.9900,100
35863279192332,09:57:43.279,34.9800,100
35863531247296,09:57:43.531,34.9800,100
35863531247296,09:57:43.531,34.9800,100
35868455275417,09:57:48.455,34.9800,58
35883330291597,09:58:03.330,34.9700,100
35883330291597,09:58:03.330,34.9700,100
35883330327344,09:58:03.330,34.9700,49
35883330359276,09:58:03.330,34.9700,51
35883331519838,09:58:03.331,34.9700,100
35883332682925,09:58:03.332,34.9600,100
35892237108383,09:58:12.237,34.9100,100
35892237757847,09:58:12.237,34.9200,100
35892248241262,09:58:12.248,34.8900,30
35894304672798,09:58:14.304,34.9100,62
35894304956907,09:58:14.304,34.9100,100
35895288164385,09:58:15.288,34.9200,100
35895588314808,09:58:15.588,34.9300,100
35905890834872,09:58:25.890,34.9600,87
35905890897391,09:58:25.890,34.9600,13
35905890897391,09:58:25.890,34.9600,108
35905890897391,09:58:25.890,34.9600,100
35905891014637,09:58:25.891,34.9600,100
35905891101710,09:58:25.891,34.9600,100
35905891517934,09:58:25.891,34.9600,100
35905892972822,09:58:25.892,34.9600,100
35907018364765,09:58:27.018,34.9400,100
35924453959671,09:58:44.453,34.9700,100
35924453959671,09:58:44.453,34.9700,6
35938674960714,09:58:58.674,34.9400,100
35940611846358,09:59:00.611,34.9400,200
35940611846358,09:59:00.611,34.9400,100
35940611968905,09:59:00.611,34.9400,100
35940614803576,09:59:00.614,34.9400,100
35940615209567,09:59:00.615,34.9300,100
35958196141790,09:59:18.196,34.9100,1
35964836431428,09:59:24.836,34.8900,100
35964836431428,09:59:24.836,34.8800,36
35965302595415,09:59:25.302,34.8900,100
35966714943483,09:59:26.714,34.8700,100
35966716947481,09:59:26.716,34.8600,20
35967240118305,09:59:27.240,34.8700,100
35968455678464,09:59:28.455,34.8900,100
35968455678464,09:59:28.455,34.8900,100
35970944827068,09:59:30.944,34.8700,100
35978897705342,09:59:38.897,34.8600,100
35992075928615,09:59:52.075,34.8600,100
35992619147044,09:59:52.619,34.8700,100
35992619147044,09:59:52.619,34.8700,100
35992619617803,09:59:52.619,34.8700,100
35992898888107,09:59:52.898,34.8800,100
36000055404394,10:00:00.055,34.8900,7
36000055430178,10:00:00.055,34.8900,93
36000137433010,10:00:00.137,34.8900,10
36010786842570,10:00:10.786,34.8700,100
36010786842570,10:00:10.786,34.8700,100
36010786842570,10:00:10.786,34.8700,100
36011126843715,10:00:11.126,34.8700,100
36011126896955,10:00:11.126,34.8700,100
36013310264037,10:00:13.310,34.8600,100
36015228244151,10:00:15.228,34.8500,100
36015228244151,10:00:15.228,34.8500,200
36019194117320,10:00:19.194,34.8700,25
36019194139853,10:00:19.194,34.8700,25
36019194155272,10:00:19.194,34.8700,25
36021303509492,10:00:21.303,34.8800,100
36021303509492,10:00:21.303,34.8800,70
36021303536018,10:00:21.303,34.8800,30
36021335415573,10:00:21.335,34.8900,100
36021335415573,10:00:21.335,34.8900,100
36044091362141,10:00:44.091,34.9200,100
36044091409827,10:00:44.091,34.9200,100
36058212614751,10:00:58.212,34.9400,14
36060723333868,10:01:00.723,34.9500,70
36070729908225,10:01:10.729,34.9300,100
36070729908225,10:01:10.729,34.9300,100
36070948626551,10:01:10.948,34.9300,100
36070948626551,10:01:10.948,34.9300,100
36071123012218,10:01:11.123,34.9200,100
36071124364383,10:01:11.124,34.9200,100
36071951656571,10:01:11.951,34.9200,200
36097012997920,10:01:37.012,34.9500,100
36097014968712,10:01:37.014,34.9600,100
36097014968712,10:01:37.014,34.9600,100
36097015036233,10:01:37.015,34.9600,100
36097015036233,10:01:37.015,34.9600,100
36097015036233,10:01:37.015,34.9500,200
36097295723680,10:01:37.295,34.9500,100
36101381382040,10:01:41.381,34.9700,100
36111458193564,10:01:51.458,34.9500,100
36111801854305,10:01:51.801,34.9500,100
36137167147131,10:02:17.167,34.9900,200
36137167581396,10:02:17.167,34.9900,100
36137169147495,10:02:17.169,35.0000,100
36137169223505,10:02:17.169,35.0000,100
36137297743237,10:02:17.297,35.0100,100
36138534058234,10:02:18.534,35.0000,100
36138535332879,10:02:18.535,35.0000,100
36141637410787,10:02:21.637,35.0200,2
36149722089814,10:02:29.722,35.0500,100
36149722156228,10:02:29.722,35.0500,100
36152121529944,10:02:32.121,35.0600,100
36156350803697,10:02:36.350,35.0700,100
36156350973702,10:02:36.350,35.0600,100
36156350998530,10:02:36.350,35.0700,100
36156351068305,10:02:36.351,35.0600,100
36156351451951,10:02:36.351,35.0600,100
36166232614732,10:02:46.232,35.1000,100
36166232614732,10:02:46.232,35.1000,6
36166232630166,10:02:46.232,35.1000,100
36166238312590,10:02:46.238,35.1100,100
36166242937562,10:02:46.242,35.1200,100
36166243952947,10:02:46.243,35.1100,100
36166245898936,10:02:46.245,35.1200,100
36166299678433,10:02:46.299,35.1200,100
36166548495007,10:02:46.548,35.1200,100
36166690814873,10:02:46.690,35.0900,200
36166727424215,10:02:46.727,35.0900,100
36166728917016,10:02:46.728,35.0800,100
36166738387293,10:02:46.738,35.0800,2
36166738414152,10:02:46.738,35.0800,98
36166738414152,10:02:46.738,35.0800,100
36166744737785,10:02:46.744,35.0800,100
36166841425211,10:02:46.841,35.0700,100
36166841425211,10:02:46.841,35.0700,100
36166845004155,10:02:46.845,35.0700,100
36166881614127,10:02:46.881,35.0800,100
36168123407269,10:02:48.123,35.0600,100
36169248221853,10:02:49.248,35.0600,100
36174459267203,10:02:54.459,35.0800,100
36176611161056,10:02:56.611,35.1000,100
36176611161056,10:02:56.611,35.1000,100
36176611161056,10:02:56.611,35.1100,100
36176611161056,10:02:56.611,35.1100,100
36176611161056,10:02:56.611,35.1100,160
36176611189776,10:02:56.611,35.1100,40
36189652851738,10:03:09.652,35.0700,100
36189652851738,10:03:09.652,35.0700,100
36189659853816,10:03:09.659,35.0700,200
36189659853816,10:03:09.659,35.0700,100
36189696976413,10:03:09.696,35.0800,100
36192756360010,10:03:12.756,35.0700,100
36192758649031,10:03:12.758,35.0700,100
36192758716962,10:03:12.758,35.0700,100
36192759082790,10:03:12.759,35.0600,100
36192759108287,10:03:12.759,35.0600,100
36192759108287,10:03:12.759,35.0600,100
36192759108287,10:03:12.759,35.0600,100
36192759260617,10:03:12.759,35.0600,100
36192759260617,10:03:12.759,35.0600,100
36192759260617,10:03:12.759,35.0600,100
36192789651300,10:03:12.789,35.0500,100
36192789651300,10:03:12.789,35.0500,300
36192874171148,10:03:12.874,35.0500,100
36193013165740,10:03:13.013,35.0500,100
36194198607058,10:03:14.198,35.0400,100
36194198607058,10:03:14.198,35.0400,100
36194202327498,10:03:14.202,35.0400,100
36203507546104,10:03:23.507,35.0200,100
36203507585074,10:03:23.507,35.0200,100
36203507585074,10:03:23.507,35.0200,100
36206934504213,10:03:26.934,35.0100,100
36206934504213,10:03:26.934,35.0100,100
36207580004595,10:03:27.580,35.0000,100
36207580004595,10:03:27.580,35.0000,100
36207580004595,10:03:27.580,35.0000,2
36207580820992,10:03:27.580,35.0000,100
36207582793915,10:03:27.582,35.0000,100
36207583078660,10:03:27.583,35.0000,100
36209334349876,10:03:29.334,35.0200,100
36209334369047,10:03:29.334,35.0200,100
36209334663440,10:03:29.334,35.0200,100
36209337891438,10:03:29.337,35.0200,100
36213243202562,10:03:33.243,35.0300,100
36213243202562,10:03:33.243,35.0300,100
36213243204098,10:03:33.243,35.0300,100
36221071759863,10:03:41.071,35.0200,100
36221071759863,10:03:41.071,35.0200,100
36221073423327,10:03:41.073,35.0200,100
36221076015863,10:03:41.076,35.0200,100
36221076039875,10:03:41.076,35.0200,100
36221076077223,10:03:41.076,35.0200,100
36221076138272,10:03:41.076,35.0200,100
36221076425157,10:03:41.076,35.0200,100
36221706882588,10:03:41.706,35.0200,100
36229032628956,10:03:49.032,35.0100,100
36233638816560,10:03:53.638,35.0100,100
36246827178035,10:04:06.827,35.0200,91
36246827178035,10:04:06.827,35.0200,100
36246827178035,10:04:06.827,35.0200,100
36246877953718,10:04:06.877,35.0500,100
36246877953718,10:04:06.877,35.0500,100
36259609943378,10:04:19.609,35.0700,200
36271138315786,10:04:31.138,35.0900,100
36271138315786,10:04:31.138,35.1000,100
36271138341844,10:04:31.138,35.1000,100
36276070095970,10:04:36.070,35.1000,100
36284384488844,10:04:44.384,35.1000,100
36287019972712,10:04:47.019,35.1200,100
36287021942672,10:04:47.021,35.1200,100
36287021971396,10:04:47.021,35.1200,100
36287022317407,10:04:47.022,35.1100,100
36287022341727,10:04:47.022,35.1100,100
36287071840433,10:04:47.071,35.1200,100
36297152542378,10:04:57.152,35.1100,100
36297214996230,10:04:57.214,35.1000,100
36297214996230,10:04:57.214,35.1000,100
36297215042976,10:04:57.215,35.1000,100
36297215432701,10:04:57.215,35.1000,5
36297422328877,10:04:57.422,35.1000,95
36297615832407,10:04:57.615,35.0800,100
36297615832407,10:04:57.615,35.0800,100
36297620503949,10:04:57.620,35.0700,100
36297620503949,10:04:57.620,35.0700,100
36311426103540,10:05:11.426,35.0900,100
36311426103540,10:05:11.426,35.1000,100
36311426103540,10:05:11.426,35.1000,2
36311426103540,10:05:11.426,35.1000,100
36333318990966,10:05:33.318,35.1100,1
36337622561096,10:05:37.622,35.1100,99
36337622561096,10:05:37.622,35.1200,100
36337622561096,10:05:37.622,35.1200,100
36337622561096,10:05:37.622,35.1200,1
36337622598335,10:05:37.622,35.1200,99
36341459074807,10:05:41.459,35.1300,100
36341459074807,10:05:41.459,35.1300,100
36346351878480,10:05:46.351,35.1500,100
36346366195199,10:05:46.366,35.1500,100
36346367731426,10:05:46.367,35.1600,100
36354896223980,10:05:54.896,35.1700,100
36354896223980,10:05:54.896,35.1700,100
36359925276786,10:05:59.925,35.1800,100
36359925276786,10:05:59.925,35.1800,57
36359926569631,10:05:59.926,35.2000,100
36359926569631,10:05:59.926,35.2000,10
36362455684755,10:06:02.455,35.2000,10
36362456178807,10:06:02.456,35.2100,100
36362456208441,10:06:02.456,35.2100,100
36362858527303,10:06:02.858,35.2100,100
36362858554023,10:06:02.858,35.2100,100
36362858554023,10:06:02.858,35.2100,100
36362858554023,10:06:02.858,35.2100,100
36369724010266,10:06:09.724,35.1900,2
36369724169888,10:06:09.724,35.1800,80
36369724194909,10:06:09.724,35.1800,20
36369724194909,10:06:09.724,35.1800,100
36369724376773,10:06:09.724,35.1900,100
36369724754184,10:06:09.724,35.1800,100
36376193611337,10:06:16.193,35.1600,98
36376193673573,10:06:16.193,35.1600,2
36376194858952,10:06:16.194,35.1500,2
36378711199997,10:06:18.711,35.1600,196
36378711199997,10:06:18.711,35.1600,100
36399860500313,10:06:39.860,35.1900,100
36399860500313,10:06:39.860,35.1900,200
36399860500313,10:06:39.860,35.1900,100
36399860689018,10:06:39.860,35.1900,100
36413876634167,10:06:53.876,35.1800,100
36428905515540,10:07:08.905,35.1700,100
36428906111318,10:07:08.906,35.1600,100
36460716044685,10:07:40.716,35.1400,100
36460716044685,10:07:40.716,35.1400,100
36460716044685,10:07:40.716,35.1400,100
36460716132112,10:07:40.716,35.1400,100
36460716564021,10:07:40.716,35.1400,100
36460716830912,10:07:40.716,35.1500,4
36460716830912,10:07:40.716,35.1500,200
36460716830912,10:07:40.716,35.1500,100
36465135285188,10:07:45.135,35.1600,70
36465135395923,10:07:45.135,35.1600,1
36465135447061,10:07:45.135,35.1600,1
36465135468603,10:07:45.135,35.1600,1
36465135635158,10:07:45.135,35.1600,1
36465620049820,10:07:45.620,35.1700,1
36486238141597,10:08:06.238,35.2100,6
36486238141597,10:08:06.238,35.2100,200
36486238141597,10:08:06.238,35.2100,100
36490252772249,10:08:10.252,35.2300,200
36490252772249,10:08:10.252,35.2300,86
36505298752540,10:08:25.298,35.2400,20
36505298752540,10:08:25.298,35.2400,100
36505298752540,10:08:25.298,35.2400,200
36508328208076,10:08:28.328,35.2400,2
36508328208076,10:08:28.328,35.2400,98
36508328237741,10:08:28.328,35.2400,2
36508801499391,10:08:28.801,35.2300,59
36508801518675,10:08:28.801,35.2400,87
36508802710872,10:08:28.802,35.2400,13
36508804712001,10:08:28.804,35.2500,100
36508804712001,10:08:28.804,35.2500,100
36508804712001,10:08:28.804,35.2500,100
36508807936412,10:08:28.807,35.2600,100
36508808043187,10:08:28.808,35.2600,100
36508858857937,10:08:28.858,35.2500,100
36510647471764,10:08:30.647,35.2600,1
36521118214611,10:08:41.118,35.2700,83
36521118447273,10:08:41.118,35.2700,17
36522071988070,10:08:42.071,35.2700,100
36522072177080,10:08:42.072,35.2800,100
36523063154140,10:08:43.063,35.3100,100
36523063154140,10:08:43.063,35.3200,100
36523063154140,10:08:43.063,35.3200,6
36523063190432,10:08:43.063,35.3200,6
36523063641200,10:08:43.063,35.3300,6
36523064478486,10:08:43.064,35.3100,100
36523065414531,10:08:43.065,35.3100,100
36523066113876,10:08:43.066,35.3100,100
36523066970683,10:08:43.066,35.3100,100
36523066970683,10:08:43.066,35.3100,100
36523082471139,10:08:43.082,35.3100,100
36523082471139,10:08:43.082,35.3100,100
36523082893144,10:08:43.082,35.3100,100
36523083085812,10:08:43.083,35.3300,100
36523083085812,10:08:43.083,35.3300,100
36523083085812,10:08:43.083,35.3300,200
36523083666635,10:08:43.083,35.3300,100
36523083666635,10:08:43.083,35.3400,100
36523938402143,10:08:43.938,35.3400,100
36526120051179,10:08:46.120,35.3400,100
36526120189648,10:08:46.120,35.3600,100
36526120189648,10:08:46.120,35.3600,100
36526120217781,10:08:46.120,35.3600,100
36526213573941,10:08:46.213,35.3500,100
36526213573941,10:08:46.213,35.3500,100
36526213573941,10:08:46.213,35.3500,100
36526213573941,10:08:46.213,35.3500,300
36526489558560,10:08:46.489,35.3700,87
36526491992365,10:08:46.491,35.3800,39
36527352727037,10:08:47.352,35.3500,100
36527403219998,10:08:47.403,35.3500,100
36527433307895,10:08:47.433,35.3500,100
36529154518552,10:08:49.154,35.3700,100
36529207470542,10:08:49.207,35.3800,100
36529215176243,10:08:49.215,35.3800,61
36529215860515,10:08:49.215,35.3800,100
36529245152105,10:08:49.245,35.3700,100
36529245152105,10:08:49.245,35.3700,100
36529247462602,10:08:49.247,35.3800,100
36529249942840,10:08:49.249,35.3900,100
36529249942840,10:08:49.249,35.3900,100
36530051471486,10:08:50.051,35.4000,100
36530182008610,10:08:50.182,35.4000,100
36530190903390,10:08:50.190,35.3900,100
36530190903390,10:08:50.190,35.3900,100
36530414686674,10:08:50.414,35.3900,100
36530418609843,10:08:50.418,35.3800,100
36530420202712,10:08:50.420,35.3800,100
36530420202712,10:08:50.420,35.3800,100
36530423336361,10:08:50.423,35.3900,100
36530423336361,10:08:50.423,35.3900,100
36530426914011,10:08:50.426,35.4000,100
36530426914011,10:08:50.426,35.4000,100
36530427764357,10:08:50.427,35.4000,100
36530432336728,10:08:50.432,35.4000,100
36530432336728,10:08:50.432,35.4000,133
36530435962970,10:08:50.435,35.3900,100
36530435962970,10:08:50.435,35.3900,100
36530441030690,10:08:50.441,35.4000,100
36530441030690,10:08:50.441,35.4000,100
36530441030690,10:08:50.441,35.4000,67
36530441058670,10:08:50.441,35.4000,233
36530869573582,10:08:50.869,35.3800,100
36531308207790,10:08:51.308,35.4000,100
36531308207790,10:08:51.308,35.4000,87
36531308207790,10:08:51.308,35.4000,200
36531373380027,10:08:51.373,35.4000,300
36531373406084,10:08:51.373,35.4000,13
36531443171051,10:08:51.443,35.4000,319
36531443171051,10:08:51.443,35.4000,100
36531443171051,10:08:51.443,35.4000,300
36531479800318,10:08:51.479,35.4200,1200
36531500219961,10:08:51.500,35.4300,100
36531500219961,10:08:51.500,35.4300,100
36531500514922,10:08:51.500,35.4200,100
36531509271896,10:08:51.509,35.4300,100
36531509271896,10:08:51.509,35.4300,100
36531509271896,10:08:51.509,35.4300,67
36531509271896,10:08:51.509,35.4300,100
36531511145115,10:08:51.511,35.4400,200
36531511145115,10:08:51.511,35.4400,100
36531512205670,10:08:51.512,35.4400,200
36531512333715,10:08:51.512,35.4400,100
36531512358218,10:08:51.512,35.4400,100
36531512687252,10:08:51.512,35.4300,100
36531519688952,10:08:51.519,35.4400,100
36531519688952,10:08:51.519,35.4400,100
36531519688952,10:08:51.519,35.4400,100
36531547172737,10:08:51.547,35.4500,6
36531547172737,10:08:51.547,35.4500,90
36532176802308,10:08:52.176,35.4700,100
36532176802308,10:08:52.176,35.4700,300
36533930523162,10:08:53.930,35.4800,100
36533931025470,10:08:53.931,35.4800,100
36533931025470,10:08:53.931,35.4800,150
36533931538046,10:08:53.931,35.4800,150
36534254264241,10:08:54.254,35.4800,400
36534255023824,10:08:54.255,35.4800,300
36537110121790,10:08:57.110,35.4700,100
36538027529614,10:08:58.027,35.4600,200
36538027992351,10:08:58.027,35.4500,60
36538028001853,10:08:58.028,35.4500,40
36538028894489,10:08:58.028,35.4500,100
36538159725880,10:08:58.159,35.4500,200
36538159725880,10:08:58.159,35.4400,100
36538159836995,10:08:58.159,35.4400,100
36538159836995,10:08:58.159,35.4400,100
36538161903129,10:08:58.161,35.4300,100
36539180160463,10:08:59.180,35.4150,100
36541817979293,10:09:01.817,35.4000,100
36541822725319,10:09:01.822,35.3950,100
36541822725319,10:09:01.822,35.4000,100
36541866491042,10:09:01.866,35.3900,100
36542646869410,10:09:02.646,35.3850,100
36542662598659,10:09:02.662,35.3900,100
36543413752530,10:09:03.413,35.3900,100
36543847105658,10:09:03.847,35.3900,100
36545023413449,10:09:05.023,35.3800,100
36545034882273,10:09:05.034,35.3700,100
36546972833731,10:09:06.972,35.3700,100
36546974916027,10:09:06.974,35.4000,100
36546974916027,10:09:06.974,35.4000,100
36546975427557,10:09:06.975,35.4000,100
36550856641390,10:09:10.856,35.4000,100
36554053886334,10:09:14.053,35.3800,100
36557731257460,10:09:17.731,35.3700,200
36557731257460,10:09:17.731,35.3700,30
36557731259713,10:09:17.731,35.3700,170
36557731259713,10:09:17.731,35.3600,30
36557731259713,10:09:17.731,35.3600,30
36557731287312,10:09:17.731,35.3600,70
36557731287312,10:09:17.731,35.3600,100
36559027983194,10:09:19.027,35.3700,100
36559027983194,10:09:19.027,35.3700,100
36559027983194,10:09:19.027,35.3800,100
36559027983194,10:09:19.027,35.3900,88
36559027983194,10:09:19.027,35.3900,81
36559031344829,10:09:19.031,35.4000,100
36559032857438,10:09:19.032,35.4000,100
36559032896653,10:09:19.032,35.4000,100
36559040185145,10:09:19.040,35.4000,200
36559040185145,10:09:19.040,35.4000,100
36559094786872,10:09:19.094,35.3900,100
36559094812090,10:09:19.094,35.3900,100
36572123086091,10:09:32.123,35.4000,100
36572123102389,10:09:32.123,35.4100,50
36572123646890,10:09:32.123,35.4100,50
36572124180971,10:09:32.124,35.4000,100
36572124180971,10:09:32.124,35.4000,100
36572124222640,10:09:32.124,35.4000,100
36572124222640,10:09:32.124,35.4000,100
36573203185660,10:09:33.203,35.4000,100
36573203218139,10:09:33.203,35.4100,100
36573769463093,10:09:33.769,35.3800,400
36573769622512,10:09:33.769,35.3800,100
36574131883232,10:09:34.131,35.3800,100
36574131883232,10:09:34.131,35.3800,100
36575020789272,10:09:35.020,35.3800,300
36576523416797,10:09:36.523,35.3800,100
36583034785148,10:09:43.034,35.3800,15
36583034785148,10:09:43.034,35.4000,100
36583034785148,10:09:43.034,35.4000,84
36583035256056,10:09:43.035,35.4000,6
36583035291519,10:09:43.035,35.4000,10
36583035291519,10:09:43.035,35.4000,100
36583036556208,10:09:43.036,35.4000,100
36585672242052,10:09:45.672,35.4000,100
36585672242052,10:09:45.672,35.4000,100
36585672242052,10:09:45.672,35.4000,200
36586673643178,10:09:46.673,35.4000,100
36586673656367,10:09:46.673,35.4000,100
36586673747591,10:09:46.673,35.3900,100
36586673953063,10:09:46.673,35.3700,100
36595812561716,10:09:55.812,35.3700,100
36596276512821,10:09:56.276,35.3500,80
36596276536425,10:09:56.276,35.3500,20
36602558157694,10:10:02.558,35.3500,100
36623115375950,10:10:23.115,35.3400,200
36623115403494,10:10:23.115,35.3400,100
36623432482127,10:10:23.432,35.3300,100
36624697853440,10:10:24.697,35.3200,100
36624697862089,10:10:24.697,35.3200,100
36625307148220,10:10:25.307,35.3100,10
36625307148220,10:10:25.307,35.3100,100
36625337571787,10:10:25.337,35.3100,100
36632927935984,10:10:32.927,35.3200,70
36637716367966,10:10:37.716,35.3200,30
36637716367966,10:10:37.716,35.3300,63
36637716394106,10:10:37.716,35.3300,30
36637716998460,10:10:37.716,35.3300,100
36637717023624,10:10:37.717,35.3300,93
36637717023624,10:10:37.717,35.3300,100
36644197612837,10:10:44.197,35.3300,100
36644197612837,10:10:44.197,35.3300,100
36644197612837,10:10:44.197,35.3300,100
36644199006361,10:10:44.199,35.3400,100
36644199144133,10:10:44.199,35.3400,100
36644200812743,10:10:44.200,35.3500,100
36645403370563,10:10:45.403,35.3100,100
36654119764732,10:10:54.119,35.3200,100
36655120710816,10:10:55.120,35.3200,100
36676125729996,10:11:16.125,35.3000,23
36676125886295,10:11:16.125,35.3000,77
36678802258281,10:11:18.802,35.3100,70
36680652493261,10:11:20.652,35.2900,100
36685156728676,10:11:25.156,35.2900,100
36685157580624,10:11:25.157,35.2900,100
36685157937657,10:11:25.157,35.2900,100
36688308280229,10:11:28.308,35.2700,100
36688308280229,10:11:28.308,35.2700,200
36688309202901,10:11:28.309,35.2650,200
36688309270436,10:11:28.309,35.2600,100
36688309270436,10:11:28.309,35.2600,100
36689395281579,10:11:29.395,35.2700,100
36689395281579,10:11:29.395,35.2700,100
36691490991407,10:11:31.490,35.2700,100
36697217803485,10:11:37.217,35.2800,100
36703118063413,10:11:43.118,35.3100,100
36703125915661,10:11:43.125,35.3200,100
36703126115170,10:11:43.126,35.3200,100
36708762617501,10:11:48.762,35.3400,100
36708762617501,10:11:48.762,35.3400,100
36708763326000,10:11:48.763,35.3600,100
36724353352472,10:12:04.353,35.3800,2
36727565841339,10:12:07.565,35.3900,100
36727565841339,10:12:07.565,35.3900,100
36731088152776,10:12:11.088,35.3900,42
36737414261315,10:12:17.414,35.3900,9
36737414294194,10:12:17.414,35.3900,49
36737414427879,10:12:17.414,35.3900,100
36737414427879,10:12:17.414,35.4000,3900
36737414429558,10:12:17.414,35.4000,100
36737414484978,10:12:17.414,35.4100,100
36737441455137,10:12:17.441,35.4000,100
36737441463016,10:12:17.441,35.4000,100
36737441484953,10:12:17.441,35.4000,5
36737441539268,10:12:17.441,35.4000,95
36737441539268,10:12:17.441,35.4000,100
36737442752451,10:12:17.442,35.4000,100
36737444159550,10:12:17.444,35.4000,100
36739983638554,10:12:19.983,35.3700,100
36739983638554,10:12:19.983,35.3700,100
36739983638554,10:12:19.983,35.3700,100
36739997951491,10:12:19.997,35.3900,100
36747311420245,10:12:27.311,35.3700,100
36747427577886,10:12:27.427,35.3700,100
36748488879190,10:12:28.488,35.3600,100
36748618108401,10:12:28.618,35.3600,100
36760731945176,10:12:40.731,35.3700,100
36760731945176,10:12:40.731,35.3700,200
36779476507851,10:12:59.476,35.3900,100
36782122961175,10:13:02.122,35.4000,99
36782123001730,10:13:02.123,35.4000,1
36782123001730,10:13:02.123,35.4000,100
36782123001730,10:13:02.123,35.4000,99
36782123191476,10:13:02.123,35.4000,101
36782123191476,10:13:02.123,35.4000,100
36782123191476,10:13:02.123,35.4000,100
36784876726124,10:13:04.876,35.4100,100
36789136676870,10:13:09.136,35.4200,59
36789136687051,10:13:09.136,35.4200,131
36789136716856,10:13:09.136,35.4200,10
36789136716856,10:13:09.136,35.4200,90
36789136783016,10:13:09.136,35.4200,110
36789137421040,10:13:09.137,35.4300,100
36789137421040,10:13:09.137,35.4300,100
36789137674552,10:13:09.137,35.4300,100
36789137674552,10:13:09.137,35.4300,100
36789139383611,10:13:09.139,35.4200,100
36817040498406,10:13:37.040,35.4400,3
36818199135248,10:13:38.199,35.4400,97
36818199135248,10:13:38.199,35.4400,1
36818199544675,10:13:38.199,35.4400,199
36818199795764,10:13:38.199,35.4400,100
36818200338951,10:13:38.200,35.4500,500
36818200338951,10:13:38.200,35.4500,100
36818200830722,10:13:38.200,35.4500,10
36818200830722,10:13:38.200,35.4500,90
36818200858477,10:13:38.200,35.4500,10
36818201470707,10:13:38.201,35.4600,100
36818202318064,10:13:38.202,35.4600,100
36818202318064,10:13:38.202,35.4600,100
36818203775234,10:13:38.203,35.4500,100
36818203775234,10:13:38.203,35.4500,100
36825960549475,10:13:45.960,35.4600,70
36826128738915,10:13:46.128,35.4700,200
36835947386265,10:13:55.947,35.4800,400
36835947717921,10:13:55.947,35.4750,100
36835958726533,10:13:55.958,35.4800,100
36835959194952,10:13:55.959,35.4800,100
36835959194952,10:13:55.959,35.4800,100
36835959973630,10:13:55.959,35.4800,100
36835960001365,10:13:55.960,35.4800,100
36835989753880,10:13:55.989,35.4700,100
36835989753880,10:13:55.989,35.4700,100
36836001054170,10:13:56.001,35.4800,10
36836020523513,10:13:56.020,35.4800,90
36836081840257,10:13:56.081,35.4900,100
36836081840257,10:13:56.081,35.4900,100
36836081840257,10:13:56.081,35.4900,200
36836081840257,10:13:56.081,35.4900,100
36836081840257,10:13:56.081,35.4900,8
36836091929474,10:13:56.091,35.4900,92
36836450979236,10:13:56.450,35.4900,100
36837815062937,10:13:57.815,35.4800,100
36837815062937,10:13:57.815,35.4800,200
36837815062937,10:13:57.815,35.4800,100
36837815064963,10:13:57.815,35.4800,400
36837925817968,10:13:57.925,35.4800,100
36843085269426,10:14:03.085,35.4900,70
36843086167312,10:14:03.086,35.4900,30
36843086167312,10:14:03.086,35.5000,825
36843086167312,10:14:03.086,35.5000,200
36851122274085,10:14:11.122,35.4900,100
36870862918143,10:14:30.862,35.4900,100
36870863323522,10:14:30.863,35.4900,1
36870863323522,10:14:30.863,35.4900,41
36870863408319,10:14:30.863,35.4900,100
36870863408319,10:14:30.863,35.4900,38
36870867346251,10:14:30.867,35.5000,100
36870872020539,10:14:30.872,35.5000,100
36870874352398,10:14:30.874,35.5100,300
36870874352398,10:14:30.874,35.5100,100
36870874352398,10:14:30.874,35.5100,100
36870874614699,10:14:30.874,35.5100,100
36874824708302,10:14:34.824,35.5150,100
36874824708302,10:14:34.824,35.5100,100
36874824708302,10:14:34.824,35.5100,30
36874824708302,10:14:34.824,35.5100,100
36874824708302,10:14:34.824,35.5100,10
36874824739012,10:14:34.824,35.5100,90
36874824739012,10:14:34.824,35.5100,10
36878813237455,10:14:38.813,35.5100,100
36891864073041,10:14:51.864,35.5150,100
36891864073041,10:14:51.864,35.5100,100
36891864073041,10:14:51.864,35.5100,200
36891864104163,10:14:51.864,35.5100,100
36891864118480,10:14:51.864,35.5100,100
36893388609006,10:14:53.388,35.5100,200
36893388609006,10:14:53.388,35.5100,100
36893389089905,10:14:53.389,35.5100,100
36893389371078,10:14:53.389,35.5200,100
36894695305915,10:14:54.695,35.5100,100
36894695305915,10:14:54.695,35.5100,300
36901334652983,10:15:01.334,35.5300,400
36901334677674,10:15:01.334,35.5300,100
36901334677674,10:15:01.334,35.5300,100
36904867469708,10:15:04.867,35.5400,100
36905024347806,10:15:05.024,35.5400,100
36905024347806,10:15:05.024,35.5400,100
36905560696754,10:15:05.560,35.5500,100
36915212613176,10:15:15.212,35.5500,100
36915212613176,10:15:15.212,35.5500,100
36915279196104,10:15:15.279,35.5400,100
36917265765538,10:15:17.265,35.5400,100
36917267071900,10:15:17.267,35.5300,500
36917272580790,10:15:17.272,35.5300,100
36917272580790,10:15:17.272,35.5300,15
36917272580790,10:15:17.272,35.5300,15
36917272580790,10:15:17.272,35.5300,100
36917272580790,10:15:17.272,35.5300,100
36917273430587,10:15:17.273,35.5300,15
36917273430587,10:15:17.273,35.5300,15
36917309118991,10:15:17.309,35.5300,10
36917365008402,10:15:17.365,35.5300,60
36917379151576,10:15:17.379,35.5400,40
36920025858901,10:15:20.025,35.5400,30
36934250896638,10:15:34.250,35.5400,100
36935469299854,10:15:35.469,35.5400,100
36935469299854,10:15:35.469,35.5300,100
36935469422653,10:15:35.469,35.5300,100
36935470270071,10:15:35.470,35.5300,30
36936023116697,10:15:36.023,35.5300,30
36936023116697,10:15:36.023,35.5300,30
36936735018479,10:15:36.735,35.5400,30
36938191277438,10:15:38.191,35.5400,200
36938192230588,10:15:38.192,35.5500,100
36944127789807,10:15:44.127,35.5600,100
36944127827374,10:15:44.127,35.5600,100
36944127830156,10:15:44.127,35.5600,100
36944129801266,10:15:44.129,35.5600,100
36945356906306,10:15:45.356,35.5600,100
36948865866955,10:15:48.865,35.5500,200
36948865890752,10:15:48.865,35.5500,300
36949091914084,10:15:49.091,35.5500,100
36949091914084,10:15:49.091,35.5500,100
36949091914084,10:15:49.091,35.5500,100
36951492158357,10:15:51.492,35.5600,100
36958868437707,10:15:58.868,35.5600,50
36958868947741,10:15:58.868,35.5700,100
36958868947741,10:15:58.868,35.5700,12
36959075766607,10:15:59.075,35.5800,65
36959452382036,10:15:59.452,35.5800,35
36959452382036,10:15:59.452,35.5800,65
36959452433252,10:15:59.452,35.5800,35
36963122699047,10:16:03.122,35.6100,100
36963122724871,10:16:03.122,35.6100,192
36963122724871,10:16:03.122,35.6100,100
36979651512524,10:16:19.651,35.6100,100
36979651512524,10:16:19.651,35.6100,97
36979653502964,10:16:19.653,35.6200,100
36979657587620,10:16:19.657,35.6300,100
36979657587620,10:16:19.657,35.6300,100
36979659522510,10:16:19.659,35.6300,100
36979659866176,10:16:19.659,35.6300,100
36979674377258,10:16:19.674,35.6400,100
36979762884791,10:16:19.762,35.6400,100
36980032860863,10:16:20.032,35.6400,100
36980685819827,10:16:20.685,35.6400,100
36980687904439,10:16:20.687,35.6400,100
36980703819285,10:16:20.703,35.6400,100
36980734204768,10:16:20.734,35.6500,43
36980734204768,10:16:20.734,35.6500,57
36980734688538,10:16:20.734,35.6500,43
36981325759537,10:16:21.325,35.6600,100
36982606257056,10:16:22.606,35.6400,100
36991470511607,10:16:31.470,35.6700,100
36992506248599,10:16:32.506,35.6800,100
36992546602332,10:16:32.546,35.6700,300
36992583972837,10:16:32.583,35.6700,100
37012752876887,10:16:52.752,35.6800,100
37012752961746,10:16:52.752,35.6900,100
37016135284387,10:16:56.135,35.6800,100
37016137120699,10:16:56.137,35.6800,100
37017271173794,10:16:57.271,35.6800,100
37017300620280,10:16:57.300,35.6700,29
37017300620280,10:16:57.300,35.6700,28
37017300620280,10:16:57.300,35.6700,100
37017301620559,10:16:57.301,35.6600,100
37017301620559,10:16:57.301,35.6600,100
37017302515620,10:16:57.302,35.6600,300
37017724356963,10:16:57.724,35.6600,100
37022246959488,10:17:02.246,35.6700,100
37023291896276,10:17:03.291,35.6800,100
37034795907287,10:17:14.795,35.6800,100
37034795907287,10:17:14.795,35.6900,100
37034795907287,10:17:14.795,35.6900,200
37039497394532,10:17:19.497,35.6900,100
37039497394532,10:17:19.497,35.6900,100
37039499288164,10:17:19.499,35.7000,88
37039499515001,10:17:19.499,35.7000,90
37039501536996,10:17:19.501,35.7000,22
37039534886767,10:17:19.534,35.7000,100
37039534920197,10:17:19.534,35.7000,100
37039669555465,10:17:19.669,35.7000,10
37039737836832,10:17:19.737,35.7000,90
37040535852579,10:17:20.535,35.7000,100
37043207221205,10:17:23.207,35.6700,100
37046289554539,10:17:26.289,35.6600,100
37049272355206,10:17:29.272,35.6700,100
37049272422852,10:17:29.272,35.6700,100
37057933974698,10:17:37.933,35.6800,200
37060594600826,10:17:40.594,35.6800,100
37060594600826,10:17:40.594,35.6700,100
37060594628269,10:17:40.594,35.6700,100
37064563161144,10:17:44.563,35.7000,100
37064568946471,10:17:44.568,35.6900,100
37064947375840,10:17:44.947,35.6900,115
37064947375840,10:17:44.947,35.6900,100
37064947375840,10:17:44.947,35.6900,900
37065074517815,10:17:45.074,35.6800,100
37065074642359,10:17:45.074,35.6750,100
37065074951302,10:17:45.074,35.6750,100
37065075461437,10:17:45.075,35.6700,61
37065142724222,10:17:45.142,35.6800,100
37065142724222,10:17:45.142,35.6800,100
37065570095482,10:17:45.570,35.6850,100
37065698692419,10:17:45.698,35.6850,100
37066074363466,10:17:46.074,35.6800,100
37068087185532,10:17:48.087,35.6700,200
37068087185532,10:17:48.087,35.6700,100
37068088655753,10:17:48.088,35.6600,100
37068088655753,10:17:48.088,35.6600,100
37068088825650,10:17:48.088,35.6600,100
37068093430269,10:17:48.093,35.6600,100
37068114131013,10:17:48.114,35.6600,100
37068114131013,10:17:48.114,35.6600,100
37068165008295,10:17:48.165,35.6700,10
37069083088564,10:17:49.083,35.6600,100
37069088197872,10:17:49.088,35.6700,90
37069088717080,10:17:49.088,35.6600,100
37069088717080,10:17:49.088,35.6600,100
37069088742604,10:17:49.088,35.6600,300
37069447348605,10:17:49.447,35.6500,100
37070027753102,10:17:50.027,35.6300,100
37075591428470,10:17:55.591,35.6500,100
37075591428470,10:17:55.591,35.6600,100
37075597658048,10:17:55.597,35.6600,100
37076694283081,10:17:56.694,35.6400,100
37077809414405,10:17:57.809,35.6200,100
37081136018259,10:18:01.136,35.6250,100
37082724659855,10:18:02.724,35.6300,100
37082724659855,10:18:02.724,35.6400,100
37082935109486,10:18:02.935,35.6400,100
37091514307513,10:18:11.514,35.6200,300
37091514742608,10:18:11.514,35.6100,76
37091514747522,10:18:11.514,35.6100,24
37091516857118,10:18:11.516,35.6100,29
37092167265889,10:18:12.167,35.6100,29
37104664637953,10:18:24.664,35.5900,100
37104664637953,10:18:24.664,35.5900,100
37108938917228,10:18:28.938,35.5700,100
37109684899239,10:18:29.684,35.5600,18
37126900131918,10:18:46.900,35.5600,100
37126900131918,10:18:46.900,35.5600,100
37126900338667,10:18:46.900,35.5600,70
37126900452564,10:18:46.900,35.5600,30
37129535806670,10:18:49.535,35.5600,100
37129698934575,10:18:49.698,35.5600,300
37129698934575,10:18:49.698,35.5600,100
37129699819111,10:18:49.699,35.5500,100
37129699819111,10:18:49.699,35.5500,100
37129701100986,10:18:49.701,35.5400,100
37130699939440,10:18:50.699,35.5400,100
37130849374685,10:18:50.849,35.5600,100
37130849374685,10:18:50.849,35.5700,200
37130849374685,10:18:50.849,35.5700,200
37130902535793,10:18:50.902,35.5700,500
37140043286824,10:19:00.043,35.5900,300
37140043299483,10:19:00.043,35.5900,70
37140043694773,10:19:00.043,35.5900,100
37140043715802,10:19:00.043,35.5900,100
37140044241013,10:19:00.044,35.5950,100
37140044241013,10:19:00.044,35.5950,200
37140045945047,10:19:00.045,35.5950,100
37140046346844,10:19:00.046,35.5950,100
37143032177157,10:19:03.032,35.5950,400
37143033080610,10:19:03.033,35.5950,900
37144322208985,10:19:04.322,35.5700,500
37144322208985,10:19:04.322,35.5700,100
37144322208985,10:19:04.322,35.5700,100
37144322321934,10:19:04.322,35.5700,500
37144322331434,10:19:04.322,35.5700,500
37148815493035,10:19:08.815,35.5200,8
37148815513242,10:19:08.815,35.5200,262
37148815540954,10:19:08.815,35.5200,130
37153928150421,10:19:13.928,35.5200,300
37153929041772,10:19:13.929,35.5200,100
37153929847449,10:19:13.929,35.5100,100
37153931343183,10:19:13.931,35.5050,87
37153935367008,10:19:13.935,35.5000,100
37154574046271,10:19:14.574,35.4900,100
37154851523008,10:19:14.851,35.4900,28
37154851523008,10:19:14.851,35.4900,10
37157503042377,10:19:17.503,35.4900,100
37165537825909,10:19:25.537,35.4600,100
37165537926221,10:19:25.537,35.4600,51
37165537972437,10:19:25.537,35.4600,49
37170505668589,10:19:30.505,35.4600,49
37170505668589,10:19:30.505,35.4600,10
37170506640649,10:19:30.506,35.4500,100
37170506640649,10:19:30.506,35.4500,51
37171306065732,10:19:31.306,35.4500,100
37171392482577,10:19:31.392,35.4400,100
37172450884035,10:19:32.450,35.4500,100
37172450884035,10:19:32.450,35.4500,100
37172450884035,10:19:32.450,35.4500,100
37173548530108,10:19:33.548,35.4500,100
37173691504069,10:19:33.691,35.4500,100
37175124964889,10:19:35.124,35.4600,100
37195540401650,10:19:55.540,35.4800,100
37195546883251,10:19:55.546,35.4900,100
37195581610148,10:19:55.581,35.4800,100
37207731395929,10:20:07.731,35.4800,100
37208766933625,10:20:08.766,35.4700,100
37209773119477,10:20:09.773,35.4800,100
37209773546547,10:20:09.773,35.4800,100
37210477825352,10:20:10.477,35.4800,100
37232476526755,10:20:32.476,35.4750,100
37232476526755,10:20:32.476,35.4900,200
37232476697836,10:20:32.476,35.4900,100
37232476702295,10:20:32.476,35.4900,100
37232476802997,10:20:32.476,35.4900,254
37232476816236,10:20:32.476,35.4900,46
37232478017878,10:20:32.478,35.4950,100
37232485547269,10:20:32.485,35.4900,100
37232485547269,10:20:32.485,35.4900,100
37232485547269,10:20:32.485,35.4900,5
37232485547269,10:20:32.485,35.4900,100
37232485963844,10:20:32.485,35.4900,100
37232485963844,10:20:32.485,35.4900,100
37246472385681,10:20:46.472,35.4900,70
37269561257932,10:21:09.561,35.4700,100
37269561257932,10:21:09.561,35.4700,100
37269561612312,10:21:09.561,35.4600,100
37269561648822,10:21:09.561,35.4600,100
37269866191377,10:21:09.866,35.4400,100
37269866191377,10:21:09.866,35.4400,100
37269866648284,10:21:09.866,35.4400,100
37269866648284,10:21:09.866,35.4400,100
37269866687495,10:21:09.866,35.4400,100
37270043293942,10:21:10.043,35.4300,100
37270212291172,10:21:10.212,35.4200,100
37270212970090,10:21:10.212,35.4150,200
37270212970090,10:21:10.212,35.4100,100
37270213560705,10:21:10.213,35.4100,100
37270214591494,10:21:10.214,35.4100,100
37270214674894,10:21:10.214,35.4200,100
37270796526921,10:21:10.796,35.4500,100
37285935323784,10:21:25.935,35.4200,200
37285935323784,10:21:25.935,35.4200,100
37285935624611,10:21:25.935,35.4300,100
37285935633036,10:21:25.935,35.4300,100
37285935633036,10:21:25.935,35.4400,100
37285937812630,10:21:25.937,35.4300,18
37285938597076,10:21:25.938,35.4200,100
37285939274353,10:21:25.939,35.4300,82
37286858985348,10:21:26.858,35.4300,100
37286858985348,10:21:26.858,35.4300,100
37287361538448,10:21:27.361,35.4200,100
37287361538448,10:21:27.361,35.4200,100
37287375352855,10:21:27.375,35.4150,100
37287375352855,10:21:27.375,35.4200,100
37287459202442,10:21:27.459,35.4100,100
37287461995550,10:21:27.461,35.4100,100
37287982549251,10:21:27.982,35.4200,100
37287982892728,10:21:27.982,35.4200,100
37289930406034,10:21:29.930,35.4100,100
37289930406034,10:21:29.930,35.4100,90
37289944166156,10:21:29.944,35.4000,100
37289944515575,10:21:29.944,35.4000,100
37289961960288,10:21:29.961,35.4100,100
37290366938895,10:21:30.366,35.4100,100
37294561419377,10:21:34.561,35.4000,100
37296651516655,10:21:36.651,35.3900,100
37296651805354,10:21:36.651,35.3900,100
37296652600063,10:21:36.652,35.3900,100
37296652601260,10:21:36.652,35.3900,100
37296904523863,10:21:36.904,35.4000,100
37296904528077,10:21:36.904,35.4000,100
37298133563951,10:21:38.133,35.4100,100
37298149026213,10:21:38.149,35.4100,100
37298450680809,10:21:38.450,35.4100,15
37299018421766,10:21:39.018,35.4050,100
37299018421766,10:21:39.018,35.4100,85
37299018421766,10:21:39.018,35.4100,100
37299018421766,10:21:39.018,35.4200,100
37299018421766,10:21:39.018,35.4200,100
37299018421766,10:21:39.018,35.4200,100
37299018421766,10:21:39.018,35.4200,100
37299018421766,10:21:39.018,35.4200,200
37299018824893,10:21:39.018,35.4200,100
37299018824893,10:21:39.018,35.4200,100
37299018824893,10:21:39.018,35.4200,100
37299018824893,10:21:39.018,35.4200,84
37299018833969,10:21:39.018,35.4200,16
37299019108140,10:21:39.019,35.4200,100
37299019494892,10:21:39.019,35.4200,100
37299019997402,10:21:39.019,35.4200,100
37299758033071,10:21:39.758,35.4200,100
37299758033071,10:21:39.758,35.4200,300
37299758033071,10:21:39.758,35.4200,100
37300525122349,10:21:40.525,35.4200,300
37300525122349,10:21:40.525,35.4200,100
37300586504657,10:21:40.586,35.4200,100
37300968950159,10:21:40.968,35.4200,100
37301269301958,10:21:41.269,35.4200,100
37313458927722,10:21:53.458,35.4100,100
37313495280644,10:21:53.495,35.4100,100
37313881255144,10:21:53.881,35.4000,100
37313882283799,10:21:53.882,35.4000,100
37314007731244,10:21:54.007,35.3900,100
37314007731244,10:21:54.007,35.3900,100
37325545419360,10:22:05.545,35.4000,300
37330027851712,10:22:10.027,35.4200,100
37330027920780,10:22:10.027,35.4200,33
37330028277414,10:22:10.028,35.4200,67
37330028353711,10:22:10.028,35.4300,50
37330028378308,10:22:10.028,35.4300,50
37330029387387,10:22:10.029,35.4300,87
37330029537566,10:22:10.029,35.4300,13
37330148262480,10:22:10.148,35.4400,100
37336763727915,10:22:16.763,35.4600,100
37336763727915,10:22:16.763,35.4600,100
37336763727915,10:22:16.763,35.4600,100
37336763727915,10:22:16.763,35.4600,100
37336764136315,10:22:16.764,35.4600,100
37336764136315,10:22:16.764,35.4600,100
37336764136315,10:22:16.764,35.4600,100
37336764141010,10:22:16.764,35.4600,100
37336764141010,10:22:16.764,35.4600,200
37336764382668,10:22:16.764,35.4600,97
37336764405691,10:22:16.764,35.4600,3
37336764405691,10:22:16.764,35.4600,57
37336947842945,10:22:16.947,35.4600,43
37336947842945,10:22:16.947,35.4600,57
37336947895966,10:22:16.947,35.4600,43
37337172197100,10:22:17.172,35.4600,200
37337472707512,10:22:17.472,35.4600,500
37349564988570,10:22:29.564,35.4800,100
37351990200446,10:22:31.990,35.4800,100
37364587961857,10:22:44.587,35.4900,210
37364750431082,10:22:44.750,35.4900,300
37364750460475,10:22:44.750,35.4900,300
37364750858058,10:22:44.750,35.4900,300
37364751241998,10:22:44.751,35.4900,300
37364752541517,10:22:44.752,35.4900,2
37365234816460,10:22:45.234,35.4900,300
37365234895391,10:22:45.234,35.4900,31
37365234895391,10:22:45.234,35.5000,100
37365234895391,10:22:45.234,35.5000,100
37365234895391,10:22:45.234,35.5000,69
37365234927448,10:22:45.234,35.5000,31
37365240182885,10:22:45.240,35.4950,100
37365241311676,10:22:45.241,35.5000,100
37365241311676,10:22:45.241,35.5000,100
37365244033759,10:22:45.244,35.5000,100
37365244033759,10:22:45.244,35.4900,100
37365244033759,10:22:45.244,35.4900,100
37365244033759,10:22:45.244,35.4900,100
37365375373214,10:22:45.375,35.4900,100
37365375373214,10:22:45.375,35.4900,100
37365375400751,10:22:45.375,35.4900,115
37365375400751,10:22:45.375,35.4900,100
37365375400751,10:22:45.375,35.4900,100
37365376696864,10:22:45.376,35.4900,100
37365377556138,10:22:45.377,35.4900,100
37365377556138,10:22:45.377,35.4900,300
37365415159753,10:22:45.415,35.4900,100
37365908326362,10:22:45.908,35.5000,100
37365909976397,10:22:45.909,35.4900,300
37365909976397,10:22:45.909,35.4900,100
37365910052768,10:22:45.910,35.4900,100
37365910052768,10:22:45.910,35.4900,100
37365910101117,10:22:45.910,35.4900,58
37365911139610,10:22:45.911,35.4900,100
37367467881239,10:22:47.467,35.4800,100
37367467881239,10:22:47.467,35.4800,500
37367467881239,10:22:47.467,35.4800,200
37367467911862,10:22:47.467,35.4800,100
37367868323647,10:22:47.868,35.4700,100
37367868366043,10:22:47.868,35.4700,100
37367868366043,10:22:47.868,35.4700,13
37367868664886,10:22:47.868,35.4700,87
37367991748103,10:22:47.991,35.4700,200
37367991748103,10:22:47.991,35.4700,100
37367998207816,10:22:47.998,35.4800,100
37367998207816,10:22:47.998,35.4800,200
37367998233116,10:22:47.998,35.4800,200
37383751328482,10:23:03.751,35.4900,4
37383751354696,10:23:03.751,35.4900,196
37383751368310,10:23:03.751,35.4900,196
37383752678699,10:23:03.752,35.4950,4
37383752678699,10:23:03.752,35.5000,96
37383752717843,10:23:03.752,35.5000,4
37383761036051,10:23:03.761,35.5100,100
37383761036051,10:23:03.761,35.4900,100
37397227640954,10:23:17.227,35.4900,100
37404811050985,10:23:24.811,35.4900,3
37418356092413,10:23:38.356,35.4800,300
37418357258409,10:23:38.357,35.4700,100
37418357258409,10:23:38.357,35.4700,100
37418357258409,10:23:38.357,35.4700,100
37419340887589,10:23:39.340,35.4700,100
37419344360462,10:23:39.344,35.4700,100
37422352261682,10:23:42.352,35.4700,100
37423197622752,10:23:43.197,35.4600,100
37423197622752,10:23:43.197,35.4600,100
37423197622752,10:23:43.197,35.4600,100
37423198329243,10:23:43.198,35.4600,100
37423406388024,10:23:43.406,35.4500,100
37433790170856,10:23:53.790,35.4300,100
37433856725820,10:23:53.856,35.4200,2
37445034762362,10:24:05.034,35.3900,100
37445102608656,10:24:05.102,35.3900,100
37445103575157,10:24:05.103,35.4000,100
37458689413501,10:24:18.689,35.3900,100
37458690511343,10:24:18.690,35.3900,100
37460839152355,10:24:20.839,35.3900,100
37475279123359,10:24:35.279,35.3700,100
37475818573006,10:24:35.818,35.3600,100
37475819212435,10:24:35.819,35.3600,100
37475819212435,10:24:35.819,35.3600,100
37475819576281,10:24:35.819,35.3700,100
37475822410331,10:24:35.822,35.3800,100
37475823123582,10:24:35.823,35.3900,100
37475823123582,10:24:35.823,35.3900,100
37479115054878,10:24:39.115,35.4000,100
37479115054878,10:24:39.115,35.4000,100
37479115163357,10:24:39.115,35.4100,100
37499565227268,10:24:59.565,35.4500,100
37499566537267,10:24:59.566,35.4600,100
37499588456649,10:24:59.588,35.4600,100
37505523709846,10:25:05.523,35.4800,100
37506514972524,10:25:06.514,35.4900,100
37506514972524,10:25:06.514,35.4900,100
37506514972524,10:25:06.514,35.4950,1
37506514972524,10:25:06.514,35.5000,9
37506515359353,10:25:06.515,35.5000,91
37506515772466,10:25:06.515,35.5000,100
37506515772466,10:25:06.515,35.5000,100
37506515772466,10:25:06.515,35.4900,100
37506515772466,10:25:06.515,35.4900,100
37506515772466,10:25:06.515,35.4900,100
37506515772466,10:25:06.515,35.4900,100
37506524115957,10:25:06.524,35.4900,100
37506524115957,10:25:06.524,35.4900,100
37506524115957,10:25:06.524,35.4900,128
37506524164997,10:25:06.524,35.4900,100
37506526190863,10:25:06.526,35.4900,100
37508755209297,10:25:08.755,35.4900,100
37514623656174,10:25:14.623,35.4950,100
37514624040619,10:25:14.624,35.4950,100
37514632169260,10:25:14.632,35.4900,100
37514632169260,10:25:14.632,35.4900,100
37514896292069,10:25:14.896,35.4900,100
37514896292069,10:25:14.896,35.4900,100
37514896292069,10:25:14.896,35.4900,100
37514896507010,10:25:14.896,35.4900,200
37514896507010,10:25:14.896,35.4900,100
37514896507010,10:25:14.896,35.4900,100
37514896554737,10:25:14.896,35.4900,100
37514896554737,10:25:14.896,35.4900,100
37524704618139,10:25:24.704,35.4800,100
37524704618139,10:25:24.704,35.4800,100
37524709448344,10:25:24.709,35.4700,80
37524709511441,10:25:24.709,35.4700,20
37524709511441,10:25:24.709,35.4700,100
37524709511441,10:25:24.709,35.4700,100
37524709513366,10:25:24.709,35.4700,100
37528973584080,10:25:28.973,35.4700,100
37529717846611,10:25:29.717,35.4500,100
37529756267145,10:25:29.756,35.4500,100
37534989440493,10:25:34.989,35.4800,100
37534992870880,10:25:34.992,35.4900,100
37534992870880,10:25:34.992,35.4900,100
37564520844410,10:26:04.520,35.4900,400
37564520844410,10:26:04.520,35.4900,50
37564521264881,10:26:04.521,35.4950,200
37564521264881,10:26:04.521,35.5000,400
37564521292062,10:26:04.521,35.5000,100
37564521292062,10:26:04.521,35.5000,100
37564528357561,10:26:04.528,35.5200,100
37564529846303,10:26:04.529,35.5200,100
37564529846303,10:26:04.529,35.5200,100
37564529848765,10:26:04.529,35.5100,100
37564529848765,10:26:04.529,35.5100,100
37564529848765,10:26:04.529,35.5000,200
37564529848765,10:26:04.529,35.4900,100
37564529848765,10:26:04.529,35.4900,100
37564529848765,10:26:04.529,35.4900,100
37564531398051,10:26:04.531,35.5000,100
37566860097360,10:26:06.860,35.4900,100
37566860097360,10:26:06.860,35.5000,60
37566860168739,10:26:06.860,35.5000,40
37566860168739,10:26:06.860,35.5000,60
37566861403843,10:26:06.861,35.5000,100
37566861596586,10:26:06.861,35.4900,100
37589238873762,10:26:29.238,35.4900,100
37589239236837,10:26:29.239,35.4950,100
37589624015275,10:26:29.624,35.4700,100
37589624040104,10:26:29.624,35.4700,100
37589624040104,10:26:29.624,35.4700,400
37589626424421,10:26:29.626,35.4800,100
37591992278911,10:26:31.992,35.4900,100
37591993802591,10:26:31.993,35.4900,100
37591994242890,10:26:31.994,35.5000,100
37591994242890,10:26:31.994,35.5000,64
37601805300874,10:26:41.805,35.5000,100
37602849031471,10:26:42.849,35.5000,100
37602849075475,10:26:42.849,35.5000,100
37623633216416,10:27:03.633,35.4800,100
37623633216416,10:27:03.633,35.4800,100
37623633216416,10:27:03.633,35.4800,100
37623933020213,10:27:03.933,35.4700,200
37627182720650,10:27:07.182,35.4700,100
37627182720650,10:27:07.182,35.4700,500
37627182720650,10:27:07.182,35.4700,100
37627182720650,10:27:07.182,35.4700,100
37628352342315,10:27:08.352,35.4800,231
37628352367908,10:27:08.352,35.4800,69
37645612936852,10:27:25.612,35.5100,100
37645612936852,10:27:25.612,35.5100,100
37645613400282,10:27:25.613,35.5200,100
