timestamp,time,price,volume
27723628847072,07:42:03.628,38.0000,20
34200260209116,09:30:00.260,37.4200,16
34200834218806,09:30:00.834,37.4200,100
34213800322645,09:30:13.800,37.4600,100
34230807647565,09:30:30.807,37.4700,100
34266600405532,09:31:06.600,37.5300,100
34289855625432,09:31:29.855,37.7200,100
34297798246604,09:31:37.798,37.9500,100
34297798246604,09:31:37.798,37.9500,100
34297798879143,09:31:37.798,38.0500,5
34297798923011,09:31:37.798,38.1000,195
34297798940412,09:31:37.798,37.9900,73
34297798986199,09:31:37.798,38.1000,100
34297799001583,09:31:37.799,37.9800,100
34297799001583,09:31:37.799,37.9700,100
34316088202998,09:31:56.088,37.8800,200
34316089183589,09:31:56.089,37.8300,100
34321353399542,09:32:01.353,37.7400,2
34321353399542,09:32:01.353,37.7400,198
34321353440519,09:32:01.353,37.7400,2
34321353475766,09:32:01.353,37.7400,100
34321353837396,09:32:01.353,37.6900,100
34327320605170,09:32:07.320,37.7400,8
34327320635024,09:32:07.320,37.7400,92
34327320635024,09:32:07.320,37.7400,8
34327320638688,09:32:07.320,37.7400,100
34336318742060,09:32:16.318,37.8300,100
34351602019487,09:32:31.602,37.9700,100
34351602019487,09:32:31.602,37.9700,100
34351602019487,09:32:31.602,37.9800,100
34414899322675,09:33:34.899,38.0000,3
34414899330407,09:33:34.899,38.0000,100
34414899331635,09:33:34.899,38.0000,5
34414899345208,09:33:34.899,38.0000,5
34414899412457,09:33:34.899,38.0400,100
34415146343407,09:33:35.146,38.0600,100
34415146383747,09:33:35.146,38.0800,100
34415146386157,09:33:35.146,38.0800,96
34415146583271,09:33:35.146,38.0800,529
34415146583271,09:33:35.146,38.0800,8
34415146598606,09:33:35.146,38.0800,92
34514942329336,09:35:14.942,38.1200,100
34696419605075,09:38:16.419,38.0400,100
34696421800262,09:38:16.421,38.0100,100
34707992604925,09:38:27.992,38.0000,4
34739891071361,09:38:59.891,37.9500,100
34739891124157,09:38:59.891,37.9800,85
34739891124157,09:38:59.891,37.9800,15
34755735197668,09:39:15.735,37.9800,85
34755735197668,09:39:15.735,37.9900,15
34809124115189,09:40:09.124,37.9800,100
34809124115189,09:40:09.124,38.0000,100
34809124152864,09:40:09.124,38.0000,100
34809124227870,09:40:09.124,38.0000,100
34809139640148,09:40:09.139,38.0200,100
34809140040657,09:40:09.140,38.0500,100
34910421954283,09:41:50.421,37.9000,100
34918406999737,09:41:58.406,37.7800,100
34929067167279,09:42:09.067,37.9400,100
34935937423861,09:42:15.937,37.9400,100
34941467881956,09:42:21.467,37.8600,100
34957597151436,09:42:37.597,37.9300,100
34969091140139,09:42:49.091,37.9200,100
34969091170781,09:42:49.091,37.9200,100
34993963917660,09:43:13.963,37.9300,100
34996379795301,09:43:16.379,37.9400,100
34996379835252,09:43:16.379,37.9400,10
34996379929958,09:43:16.379,37.9400,69
34996380608165,09:43:16.380,37.9400,100
34996380608165,09:43:16.380,37.9200,100
34996397144095,09:43:16.397,37.9000,100
34999442811978,09:43:19.442,37.8400,50
34999442892337,09:43:19.442,37.8400,50
35053392703420,09:44:13.392,37.7000,100
35053392906872,09:44:13.392,37.7000,100
35053392997878,09:44:13.392,37.7000,100
35053392999083,09:44:13.392,37.7000,100
35053393090433,09:44:13.393,37.7000,100
35053393188316,09:44:13.393,37.7000,100
35053393323126,09:44:13.393,37.7000,100
35179869803304,09:46:19.869,37.5900,100
35179870874622,09:46:19.870,37.5800,1
35179870935680,09:46:19.870,37.5800,99
35181438167452,09:46:21.438,37.5500,25
35242463153028,09:47:22.463,37.6200,100
35283978732014,09:48:03.978,37.6600,100
35284274216765,09:48:04.274,37.6600,900
35284274216765,09:48:04.274,37.6600,100
35327630038623,09:48:47.630,37.5800,100
35327630109643,09:48:47.630,37.5800,200
35327630164831,09:48:47.630,37.5800,100
35327630676064,09:48:47.630,37.5800,200
35342216691813,09:49:02.216,37.5500,500
35342216691813,09:49:02.216,37.5500,100
35342268479994,09:49:02.268,37.4900,100
35342268479994,09:49:02.268,37.4900,100
35342268479994,09:49:02.268,37.4900,100
35342268479994,09:49:02.268,37.4900,200
35429108362206,09:50:29.108,37.5600,100
35429488055115,09:50:29.488,37.5600,100
35454653557824,09:50:54.653,37.4700,200
35454653595030,09:50:54.653,37.4700,296
35454653613877,09:50:54.653,37.4700,4
35454653613877,09:50:54.653,37.4700,100
35454653613877,09:50:54.653,37.4700,96
35454653614957,09:50:54.653,37.4700,104
35454653649603,09:50:54.653,37.4700,400
35454653692584,09:50:54.653,37.4700,100
35454653693859,09:50:54.653,37.4700,100
35454653743195,09:50:54.653,37.4600,100
35454696345874,09:50:54.696,37.4600,100
35454747478425,09:50:54.747,37.4200,100
35454747638718,09:50:54.747,37.4300,100
35454747638718,09:50:54.747,37.4400,97
35454747643620,09:50:54.747,37.4400,5
35454747800633,09:50:54.747,37.4200,100
35454747874577,09:50:54.747,37.4400,98
35471218149132,09:51:11.218,37.6200,200
35471218188273,09:51:11.218,37.6200,400
35471218211691,09:51:11.218,37.6200,200
35471218377452,09:51:11.218,37.6200,143
35471303071086,09:51:11.303,37.6200,200
35471303124949,09:51:11.303,37.6200,100
35471303928356,09:51:11.303,37.6200,157
35471303928356,09:51:11.303,37.6200,143
35471304027082,09:51:11.304,37.6200,100
35471304817965,09:51:11.304,37.6200,200
35480315562987,09:51:20.315,37.5400,100
35489076694539,09:51:29.076,37.4400,200
35489076732048,09:51:29.076,37.4400,400
35489076751833,09:51:29.076,37.4400,200
35489076771830,09:51:29.076,37.4400,400
35489076830868,09:51:29.076,37.4400,200
35489076920898,09:51:29.076,37.4400,400
35489077130769,09:51:29.077,37.4400,300
35489182666707,09:51:29.182,37.4100,31
35489182889910,09:51:29.182,37.4100,169
35492447059807,09:51:32.447,37.4800,100
35506256014510,09:51:46.256,37.5400,100
35506256070662,09:51:46.256,37.5400,100
35506256070662,09:51:46.256,37.5400,100
35517085827066,09:51:57.085,37.5800,200
35517085870295,09:51:57.085,37.5800,252
35517085883230,09:51:57.085,37.5800,148
35517085978608,09:51:57.085,37.5800,100
35517086029436,09:51:57.086,37.5800,200
35517086053074,09:51:57.086,37.5800,231
35517086101050,09:51:57.086,37.5800,69
35517086101050,09:51:57.086,37.5800,31
35517086107800,09:51:57.086,37.5800,69
35517086263178,09:51:57.086,37.5800,300
35517157029897,09:51:57.157,37.5800,200
35517157801075,09:51:57.157,37.5400,200
35517158361206,09:51:57.158,37.5600,6
35517158884851,09:51:57.158,37.5400,6
35528910524219,09:52:08.910,37.5700,100
35528910524219,09:52:08.910,37.5800,100
35528990843982,09:52:08.990,37.5700,100
35528990843982,09:52:08.990,37.5800,100
35535191199812,09:52:15.191,37.5800,200
35535280643680,09:52:15.280,37.5800,200
35535281027198,09:52:15.281,37.5800,100
35535281871179,09:52:15.281,37.5600,200
35535282559129,09:52:15.282,37.5600,100
35539693506501,09:52:19.693,37.5000,100
35539693942318,09:52:19.693,37.4600,100
35567310361964,09:52:47.310,37.5600,200
35567310400669,09:52:47.310,37.5600,100
35567371846027,09:52:47.371,37.5500,2
35567404324505,09:52:47.404,37.5500,98
35567404324505,09:52:47.404,37.5600,102
35571457818081,09:52:51.457,37.5300,100
35575036090020,09:52:55.036,37.5200,100
35575036537985,09:52:55.036,37.5100,2
35669331335284,09:54:29.331,37.4800,100
35669331426700,09:54:29.331,37.4800,100
35670703605492,09:54:30.703,37.4300,100
35670706675905,09:54:30.706,37.4300,100
35670706960590,09:54:30.706,37.4200,100
35670706960590,09:54:30.706,37.4200,100
35670706960590,09:54:30.706,37.4200,200
36010960482740,10:00:10.960,37.4500,100
36010960482740,10:00:10.960,37.4500,100
36010960482740,10:00:10.960,37.4500,100
36010961563386,10:00:10.961,37.4400,100
36010962219541,10:00:10.962,37.4300,97
36010962269034,10:00:10.962,37.4300,3
36011650201463,10:00:11.650,37.4000,400
36011650690817,10:00:11.650,37.3700,100
36011650788350,10:00:11.650,37.3700,30
36011650838365,10:00:11.650,37.3700,70
36068925126841,10:01:08.925,37.3800,200
36172515293621,10:02:52.515,37.3400,100
36172515293621,10:02:52.515,37.3400,100
36172515293621,10:02:52.515,37.3400,61
36172515293621,10:02:52.515,37.3400,100
36172515293621,10:02:52.515,37.3400,34
36172515293621,10:02:52.515,37.3400,5
36172515345108,10:02:52.515,37.3400,95
36172515378530,10:02:52.515,37.3400,90
36296739892085,10:04:56.739,37.3100,100
36320487216158,10:05:20.487,37.2600,100
36320487216158,10:05:20.487,37.2500,100
36320487574633,10:05:20.487,37.2500,90
36320487574633,10:05:20.487,37.2500,34
36329447531180,10:05:29.447,37.2400,114
36329447535827,10:05:29.447,37.2400,319
36329447550473,10:05:29.447,37.2400,67
36364914647261,10:06:04.914,37.2900,100
36364914647261,10:06:04.914,37.2900,100
36364914839777,10:06:04.914,37.2900,39
36364914843857,10:06:04.914,37.2900,58
36364915084203,10:06:04.915,37.3000,5
36384392336312,10:06:24.392,37.3500,5
36425462668341,10:07:05.462,37.3200,2
36425462668341,10:07:05.462,37.3200,3
36425462668341,10:07:05.462,37.3200,95
36436934796215,10:07:16.934,37.3300,100
36436934796215,10:07:16.934,37.3300,105
36436935251787,10:07:16.935,37.3200,5
36436935251787,10:07:16.935,37.3200,100
36436935251787,10:07:16.935,37.3200,95
36436935266748,10:07:16.935,37.3200,5
36436935266748,10:07:16.935,37.3200,200
36436986709008,10:07:16.986,37.3000,100
36436986787339,10:07:16.986,37.3000,100
36442082969041,10:07:22.082,37.2700,100
36442086612992,10:07:22.086,37.2600,34
36442086612992,10:07:22.086,37.2600,66
36442652856904,10:07:22.652,37.2600,34
36442652856904,10:07:22.652,37.2600,66
36446948969490,10:07:26.948,37.2600,100
36458507890159,10:07:38.507,37.2600,234
36458559747030,10:07:38.559,37.2200,1000
36468266440395,10:07:48.266,37.1900,100
36488415223113,10:08:08.415,37.2600,100
36488415246185,10:08:08.415,37.2900,100
36592343393305,10:09:52.343,37.2600,100
36592343922269,10:09:52.343,37.2500,105
36592343922269,10:09:52.343,37.2500,100
36592343922269,10:09:52.343,37.2500,100
36592343922269,10:09:52.343,37.2500,100
36592343922269,10:09:52.343,37.2500,95
36592348903777,10:09:52.348,37.2500,5
36592348903777,10:09:52.348,37.2500,95
36592349902823,10:09:52.349,37.2500,5
36669410689774,10:11:09.410,37.2300,100
36669410689774,10:11:09.410,37.2300,100
36749296831242,10:12:29.296,37.2200,100
36754359311488,10:12:34.359,37.2200,35
36754360803134,10:12:34.360,37.2100,100
36764256724725,10:12:44.256,37.1900,100
36764256792229,10:12:44.256,37.1900,100
36764257168015,10:12:44.257,37.1900,61
36778995850249,10:12:58.995,37.1200,100
36778995850249,10:12:58.995,37.1100,100
36778995850249,10:12:58.995,37.1100,100
36789193571524,10:13:09.193,37.1200,100
36834024719042,10:13:54.024,37.1300,1
36834024719042,10:13:54.024,37.1300,65
36834024719042,10:13:54.024,37.1300,34
36839197873263,10:13:59.197,37.1300,66
36839197873263,10:13:59.197,37.1300,100
36839197873263,10:13:59.197,37.1300,100
36839765586659,10:13:59.765,37.1200,70
36839765586659,10:13:59.765,37.1200,30
36839766906372,10:13:59.766,37.1100,100
36839766906372,10:13:59.766,37.1100,100
36879196468510,10:14:39.196,37.1000,600
36879196468510,10:14:39.196,37.1000,165
36879196468510,10:14:39.196,37.1000,36
36879196468510,10:14:39.196,37.1000,101
36894418033327,10:14:54.418,37.2000,100
36894418052293,10:14:54.418,37.2100,100
36894418052293,10:14:54.418,37.2100,18
36894418067433,10:14:54.418,37.1600,893
36894418075406,10:14:54.418,37.2200,300
36894424701270,10:14:54.424,37.1900,100
36894424706330,10:14:54.424,37.1900,24
36909060109390,10:15:09.060,37.1700,100
36929106865595,10:15:29.106,37.1200,100
36929107154549,10:15:29.107,37.1200,100
36929107154549,10:15:29.107,37.1200,100
36929107336437,10:15:29.107,37.1400,100
36929107352632,10:15:29.107,37.1200,100
36929107369903,10:15:29.107,37.1500,41
36929107566510,10:15:29.107,37.1400,71
36929107600539,10:15:29.107,37.1400,29
36929107750637,10:15:29.107,37.1500,59
36964191315136,10:16:04.191,37.1700,100
36964191315136,10:16:04.191,37.1500,41
36964191315136,10:16:04.191,37.1500,99
36964484409854,10:16:04.484,37.1500,1
36964484409854,10:16:04.484,37.1500,59
36964484409854,10:16:04.484,37.1500,40
36964486472511,10:16:04.486,37.1500,60
36964486472511,10:16:04.486,37.1500,3
36964486472511,10:16:04.486,37.1500,36
36965270644552,10:16:05.270,37.1200,11
36965270644552,10:16:05.270,37.1200,108
36965270644552,10:16:05.270,37.1200,100
36965270644552,10:16:05.270,37.1200,100
36965270644552,10:16:05.270,37.1200,100
36965270644552,10:16:05.270,37.1200,100
36965270644552,10:16:05.270,37.1200,100
36965270644552,10:16:05.270,37.1200,100
36965270644552,10:16:05.270,37.1200,82
36965271120384,10:16:05.271,37.1500,70
36965271132755,10:16:05.271,37.1500,30
36965271137059,10:16:05.271,37.1500,30
36965271212790,10:16:05.271,37.1500,63
36965271719384,10:16:05.271,37.1500,15
36965271719384,10:16:05.271,37.1500,40
36965271725374,10:16:05.271,37.1500,15
36965271742655,10:16:05.271,37.1500,30
36965271848872,10:16:05.271,37.1500,8
36965272066466,10:16:05.272,37.1500,7
36965272936648,10:16:05.272,37.1200,100
36965285716436,10:16:05.285,37.1100,100
36975615702395,10:16:15.615,37.1400,100
36975616201019,10:16:15.616,37.1700,3
37004500349456,10:16:44.500,37.2100,100
37019755263886,10:16:59.755,37.1400,100
37044894735591,10:17:24.894,37.1300,3
37044898198749,10:17:24.898,37.1000,100
37044898198749,10:17:24.898,37.1000,100
37044898201260,10:17:24.898,37.1000,100
37131101288996,10:18:51.101,37.1000,37
37131105541929,10:18:51.105,37.0900,300
37131105975643,10:18:51.105,37.0900,458
37131106024734,10:18:51.106,37.0900,200
37131106081986,10:18:51.106,37.0900,42
37131106081986,10:18:51.106,37.0900,50
37131122421442,10:18:51.122,37.0900,100
37131207600635,10:18:51.207,37.0700,50
37131272369329,10:18:51.272,37.0700,50
37131272369329,10:18:51.272,37.0600,200
37131272369329,10:18:51.272,37.0600,12
37131272383881,10:18:51.272,37.0600,4615
37131273362857,10:18:51.273,37.0700,1
37131273391955,10:18:51.273,37.0700,28
37131273418829,10:18:51.273,37.0700,43
37131356271183,10:18:51.356,37.0700,28
37131397193991,10:18:51.397,37.0700,100
37138577566299,10:18:58.577,37.0600,200
37138577566299,10:18:58.577,37.0500,200
37138596409923,10:18:58.596,37.0700,4
37197247895457,10:19:57.247,37.1300,79
37197247901260,10:19:57.247,37.1300,21
37197247901260,10:19:57.247,37.1300,200
37197247901260,10:19:57.247,37.1300,14
37197248273909,10:19:57.248,37.1900,111
37197248275916,10:19:57.248,37.1900,14
37197248279747,10:19:57.248,37.1900,75
37204271494628,10:20:04.271,37.1500,100
37204271494628,10:20:04.271,37.1200,100
37204271494628,10:20:04.271,37.1200,100
37204271494628,10:20:04.271,37.1200,36
37204271584176,10:20:04.271,37.1500,100
37204849535728,10:20:04.849,37.1000,100
37229374436334,10:20:29.374,37.1100,100
37229374977966,10:20:29.374,37.1200,100
37284107980085,10:21:24.107,37.1900,100
37284107980085,10:21:24.107,37.1900,100
37284107980085,10:21:24.107,37.1900,100
37289552691493,10:21:29.552,37.1800,100
37289552715158,10:21:29.552,37.1500,100
37289553214765,10:21:29.553,37.1900,100
37289554010522,10:21:29.554,37.1600,100
37289554863144,10:21:29.554,37.1900,100
37290021586873,10:21:30.021,37.2600,100
37290140688769,10:21:30.140,37.1900,100
37290140688769,10:21:30.140,37.1900,100
37290140688769,10:21:30.140,37.1900,100
37290142781226,10:21:30.142,37.1800,100
37291025498458,10:21:31.025,37.1600,100
37291025594574,10:21:31.025,37.1900,100
37291044273887,10:21:31.044,37.1500,100
37291046527806,10:21:31.046,37.1600,80
37291311055971,10:21:31.311,37.1600,20
37291311055971,10:21:31.311,37.1600,80
37291315838960,10:21:31.315,37.1600,20
37291684998575,10:21:31.684,37.1400,100
37316532446605,10:21:56.532,37.1900,66
37316532511348,10:21:56.532,37.1900,34
37382702718999,10:23:02.702,37.2300,100
37382702718999,10:23:02.702,37.2300,100
37475626651363,10:24:35.626,37.2200,100
37527599758365,10:25:27.599,37.2800,100
37529732067262,10:25:29.732,37.2800,100
37588837162358,10:26:28.837,37.3300,100
37614553612065,10:26:54.553,37.3600,100
37614553781157,10:26:54.553,37.3700,4
37717845744483,10:28:37.845,37.3500,100
37717846240156,10:28:37.846,37.3700,104
37717846240156,10:28:37.846,37.3700,196
37886383623642,10:31:26.383,37.3000,100
37886383693075,10:31:26.383,37.2900,100
37886383693075,10:31:26.383,37.2900,100
37886383693075,10:31:26.383,37.2900,100
37886383693075,10:31:26.383,37.2900,38
37886383694352,10:31:26.383,37.2900,100
37886384178906,10:31:26.384,37.2300,100
37886384874321,10:31:26.384,37.2600,100
37888445755243,10:31:28.445,37.2500,100
37944483358881,10:32:24.483,37.2800,100
37944485035573,10:32:24.485,37.3000,200
37947534145737,10:32:27.534,37.3200,100
37989432595189,10:33:09.432,37.3200,1
38018088553609,10:33:38.088,37.3800,1
38018088553609,10:33:38.088,37.3800,100
38018088553609,10:33:38.088,37.3800,200
38018088553609,10:33:38.088,37.3800,100
38018090974598,10:33:38.090,37.4000,22
38018091003229,10:33:38.091,37.4000,53
38018698020902,10:33:38.698,37.4150,100
38105623619934,10:35:05.623,37.4600,100
38105623619934,10:35:05.623,37.4600,200
38105623619934,10:35:05.623,37.4600,100
38154393802805,10:35:54.393,37.5200,12
38154393802805,10:35:54.393,37.5200,21
38154393810996,10:35:54.393,37.5200,67
38154394040987,10:35:54.394,37.5200,12
38154394566232,10:35:54.394,37.5400,400
38154451212397,10:35:54.451,37.5500,100
38166065168586,10:36:06.065,37.6300,200
38166065168586,10:36:06.065,37.6300,100
38166065751912,10:36:06.065,37.6900,100
38182296745029,10:36:22.296,37.6300,100
38182296745029,10:36:22.296,37.6300,100
38182296745029,10:36:22.296,37.6300,100
38182296745029,10:36:22.296,37.6300,100
38182296747879,10:36:22.296,37.6300,4
38182296754087,10:36:22.296,37.6300,39
38229559730654,10:37:09.559,37.6300,100
38254242225526,10:37:34.242,37.6900,3
38332304877919,10:38:52.304,37.6200,5
38415715417429,10:40:15.715,37.6500,100
38471751137847,10:41:11.751,37.6400,100
38471751550136,10:41:11.751,37.6300,100
38471752105298,10:41:11.752,37.6000,50
38475582817467,10:41:15.582,37.5900,80
38475583124749,10:41:15.583,37.5900,20
38475583124749,10:41:15.583,37.5900,36
38482314538774,10:41:22.314,37.5600,5
38494074228475,10:41:34.074,37.6200,100
38641554435244,10:44:01.554,37.6050,600
38641554738978,10:44:01.554,37.6500,100
38641554966529,10:44:01.554,37.6500,6
38641554983741,10:44:01.554,37.6500,34
38641554985464,10:44:01.554,37.6500,129
38641555015687,10:44:01.555,37.6500,67
38641555047827,10:44:01.555,37.6500,164
38641555047827,10:44:01.555,37.6500,36
38641555079137,10:44:01.555,37.6500,64
38660272005868,10:44:20.272,37.6500,200
38660272005868,10:44:20.272,37.6400,100
38660272005868,10:44:20.272,37.6400,38
38660272005868,10:44:20.272,37.6400,36
38660272005868,10:44:20.272,37.6400,100
38660272963311,10:44:20.272,37.6200,100
38660274596982,10:44:20.274,37.6000,100
38660274790997,10:44:20.274,37.6200,500
38660274790997,10:44:20.274,37.6200,200
38660274849557,10:44:20.274,37.6200,400
38720681160501,10:45:20.681,37.6900,100
38720858497214,10:45:20.858,37.7200,84
38727153530228,10:45:27.153,37.7200,100
38727153530228,10:45:27.153,37.7200,300
38752721665596,10:45:52.721,37.7200,200
38752721665596,10:45:52.721,37.7300,200
38752721665596,10:45:52.721,37.7300,100
38752721665596,10:45:52.721,37.7300,2400
38752722067930,10:45:52.722,37.7500,50
38753281010253,10:45:53.281,37.7000,200
38753281010253,10:45:53.281,37.6900,200
38753281010253,10:45:53.281,37.6900,45
38753281010253,10:45:53.281,37.6900,100
38753283581345,10:45:53.283,37.6400,58
38753283581345,10:45:53.283,37.6400,42
38753284391378,10:45:53.284,37.6400,58
38753284391378,10:45:53.284,37.6400,94
38816955844149,10:46:56.955,37.6200,85
38816955854134,10:46:56.955,37.6200,15
38816955854134,10:46:56.955,37.6200,37
38816955854134,10:46:56.955,37.6200,100
38828242095233,10:47:08.242,37.5800,100
38828242728678,10:47:08.242,37.5800,100
38948301874371,10:49:08.301,37.5700,100
38948301874371,10:49:08.301,37.5700,38
38948302551952,10:49:08.302,37.5600,100
38948302818357,10:49:08.302,37.5600,100
38948302818357,10:49:08.302,37.5600,162
38948310524398,10:49:08.310,37.6000,38
38988951928896,10:49:48.951,37.5600,100
39172381348563,10:52:52.381,37.5800,100
39215165908935,10:53:35.165,37.5600,120
39215165908935,10:53:35.165,37.5600,54
39215165908935,10:53:35.165,37.5600,23
39215165949626,10:53:35.165,37.5500,8
39248524032095,10:54:08.524,37.6000,100
39248524067016,10:54:08.524,37.6000,134
39248524091809,10:54:08.524,37.6000,66
39248524091809,10:54:08.524,37.6000,100
39248524091809,10:54:08.524,37.6000,34
39248524118517,10:54:08.524,37.6000,66
39272168135459,10:54:32.168,37.6400,100
39284263548436,10:54:44.263,37.6500,200
39305248064064,10:55:05.248,37.6700,3
39306406617305,10:55:06.406,37.6700,97
39306406617305,10:55:06.406,37.6700,3
39311818618441,10:55:11.818,37.6700,197
39311818618441,10:55:11.818,37.6700,3
39311818654553,10:55:11.818,37.6700,67
39311818794189,10:55:11.818,37.6700,30
39311820328356,10:55:11.820,37.6900,100
39311820685977,10:55:11.820,37.6800,100
39343102159935,10:55:43.102,37.7600,100
39343651363641,10:55:43.651,37.7600,100
39343652008426,10:55:43.652,37.7600,100
39344493462057,10:55:44.493,37.7800,5
39344794817493,10:55:44.794,37.7800,95
39348316544901,10:55:48.316,37.8400,18
39349036903173,10:55:49.036,37.8400,100
39414319738053,10:56:54.319,37.7900,100
39457154995068,10:57:37.154,37.8500,100
39457154995068,10:57:37.154,37.8500,100
39457155063858,10:57:37.155,37.8500,100
39458686438902,10:57:38.686,37.8500,200
39467242309578,10:57:47.242,37.8300,36
39467242309578,10:57:47.242,37.8300,100
39467242309578,10:57:47.242,37.8300,100
39467242309578,10:57:47.242,37.8300,31
39467242334735,10:57:47.242,37.8300,69
39467242334735,10:57:47.242,37.8300,64
39467242369037,10:57:47.242,37.8300,36
39467242369037,10:57:47.242,37.8300,100
39467242369037,10:57:47.242,37.8300,100
39467244163501,10:57:47.244,37.8100,100
39467247385063,10:57:47.247,37.8000,100
39467303345897,10:57:47.303,37.7800,20
39467303958102,10:57:47.303,37.7800,80
39467303958102,10:57:47.303,37.7800,20
39467303960762,10:57:47.303,37.7800,52
39467304009862,10:57:47.304,37.7800,28
39467304009862,10:57:47.304,37.7800,100
39467304009862,10:57:47.304,37.7800,72
39467304025140,10:57:47.304,37.7800,28
39473037265047,10:57:53.037,37.7700,5
39473037265047,10:57:53.037,37.7700,200
39473037269930,10:57:53.037,37.7700,100
39473037422598,10:57:53.037,37.7800,100
39504346214064,10:58:24.346,37.7700,100
39504347337633,10:58:24.347,37.7600,100
39504348187470,10:58:24.348,37.7500,200
39504348187470,10:58:24.348,37.7500,36
39543351526670,10:59:03.351,37.6300,100
39543352375737,10:59:03.352,37.6200,100
39544328015513,10:59:04.328,37.5400,50
39589694884621,10:59:49.694,37.6100,100
39589694923894,10:59:49.694,37.6100,100
39589694923894,10:59:49.694,37.6100,67
39589694940683,10:59:49.694,37.6100,33
39626676739460,11:00:26.676,37.7500,26
39626676739460,11:00:26.676,37.7500,100
39663467294836,11:01:03.467,37.8200,88
39663473166810,11:01:03.473,37.8200,16
39722867021123,11:02:02.867,37.8700,100
39722867372429,11:02:02.867,37.8800,45
39722925321556,11:02:02.925,37.8800,55
39825009194955,11:03:45.009,37.8500,36
39825009194955,11:03:45.009,37.8500,100
39825009194955,11:03:45.009,37.8500,12
39825009209527,11:03:45.009,37.8500,114
39825009209527,11:03:45.009,37.8500,86
39825009231274,11:03:45.009,37.8500,14
39825009360288,11:03:45.009,37.8400,100
39825009445556,11:03:45.009,37.8400,41
39825009451075,11:03:45.009,37.8400,18
39825009476443,11:03:45.009,37.8400,1
39825010288263,11:03:45.010,37.8200,59
39825010288263,11:03:45.010,37.8100,31
39825010596431,11:03:45.010,37.8100,444
39825010602980,11:03:45.010,37.8100,25
39825010752159,11:03:45.010,37.7900,10
39825404489699,11:03:45.404,37.7900,90
39825404489699,11:03:45.404,37.7900,7
39825404541280,11:03:45.404,37.7900,93
39825404541280,11:03:45.404,37.7900,7
39825411611511,11:03:45.411,37.7900,93
39835114100256,11:03:55.114,37.8100,100
39835114649002,11:03:55.114,37.8300,100
39835115310215,11:03:55.115,37.8600,100
39921878118027,11:05:21.878,37.8200,35
39921878118027,11:05:21.878,37.8200,7
39959613931507,11:05:59.613,37.7800,100
40030229393038,11:07:10.229,37.7500,100
40050465681777,11:07:30.465,37.7500,100
40050465720077,11:07:30.465,37.7500,35
40050465720077,11:07:30.465,37.7500,15
40050465739256,11:07:30.465,37.7500,85
40050466272313,11:07:30.466,37.7400,37
40050466282063,11:07:30.466,37.7400,63
40050467112453,11:07:30.467,37.7200,30
40050467122934,11:07:30.467,37.7200,20
40050467348955,11:07:30.467,37.7100,25
40050467572432,11:07:30.467,37.7100,75
40121587602112,11:08:41.587,37.7000,100
40122687776246,11:08:42.687,37.7300,12
40122687776246,11:08:42.687,37.7300,100
40122687776246,11:08:42.687,37.7300,100
40122687839159,11:08:42.687,37.7200,100
40122688013189,11:08:42.688,37.7300,100
40122688214692,11:08:42.688,37.7300,100
40161476749891,11:09:21.476,37.7700,53
40161476771052,11:09:21.476,37.7700,47
40164020660321,11:09:24.020,37.7300,2
40164020660321,11:09:24.020,37.7300,98
40164020698307,11:09:24.020,37.7300,2
40164021576716,11:09:24.021,37.7300,100
40164021883604,11:09:24.021,37.7300,100
40164022614625,11:09:24.022,37.7300,36
40164023974006,11:09:24.023,37.7300,64
40164672431153,11:09:24.672,37.7500,100
40164672669109,11:09:24.672,37.7500,100
40164672703127,11:09:24.672,37.7500,100
40164674778421,11:09:24.674,37.7500,100
40187066030142,11:09:47.066,37.7600,36
40187962600707,11:09:47.962,37.7400,100
40249958892634,11:10:49.958,37.7200,100
40249958936532,11:10:49.958,37.7200,136
40249958943584,11:10:49.958,37.7200,63
40249958989632,11:10:49.958,37.7200,100
40249959041988,11:10:49.959,37.7200,200
40249959104911,11:10:49.959,37.7200,1
40249959104911,11:10:49.959,37.7200,35
40249959104911,11:10:49.959,37.7200,34
40249960887683,11:10:49.960,37.7100,100
40249964188336,11:10:49.964,37.6900,100
40401806640333,11:13:21.806,37.6600,100
40401806640333,11:13:21.806,37.6600,36
40401806640333,11:13:21.806,37.6600,64
40401806710088,11:13:21.806,37.6600,36
40401806710088,11:13:21.806,37.6600,41
40401807464694,11:13:21.807,37.6400,61
40409046270631,11:13:29.046,37.6300,100
40409046270631,11:13:29.046,37.6300,100
40427036100186,11:13:47.036,37.6200,100
40427036141396,11:13:47.036,37.6200,100
40427036141396,11:13:47.036,37.6200,100
40427036180945,11:13:47.036,37.6300,100
40427036180945,11:13:47.036,37.6300,51
40427036181882,11:13:47.036,37.6300,49
40427037808876,11:13:47.037,37.6500,100
40444074016376,11:14:04.074,37.6800,100
40616656970193,11:16:56.656,37.7300,1
40616656970193,11:16:56.656,37.7300,99
40616656971802,11:16:56.656,37.7300,1
40616656971802,11:16:56.656,37.7300,100
40616657358170,11:16:56.657,37.7100,100
40659860561420,11:17:39.860,37.6800,200
40659860561420,11:17:39.860,37.6700,100
40659872975353,11:17:39.872,37.6700,100
40659872975353,11:17:39.872,37.6700,100
40659873332990,11:17:39.873,37.6600,100
40659873332990,11:17:39.873,37.6600,100
40659874030703,11:17:39.874,37.6500,27
40688064064039,11:18:08.064,37.6500,1
40688064064039,11:18:08.064,37.6500,36
40688065451467,11:18:08.065,37.6400,62
40719708287905,11:18:39.708,37.6400,38
40796269892420,11:19:56.269,37.6100,100
40796270434485,11:19:56.270,37.6100,100
40813777353610,11:20:13.777,37.6100,100
40813777383396,11:20:13.777,37.6200,100
40849465154067,11:20:49.465,37.6600,1
40849465967878,11:20:49.465,37.6500,23
40849466275603,11:20:49.466,37.6400,1
40908682412971,11:21:48.682,37.6500,1
40908683224306,11:21:48.683,37.6500,24
40909452311991,11:21:49.452,37.6500,76
40912943067298,11:21:52.943,37.6500,100
40912943976270,11:21:52.943,37.6400,100
40912945059630,11:21:52.945,37.6300,3
40912945059630,11:21:52.945,37.6300,50
40912945126508,11:21:52.945,37.6200,100
40912945184779,11:21:52.945,37.6100,100
40922023425832,11:22:02.023,37.6000,100
40922023461214,11:22:02.023,37.6000,37
40922023865961,11:22:02.023,37.6000,62
40927734803407,11:22:07.734,37.6000,1
40968682207657,11:22:48.682,37.5900,1
41020064462097,11:23:40.064,37.6000,1
41020676142827,11:23:40.676,37.5900,1
41047212533976,11:24:07.212,37.6000,88
41047212551189,11:24:07.212,37.6000,12
41047212551189,11:24:07.212,37.6000,100
41047212551189,11:24:07.212,37.6000,76
41047212554744,11:24:07.212,37.6000,24
41047212826106,11:24:07.212,37.6100,100
41047212878402,11:24:07.212,37.6100,100
41047212967512,11:24:07.212,37.6100,100
41047212967512,11:24:07.212,37.6100,200
41047213901536,11:24:07.213,37.6200,8
41047214156928,11:24:07.214,37.6200,92
41047215056746,11:24:07.215,37.6200,200
41047215056746,11:24:07.215,37.6200,20
41047215079497,11:24:07.215,37.6200,76
41047216182186,11:24:07.216,37.6100,100
41112090763454,11:25:12.090,37.6100,1
41112091245476,11:25:12.091,37.6000,100
41112091245476,11:25:12.091,37.6000,394
41112091278501,11:25:12.091,37.6000,6
41112091278501,11:25:12.091,37.6000,9
41112091278501,11:25:12.091,37.6000,18
41112091285761,11:25:12.091,37.6000,82
41127401499393,11:25:27.401,37.6100,200
41127401499393,11:25:27.401,37.6100,1
41137211544745,11:25:37.211,37.6300,99
41137211560471,11:25:37.211,37.6300,1
41137211560471,11:25:37.211,37.6300,100
41137212915630,11:25:37.212,37.6400,5
41137715274607,11:25:37.715,37.6500,100
41142138761166,11:25:42.138,37.6500,36
41152680949096,11:25:52.680,37.6700,1
41223685930101,11:27:03.685,37.6900,100
41223685976965,11:27:03.685,37.7000,26
41223686238616,11:27:03.686,37.7000,26
41223686274915,11:27:03.686,37.7000,62
41223686706184,11:27:03.686,37.7000,100
41223686756537,11:27:03.686,37.7000,186
41223686756537,11:27:03.686,37.7000,14
41223686836181,11:27:03.686,37.7000,186
41223686983100,11:27:03.686,37.6900,500
41239780605382,11:27:19.780,37.7000,1
41239781693494,11:27:19.781,37.6800,100
41239781693494,11:27:19.781,37.6800,100
41239781728393,11:27:19.781,37.6800,313
41239781745483,11:27:19.781,37.6800,87
41239781745483,11:27:19.781,37.6800,3
41273682099987,11:27:53.682,37.6800,1
41275449751096,11:27:55.449,37.6600,100
41275449751096,11:27:55.449,37.6600,35
41275449751096,11:27:55.449,37.6600,65
41297298518917,11:28:17.298,37.6600,1
41297299224905,11:28:17.299,37.6400,100
41297299453748,11:28:17.299,37.6400,51
41297299453748,11:28:17.299,37.6400,35
41298341995463,11:28:18.341,37.6200,100
41298342229682,11:28:18.342,37.6200,50
41298342242905,11:28:18.342,37.6100,100
41336683277114,11:28:56.683,37.6700,1
41355263816453,11:29:15.263,37.6200,100
41355264252951,11:29:15.264,37.6200,100
41355300789848,11:29:15.300,37.5900,100
41370107153879,11:29:30.107,37.5800,1
41370107153879,11:29:30.107,37.5800,2
41370107424452,11:29:30.107,37.5700,100
41376838736573,11:29:36.838,37.5400,100
41398071389705,11:29:58.071,37.5500,38
41398071390342,11:29:58.071,37.5500,1
41403727883070,11:30:03.727,37.5600,100
41456681182000,11:30:56.681,37.5500,1
41487607513646,11:31:27.607,37.5800,100
41487607513646,11:31:27.607,37.5800,100
41487607613107,11:31:27.607,37.5900,100
41487607670019,11:31:27.607,37.5900,14
41487607866224,11:31:27.607,37.6000,194
41487607872721,11:31:27.607,37.6000,6
41487607873939,11:31:27.607,37.6100,100
41518681321276,11:31:58.681,37.6200,1
41522283001996,11:32:02.283,37.6000,100
41577277217622,11:32:57.277,37.5700,36
41577277217622,11:32:57.277,37.5600,64
41577277258032,11:32:57.277,37.5600,36
41577277258032,11:32:57.277,37.5600,1
41577277614858,11:32:57.277,37.5600,5
41577277636581,11:32:57.277,37.5600,94
41640119095797,11:34:00.119,37.5900,100
41640119095797,11:34:00.119,37.5900,34
41640119359874,11:34:00.119,37.6000,14
41640119446667,11:34:00.119,37.6000,59
41640119696887,11:34:00.119,37.6000,27
41640119696887,11:34:00.119,37.6000,48
41644711128441,11:34:04.711,37.6100,1
41644711334389,11:34:04.711,37.6000,1
41727151633219,11:35:27.151,37.6000,1
41727152717664,11:35:27.152,37.5900,7
41727152717664,11:35:27.152,37.5900,85
41727152756721,11:35:27.152,37.5800,100
41735605378915,11:35:35.605,37.5600,51
41735609245308,11:35:35.609,37.5400,100
41735609245308,11:35:35.609,37.5400,100
41735609289765,11:35:35.609,37.5300,25
41735609514715,11:35:35.609,37.5300,75
41735610403021,11:35:35.610,37.5200,100
41735617453582,11:35:35.617,37.5400,2
41773440264524,11:36:13.440,37.5100,100
41788059900672,11:36:28.059,37.5000,48
41788059900672,11:36:28.059,37.5000,37
41788059900672,11:36:28.059,37.5000,15
41808430430276,11:36:48.430,37.5000,85
41808430430276,11:36:48.430,37.4900,15
41808430439526,11:36:48.430,37.4900,48
41808430451055,11:36:48.430,37.4900,37
41808430451055,11:36:48.430,37.4900,63
41808430471650,11:36:48.430,37.4900,37
41883686736147,11:38:03.686,37.4900,1
41944690544731,11:39:04.690,37.4900,1
41944733085943,11:39:04.733,37.4700,38
41944733931888,11:39:04.733,37.4700,2
41965093633458,11:39:25.093,37.5000,1
42027150307940,11:40:27.150,37.4800,100
42048146591175,11:40:48.146,37.4800,10
42117136365797,11:41:57.136,37.5200,100
42117136418887,11:41:57.136,37.5200,100
42117136502153,11:41:57.136,37.5200,15
42117136505557,11:41:57.136,37.5200,32
42117136528888,11:41:57.136,37.5200,53
42185734983986,11:43:05.734,37.5600,100
42210221369316,11:43:30.221,37.5500,1
42210222460246,11:43:30.222,37.5300,20
42210222460246,11:43:30.222,37.5300,80
42210222499656,11:43:30.222,37.5300,20
42210222499656,11:43:30.222,37.5200,57
42210222536272,11:43:30.222,37.5100,57
42210222569662,11:43:30.222,37.5100,43
42251694833378,11:44:11.694,37.5700,1
42254021550295,11:44:14.021,37.5700,3
42254021984791,11:44:14.021,37.5700,59
42254753964706,11:44:14.753,37.5700,38
42254753964706,11:44:14.753,37.5700,62
42254753971965,11:44:14.753,37.5700,38
42255747857026,11:44:15.747,37.5700,100
42301186222547,11:45:01.186,37.5900,45
42301186270237,11:45:01.186,37.5900,55
42301186270237,11:45:01.186,37.5900,100
42301188930647,11:45:01.188,37.6000,100
42301188937273,11:45:01.188,37.6000,38
42301188962517,11:45:01.188,37.6000,162
42311687380222,11:45:11.687,37.6000,1
42311689135235,11:45:11.689,37.5900,1
42371716002696,11:46:11.716,37.5900,1
42378516500212,11:46:18.516,37.6100,200
42389317449219,11:46:29.317,37.5800,39
42389317449219,11:46:29.317,37.5800,100
42389317449219,11:46:29.317,37.5800,61
42389317493596,11:46:29.317,37.5800,39
42389317536830,11:46:29.317,37.5800,10
42434223941067,11:47:14.223,37.5900,1
42434231613414,11:47:14.231,37.5800,7
42434231613414,11:47:14.231,37.5800,53
42434231617589,11:47:14.231,37.5800,47
42504096325779,11:48:24.096,37.5700,1
42504097161162,11:48:24.097,37.5500,100
42504097161162,11:48:24.097,37.5500,100
42614186292838,11:50:14.186,37.5100,100
42614186292838,11:50:14.186,37.5100,27
42614186307541,11:50:14.186,37.5100,13
42615426973199,11:50:15.426,37.4800,100
42637324855023,11:50:37.324,37.4600,20
42637324855023,11:50:37.324,37.4500,100
42637324855023,11:50:37.324,37.4500,4
42637324855023,11:50:37.324,37.4500,100
42637335792331,11:50:37.335,37.4300,100
42675870189796,11:51:15.870,37.4000,1
42677491567898,11:51:17.491,37.4100,100
42677502767264,11:51:17.502,37.4200,100
42677502767264,11:51:17.502,37.4200,100
42677502767264,11:51:17.502,37.4200,200
42677503015586,11:51:17.503,37.4300,64
42677503048552,11:51:17.503,37.4300,36
42738684201558,11:52:18.684,37.4200,1
42775105916344,11:52:55.105,37.4400,1
42798682068029,11:53:18.682,37.4400,1
42814338300250,11:53:34.338,37.4600,51
42814338321972,11:53:34.338,37.4600,49
42814339410165,11:53:34.339,37.4700,100
42859681087672,11:54:19.681,37.5000,1
42859786397503,11:54:19.786,37.5200,100
42878190587016,11:54:38.190,37.4700,100
42878190587016,11:54:38.190,37.4700,40
42878190587016,11:54:38.190,37.4700,100
42878190638353,11:54:38.190,37.4500,100
42920681644382,11:55:20.681,37.4600,1
42920681644382,11:55:20.681,37.4600,1
42920681670209,11:55:20.681,37.4600,15
42920682080999,11:55:20.682,37.4600,84
42981727988713,11:56:21.727,37.4500,1
43013654456399,11:56:53.654,37.4700,100
43013654726118,11:56:53.654,37.4900,13
43013654811588,11:56:53.654,37.4900,87
43013943458268,11:56:53.943,37.4500,1
43042323688203,11:57:22.323,37.4400,12
43042323688203,11:57:22.323,37.4400,100
43042323920234,11:57:22.323,37.4300,100
43113170007309,11:58:33.170,37.4400,2
43195062677033,11:59:55.062,37.4300,1
43195064101036,11:59:55.064,37.4100,27
43244098371779,12:00:44.098,37.4300,1
43287268145031,12:01:27.268,37.4200,2
43287268145031,12:01:27.268,37.4200,100
43287269565565,12:01:27.269,37.4300,100
43288028980717,12:01:28.028,37.4500,100
43288028980717,12:01:28.028,37.4500,68
43300912716011,12:01:40.912,37.4100,100
43356747347342,12:02:36.747,37.4500,100
43356747347342,12:02:36.747,37.4500,100
43356748052396,12:02:36.748,37.4600,100
43356748052396,12:02:36.748,37.4600,100
43356748083212,12:02:36.748,37.4600,21
43356748113482,12:02:36.748,37.4600,158
43356748153194,12:02:36.748,37.4600,21
43356748994985,12:02:36.748,37.4700,100
43356831352775,12:02:36.831,37.4800,100
43356839237760,12:02:36.839,37.4700,15
43356845802522,12:02:36.845,37.4800,6
43356845832501,12:02:36.845,37.4800,94
43356943195984,12:02:36.943,37.5050,60
43357692378770,12:02:37.692,37.5000,1
43408062367875,12:03:28.062,37.4900,1
43408062367875,12:03:28.062,37.4900,99
43423205462403,12:03:43.205,37.4800,100
43423205503510,12:03:43.205,37.4800,43
43423205521013,12:03:43.205,37.4800,90
43423207199999,12:03:43.207,37.4700,100
43423207671414,12:03:43.207,37.4700,10
43423276541783,12:03:43.276,37.4700,100
43470022513782,12:04:30.022,37.5200,2
43503371761288,12:05:03.371,37.5200,57
43503371761288,12:05:03.371,37.5200,100
43529015232946,12:05:29.015,37.5100,1
43532150984632,12:05:32.150,37.4800,100
43532150995698,12:05:32.150,37.4700,1
43532150995698,12:05:32.150,37.4700,100
43555597879861,12:05:55.597,37.4600,42
43555597879861,12:05:55.597,37.4600,58
43555597910438,12:05:55.597,37.4600,42
43555597917766,12:05:55.597,37.4600,20
43583416948096,12:06:23.416,37.4500,54
43583416948096,12:06:23.416,37.4500,46
43583416982302,12:06:23.416,37.4500,54
43627459692085,12:07:07.459,37.4500,100
43627460118212,12:07:07.460,37.4500,100
43650009039293,12:07:30.009,37.4800,1
43655967575492,12:07:35.967,37.4400,5
43655968669870,12:07:35.968,37.4300,5
43655968669870,12:07:35.968,37.4300,1
43655988319302,12:07:35.988,37.4200,10
43668150184744,12:07:48.150,37.4700,100
43668150783845,12:07:48.150,37.4800,15
43668151218452,12:07:48.151,37.4800,34
43668151224621,12:07:48.151,37.4800,51
43710368073882,12:08:30.368,37.5100,1
43752420592148,12:09:12.420,37.5200,100
43752420592148,12:09:12.420,37.5200,18
43752421464882,12:09:12.421,37.5300,100
43752422080589,12:09:12.422,37.5300,1
43774481179056,12:09:34.481,37.5100,1
43804077024700,12:10:04.077,37.5300,6
43804077058641,12:10:04.077,37.5300,93
43804077058641,12:10:04.077,37.5300,200
43804077058641,12:10:04.077,37.5300,100
43829031918673,12:10:29.031,37.5600,1
43854081870447,12:10:54.081,37.5700,1
43888015135780,12:11:28.015,37.5700,1
43897200564748,12:11:37.200,37.5400,100
43897200603308,12:11:37.200,37.5400,100
43897200626858,12:11:37.200,37.5300,70
43897200751193,12:11:37.200,37.5300,30
43897203117567,12:11:37.203,37.5200,100
43950019635671,12:12:30.019,37.5600,1
43986408563895,12:13:06.408,37.5500,1
43986409786772,12:13:06.409,37.5300,40
43986409786772,12:13:06.409,37.5300,60
43986409822355,12:13:06.409,37.5300,40
43986409822355,12:13:06.409,37.5300,15
43986409850366,12:13:06.409,37.5300,85
44068011641876,12:14:28.011,37.5400,1
44124067083201,12:15:24.067,37.5400,1
44134156348561,12:15:34.156,37.5400,1
44159199223220,12:15:59.199,37.5100,43
44159199223220,12:15:59.199,37.5100,100
44159199223220,12:15:59.199,37.5100,100
44188194023051,12:16:28.194,37.5500,100
44188194037729,12:16:28.194,37.5500,56
44188196736565,12:16:28.196,37.5500,23
44188196745877,12:16:28.196,37.5500,55
44188196747850,12:16:28.196,37.5500,55
44188196797075,12:16:28.196,37.5500,13
44190012809696,12:16:30.012,37.5800,1
44190012809696,12:16:30.012,37.5800,99
44190013041883,12:16:30.013,37.5800,1
44190013041883,12:16:30.013,37.5800,4
44190013247595,12:16:30.013,37.5800,2
44190013251189,12:16:30.013,37.5800,4
44243704699870,12:17:23.704,37.5200,100
44274703146107,12:17:54.703,37.5000,14
44274703146107,12:17:54.703,37.5000,86
44320640214958,12:18:40.640,37.5200,1
44320640214958,12:18:40.640,37.5200,32
44320641316841,12:18:40.641,37.5100,100
44320641316841,12:18:40.641,37.5100,32
44320641316841,12:18:40.641,37.5100,68
44320641353767,12:18:40.641,37.5100,19
44320641383072,12:18:40.641,37.5100,13
44370022703719,12:19:30.022,37.5300,1
44371803746830,12:19:31.803,37.5400,100
44372806242167,12:19:32.806,37.5400,100
44377371682132,12:19:37.371,37.5500,400
44377371682132,12:19:37.371,37.5500,300
44384617572514,12:19:44.617,37.5700,100
44395063678374,12:19:55.063,37.5500,1
44431011281075,12:20:31.011,37.5700,1
44458217632652,12:20:58.217,37.5400,100
44458217632652,12:20:58.217,37.5400,45
44462542346181,12:21:02.542,37.5600,100
44462543996712,12:21:02.543,37.5600,1
44463907673368,12:21:03.907,37.5600,100
44463907710419,12:21:03.907,37.5600,5
44463907745377,12:21:03.907,37.5600,94
44463908836631,12:21:03.908,37.5700,200
44463908871923,12:21:03.908,37.5700,55
44463908898580,12:21:03.908,37.5700,45
44488010365433,12:21:28.010,37.5800,1
44537164549405,12:22:17.164,37.6600,100
44537164615072,12:22:17.164,37.6600,100
44542072283801,12:22:22.072,37.6800,1
44547582251304,12:22:27.582,37.7000,100
44547627002217,12:22:27.627,37.7000,100
44561598394593,12:22:41.598,37.6800,1
44561599484933,12:22:41.599,37.6600,100
44561599516351,12:22:41.599,37.6600,100
44561599516351,12:22:41.599,37.6600,100
44561599521538,12:22:41.599,37.6600,100
44561599521538,12:22:41.599,37.6600,10
44561599521538,12:22:41.599,37.6500,1
44561599521538,12:22:41.599,37.6500,100
44562305475152,12:22:42.305,37.6400,3
44569026557475,12:22:49.026,37.6200,100
44569118463109,12:22:49.118,37.6000,5
44608013683336,12:23:28.013,37.6000,1
44628035329919,12:23:48.035,37.5800,5
44628035329919,12:23:48.035,37.5800,95
44628035356857,12:23:48.035,37.5800,5
44628036439706,12:23:48.036,37.5700,5
44655018982690,12:24:15.018,37.6200,100
44669007498542,12:24:29.007,37.6600,1
44689090148073,12:24:49.090,37.6400,100
44689090168721,12:24:49.090,37.6300,100
44728012303053,12:25:28.012,37.6200,2
44761231272784,12:26:01.231,37.6500,20
44788010391908,12:26:28.010,37.6200,3
44788011596085,12:26:28.011,37.6200,1
44800264318760,12:26:40.264,37.6100,1
44817177565570,12:26:57.177,37.6000,46
44817177565570,12:26:57.177,37.5900,38
44848021059323,12:27:28.021,37.5900,1
44891835268305,12:28:11.835,37.5900,3
44908013343607,12:28:28.013,37.5900,1
44934063928865,12:28:54.063,37.5900,1
44966243210122,12:29:26.243,37.5900,3
44968013275002,12:29:28.013,37.5900,1
44997686183997,12:29:57.686,37.5700,53
45000411896775,12:30:00.411,37.5700,47
45000411896775,12:30:00.411,37.5700,52
45000411933637,12:30:00.411,37.5700,48
45000411933637,12:30:00.411,37.5700,54
45000411933637,12:30:00.411,37.5700,4
45000412347702,12:30:00.412,37.5700,96
45015058283823,12:30:15.058,37.6100,2
45015058304369,12:30:15.058,37.6100,98
45015058304369,12:30:15.058,37.6100,2
45015058308678,12:30:15.058,37.6100,52
45015058647151,12:30:15.058,37.6100,1
45015058663154,12:30:15.058,37.6100,200
45015058698330,12:30:15.058,37.6100,45
45045336449546,12:30:45.336,37.5700,1
45045336449546,12:30:45.336,37.5700,50
45045337547094,12:30:45.337,37.5600,2
45045337547094,12:30:45.337,37.5600,31
45083261765776,12:31:23.261,37.5900,100
45083262225867,12:31:23.262,37.5900,100
45083265228640,12:31:23.265,37.6200,100
45083944858166,12:31:23.944,37.6200,3
45083944858166,12:31:23.944,37.6200,97
45083944898476,12:31:23.944,37.6200,3
45091014204922,12:31:31.014,37.6200,1
45125462642061,12:32:05.462,37.5900,3
45125462642061,12:32:05.462,37.5900,2
45125462642061,12:32:05.462,37.5900,47
45125462642061,12:32:05.462,37.5900,48
45125462675807,12:32:05.462,37.5900,52
45126968888262,12:32:06.968,37.5700,100
45126969964009,12:32:06.969,37.5600,100
45126970014222,12:32:06.970,37.5500,10
45126970014222,12:32:06.970,37.5500,90
45126970044391,12:32:06.970,37.5500,10
45126970044391,12:32:06.970,37.5500,100
45143593731981,12:32:23.593,37.5600,53
45143593748948,12:32:23.593,37.5600,47
45143593748948,12:32:23.593,37.5600,2
45143593752506,12:32:23.593,37.5600,31
45149964653344,12:32:29.964,37.5300,10
45149964653344,12:32:29.964,37.5300,60
45149964937625,12:32:29.964,37.5200,1
45150015005248,12:32:30.015,37.5000,10
45150015069707,12:32:30.015,37.4900,5
45215718986953,12:33:35.718,37.5200,3
45215718986953,12:33:35.718,37.5200,58
45215720300425,12:33:35.720,37.5100,3
45215722867050,12:33:35.722,37.5000,56
45217081606547,12:33:37.081,37.4800,10
45217081678476,12:33:37.081,37.4700,4
45217081686777,12:33:37.081,37.4700,6
45217081937954,12:33:37.081,37.4600,5
45257829188441,12:34:17.829,37.4700,3
45257829188441,12:34:17.829,37.4700,32
45265413214259,12:34:25.413,37.4500,1
45268016064088,12:34:28.016,37.4700,1
45295386229278,12:34:55.386,37.4400,100
45310411919316,12:35:10.411,37.4100,5
45310411919316,12:35:10.411,37.4100,2
45310413015272,12:35:10.413,37.4000,5
45310413015272,12:35:10.413,37.4000,100
45320142265526,12:35:20.142,37.3800,5
45320142265526,12:35:20.142,37.3800,100
45324373619130,12:35:24.373,37.3600,5
45354436670896,12:35:54.436,37.3500,5
45354436670896,12:35:54.436,37.3500,3
45357257350088,12:35:57.257,37.3800,100
45387784967787,12:36:27.784,37.3500,1
45387784967787,12:36:27.784,37.3500,51
45387785629509,12:36:27.785,37.3400,38
45387785679196,12:36:27.785,37.3400,200
45387785711773,12:36:27.785,37.3400,52
45387785722635,12:36:27.785,37.3400,100
45387785743374,12:36:27.785,37.3400,10
45387785743374,12:36:27.785,37.3400,5
45387798462427,12:36:27.798,37.3700,100
45387798462427,12:36:27.798,37.3700,100
45387798462427,12:36:27.798,37.3700,100
45387798462427,12:36:27.798,37.3700,200
45388800532584,12:36:28.800,37.3700,100
45525571423288,12:38:45.571,37.3700,1
45525571423288,12:38:45.571,37.3700,2
45652833953554,12:40:52.833,37.4000,100
45652833953554,12:40:52.833,37.4000,100
45652834471489,12:40:52.834,37.4100,100
45652834471489,12:40:52.834,37.4100,69
45652834505663,12:40:52.834,37.4100,25
45652834509758,12:40:52.834,37.4100,6
45652834509758,12:40:52.834,37.4100,58
45652834510527,12:40:52.834,37.4100,103
45652834517806,12:40:52.834,37.4100,3
45652834527237,12:40:52.834,37.4100,436
45653047693788,12:40:53.047,37.4500,1
45653047846606,12:40:53.047,37.4400,1
45653047988797,12:40:53.047,37.4400,100
45653050750225,12:40:53.050,37.4350,99
45653050750225,12:40:53.050,37.4350,1
45653234048698,12:40:53.234,37.4350,64
45684830036300,12:41:24.830,37.4300,3
45702592859044,12:41:42.592,37.4400,100
45702592859044,12:41:42.592,37.4400,200
45702593040174,12:41:42.593,37.4500,3
45702593089358,12:41:42.593,37.4500,97
45706341835934,12:41:46.341,37.4600,1
45739045835927,12:42:19.045,37.4500,1
45739178865764,12:42:19.178,37.4700,100
45829971297393,12:43:49.971,37.4600,3
45841416350031,12:44:01.416,37.4400,100
45841416350031,12:44:01.416,37.4400,1
45841417994912,12:44:01.417,37.4400,100
45841421260526,12:44:01.421,37.4400,14
45928824852195,12:45:28.824,37.4500,100
45928829016888,12:45:28.829,37.4600,10
45928870011206,12:45:28.870,37.4900,3
45929022544033,12:45:29.022,37.4900,1
45942680088882,12:45:42.680,37.4500,100
45942680088882,12:45:42.680,37.4500,29
45942680088882,12:45:42.680,37.4500,71
45942680114617,12:45:42.680,37.4500,8
45942680114617,12:45:42.680,37.4500,92
45942680345930,12:45:42.680,37.4500,8
45947667558547,12:45:47.667,37.4300,100
45947847358995,12:45:47.847,37.4000,100
45947847358995,12:45:47.847,37.4000,100
45959226044530,12:45:59.226,37.3900,5
45959226044530,12:45:59.226,37.3900,52
45984011328188,12:46:24.011,37.3800,5
45984011328188,12:46:24.011,37.3800,3
45984011328188,12:46:24.011,37.3800,52
45984278606413,12:46:24.278,37.3600,1
45984278606413,12:46:24.278,37.3600,9
45984278628158,12:46:24.278,37.3500,100
45984278628158,12:46:24.278,37.3500,20
46070022764567,12:47:50.022,37.3500,1
46070022764567,12:47:50.022,37.3500,3
46120754559671,12:48:40.754,37.3700,24
46120754602292,12:48:40.754,37.3800,13
46120754827942,12:48:40.754,37.3800,50
46120754876186,12:48:40.754,37.3800,37
46120754876186,12:48:40.754,37.3800,80
46120754888788,12:48:40.754,37.3800,20
46120755562074,12:48:40.755,37.3800,1000
46120756292028,12:48:40.756,37.3800,39
46120756295257,12:48:40.756,37.3800,52
46120756320615,12:48:40.756,37.3800,108
46120756486003,12:48:40.756,37.3800,201
46121018994387,12:48:41.018,37.4300,3
46122030685080,12:48:42.030,37.4300,1
46122030767746,12:48:42.030,37.4200,100
46122033352369,12:48:42.033,37.4100,100
46122033581258,12:48:42.033,37.4100,100
46127674272519,12:48:47.674,37.3700,198
46127674272519,12:48:47.674,37.3700,100
46168012846706,12:49:28.012,37.3700,2
46244582718573,12:50:44.582,37.3400,3
46244583345444,12:50:44.583,37.3300,5
46244583345444,12:50:44.583,37.3300,1
46273471547479,12:51:13.471,37.3400,100
46279646057992,12:51:19.646,37.3200,1
46279646057992,12:51:19.646,37.3100,5
46279646057992,12:51:19.646,37.3100,94
46288520554912,12:51:28.520,37.3300,100
46289794378136,12:51:29.794,37.3400,100
46290765650256,12:51:30.765,37.3500,100
46293008200295,12:51:33.008,37.3600,3
46293016528943,12:51:33.016,37.3600,1
46302659109472,12:51:42.659,37.3500,100
46302659147045,12:51:42.659,37.3500,53
46314653737326,12:51:54.653,37.3400,100
46314653774940,12:51:54.653,37.3400,48
46314654176726,12:51:54.654,37.3400,52
46361585307543,12:52:41.585,37.3500,1
46361585307543,12:52:41.585,37.3500,3
46361585307543,12:52:41.585,37.3300,96
46374819189231,12:52:54.819,37.3600,90
46374819227714,12:52:54.819,37.3600,10
46374819227714,12:52:54.819,37.3600,100
46393558188878,12:53:13.558,37.3500,19
46393558904647,12:53:13.558,37.3300,4
46393558904647,12:53:13.558,37.3300,100
46404355774246,12:53:24.355,37.3500,53
46404355775602,12:53:24.355,37.3500,47
46404373267281,12:53:24.373,37.3800,11
46466646489335,12:54:26.646,37.3200,1
46466646489335,12:54:26.646,37.3200,3
46466646489335,12:54:26.646,37.3200,53
46489733841238,12:54:49.733,37.3200,1
46489733841238,12:54:49.733,37.3200,99
46495931415233,12:54:55.931,37.3100,6
46495931415233,12:54:55.931,37.3000,1
46495932329897,12:54:55.932,37.2900,2
46495932329897,12:54:55.932,37.2900,8
46512663712250,12:55:12.663,37.3200,1
46512663712250,12:55:12.663,37.3200,99
46512664063334,12:55:12.664,37.3200,1
46536660683159,12:55:36.660,37.2900,3
46536660683159,12:55:36.660,37.2900,1
46536660712384,12:55:36.660,37.2800,5
46536661029536,12:55:36.661,37.2700,43
46536661840887,12:55:36.661,37.2600,10
46536661840887,12:55:36.661,37.2600,56
46536662344154,12:55:36.662,37.2600,400
46536663062535,12:55:36.663,37.2600,144
46536663062535,12:55:36.663,37.2600,100
46545369510390,12:55:45.369,37.2400,10
46569257395708,12:56:09.257,37.2400,100
46569257441118,12:56:09.257,37.2400,5
46569265200146,12:56:09.265,37.2400,3
46570271834392,12:56:10.271,37.2800,100
46570300576731,12:56:10.300,37.3000,100
46589013975649,12:56:29.013,37.3500,1
46589013975649,12:56:29.013,37.3500,100
46589014539546,12:56:29.014,37.3400,3
46602072623826,12:56:42.072,37.3300,11
46602072623826,12:56:42.072,37.3300,100
46602073078591,12:56:42.073,37.3200,2
46602073081061,12:56:42.073,37.3200,22
46602073113918,12:56:42.073,37.3200,52
46602073114583,12:56:42.073,37.3200,24
46667455323522,12:57:47.455,37.3600,100
46667455323522,12:57:47.455,37.3600,100
46667455403226,12:57:47.455,37.3600,100
46667457434192,12:57:47.457,37.3800,100
46668016430642,12:57:48.016,37.3900,1
46668016430642,12:57:48.016,37.3900,99
46668016469399,12:57:48.016,37.3900,1
46668018413902,12:57:48.018,37.3900,3
46690804151545,12:58:10.804,37.4000,72
46690804154502,12:58:10.804,37.4000,28
46690901170859,12:58:10.901,37.4400,100
46690901170859,12:58:10.901,37.4400,56
46690901220915,12:58:10.901,37.4400,44
46691041456776,12:58:11.041,37.4500,1
46694195571762,12:58:14.195,37.4100,1
46694195571762,12:58:14.195,37.4100,99
46694195612068,12:58:14.195,37.4100,1
46694195612068,12:58:14.195,37.4100,1
46694195800995,12:58:14.195,37.4100,5
46694196009494,12:58:14.196,37.4100,2
46694196012873,12:58:14.196,37.4100,5
46708257549423,12:58:28.257,37.3500,10
46708257549423,12:58:28.257,37.3400,1
46708257579062,12:58:28.257,37.3400,2
46770617553006,12:59:30.617,37.3800,1
46770618117483,12:59:30.618,37.3500,22
46770618130291,12:59:30.618,37.3500,7
46770618150274,12:59:30.618,37.3500,2
46770618151696,12:59:30.618,37.3500,52
46770618161186,12:59:30.618,37.3500,17
46805081494268,13:00:05.081,37.3200,5
46805081589281,13:00:05.081,37.3000,5
46840492332420,13:00:40.492,37.2800,5
46840492332420,13:00:40.492,37.2800,70
46840492442514,13:00:40.492,37.2700,5
46840492442514,13:00:40.492,37.2700,55
46840492442514,13:00:40.492,37.2700,40
46840493329479,13:00:40.493,37.2700,10
46840493329479,13:00:40.493,37.2700,90
46840493669006,13:00:40.493,37.2700,10
46895681392231,13:01:35.681,37.3100,69
46895681908524,13:01:35.681,37.3100,31
46924264399898,13:02:04.264,37.2900,1
46924264399898,13:02:04.264,37.2900,99
46924264439117,13:02:04.264,37.2900,1
46924264439117,13:02:04.264,37.2900,100
46924264439117,13:02:04.264,37.2900,26
46924264453209,13:02:04.264,37.2900,24
46924264453209,13:02:04.264,37.2900,76
46924264462252,13:02:04.264,37.2900,4
46924264542587,13:02:04.264,37.2800,100
46934270840963,13:02:14.270,37.2800,57
46934271100093,13:02:14.271,37.2800,96
46934271109268,13:02:14.271,37.2800,47
46961170967952,13:02:41.170,37.2600,2
46961170967952,13:02:41.170,37.2600,98
46961171409441,13:02:41.171,37.2600,2
47002694737495,13:03:22.694,37.2400,100
47002695653789,13:03:22.695,37.2400,134
47002695653789,13:03:22.695,37.2400,52
47002695837382,13:03:22.695,37.2400,43
47002695862011,13:03:22.695,37.2400,5
47002700340063,13:03:22.700,37.2300,2
47002700340063,13:03:22.700,37.2300,73
47002700340063,13:03:22.700,37.2300,3
47014681194205,13:03:34.681,37.2200,1
47037722453384,13:03:57.722,37.2100,2
47049716594416,13:04:09.716,37.2000,1
47049716594416,13:04:09.716,37.2000,1
47049716594416,13:04:09.716,37.2000,45
47049716597629,13:04:09.716,37.2000,10
47049716822292,13:04:09.716,37.1800,100
47049717068282,13:04:09.717,37.1700,2
47072707592924,13:04:32.707,37.1600,2
47072707592924,13:04:32.707,37.1600,98
47072708032366,13:04:32.708,37.1600,2
47111963052760,13:05:11.963,37.1900,15
47132276353346,13:05:32.276,37.2000,48
47132276355380,13:05:32.276,37.2000,2
47165690033521,13:06:05.690,37.1700,8
47165690033521,13:06:05.690,37.1700,3
47177696655312,13:06:17.696,37.1600,186
47177696655312,13:06:17.696,37.1600,13
47177697755184,13:06:17.697,37.1500,2
47177697755184,13:06:17.697,37.1500,1
47177697755184,13:06:17.697,37.1500,1
47230808402959,13:07:10.808,37.1500,100
47230808402959,13:07:10.808,37.1500,100
47230808402959,13:07:10.808,37.1500,100
47235703745788,13:07:15.703,37.1500,10
47292208233265,13:08:12.208,37.1500,3
47292208233265,13:08:12.208,37.1500,1
47292208233265,13:08:12.208,37.1500,56
47321955618428,13:08:41.955,37.1300,2
47321955618428,13:08:41.955,37.1300,1
47340632101576,13:09:00.632,37.1600,100
47340632101576,13:09:00.632,37.1600,100
47340632283881,13:09:00.632,37.1800,33
47340632316720,13:09:00.632,37.1800,35
47340632514292,13:09:00.632,37.1800,32
47341709210450,13:09:01.709,37.1700,100
47341714465503,13:09:01.714,37.1600,100
47341714465503,13:09:01.714,37.1600,17
47341714465503,13:09:01.714,37.1600,83
47346852337297,13:09:06.852,37.1300,100
47364558144895,13:09:24.558,37.1500,100
47369765140326,13:09:29.765,37.1500,100
47369765140326,13:09:29.765,37.1500,50
47369765140326,13:09:29.765,37.1500,50
47369767141826,13:09:29.767,37.1500,50
47369767168005,13:09:29.767,37.1500,100
47430862766600,13:10:30.862,37.1500,1
47430862766600,13:10:30.862,37.1500,3
47440733591134,13:10:40.733,37.1800,90
47440733595307,13:10:40.733,37.1800,10
47441132319092,13:10:41.132,37.1500,100
47447559207913,13:10:47.559,37.1300,100
47491670895648,13:11:31.670,37.1400,1
47491670895648,13:11:31.670,37.1400,3
47496323834182,13:11:36.323,37.1700,70
47496323868779,13:11:36.323,37.1700,30
47496324172953,13:11:36.324,37.1800,47
47496324202026,13:11:36.324,37.1800,153
47496324966757,13:11:36.324,37.1600,1000
47497317145535,13:11:37.317,37.1600,200
47497319616443,13:11:37.319,37.1600,100
47551315930081,13:12:31.315,37.1500,1
47551315930081,13:12:31.315,37.1500,3
47551402156703,13:12:31.402,37.1800,100
47551402156703,13:12:31.402,37.1800,100
47553837317907,13:12:33.837,37.1400,100
47553837317907,13:12:33.837,37.1300,100
47558810201542,13:12:38.810,37.1300,18
47596727336384,13:13:16.727,37.1200,2
47596727336384,13:13:16.727,37.1200,1
47596727336384,13:13:16.727,37.1200,57
47620769648160,13:13:40.769,37.1100,1
47620769648160,13:13:40.769,37.1100,99
47620769685881,13:13:40.769,37.1100,1
47620769685881,13:13:40.769,37.1100,82
47632835742684,13:13:52.835,37.1100,18
47668037073797,13:14:28.037,37.1300,2
47678743993345,13:14:38.743,37.1300,1
47728022169694,13:15:28.022,37.1300,1
47728025910564,13:15:28.025,37.1300,3
47749033869834,13:15:49.033,37.1300,1
47788014861330,13:16:28.014,37.1300,1
47788019272634,13:16:28.019,37.1200,3
47790075018061,13:16:30.075,37.1000,400
47790075018061,13:16:30.075,37.1000,100
47790075018061,13:16:30.075,37.1000,57
47790076092204,13:16:30.076,37.0900,1
47790076092204,13:16:30.076,37.0900,9
47790076644263,13:16:30.076,37.0800,2
47790076644263,13:16:30.076,37.0800,100
47864791933170,13:17:44.791,37.0900,1
47899791063411,13:18:19.791,37.0700,1
47899791063411,13:18:19.791,37.0700,99
47905498401580,13:18:25.498,37.1200,49
47905498431145,13:18:25.498,37.1200,51
47905498431145,13:18:25.498,37.1200,100
47905498931003,13:18:25.498,37.1400,5
47905528539992,13:18:25.528,37.1400,95
47925018865394,13:18:45.018,37.1700,1
47925022951808,13:18:45.022,37.1700,3
47925132190533,13:18:45.132,37.1500,100
47925132190533,13:18:45.132,37.1500,168
47925132190533,13:18:45.132,37.1500,32
47925132228662,13:18:45.132,37.1500,22
47971025925643,13:19:31.025,37.1500,3
47971027516355,13:19:31.027,37.1500,1
47974343285130,13:19:34.343,37.1300,200
47978599185071,13:19:38.599,37.1100,100
48020402326466,13:20:20.402,37.1400,100
48027803540369,13:20:27.803,37.1000,5
48027803540369,13:20:27.803,37.1000,3
48027803540369,13:20:27.803,37.1000,21
48027803575870,13:20:27.803,37.1000,37
48027803575870,13:20:27.803,37.1000,2
48027803575870,13:20:27.803,37.1000,8
48027803619187,13:20:27.803,37.1000,292
48027803619187,13:20:27.803,37.1000,100
48055626762172,13:20:55.626,37.1000,100
48083378771307,13:21:23.378,37.1100,100
48109799892837,13:21:49.799,37.1200,1
48143713136258,13:22:23.713,37.1000,128
48143713136258,13:22:23.713,37.1000,58
48143716215107,13:22:23.716,37.1100,47
48143716292062,13:22:23.716,37.1100,53
48146718098210,13:22:26.718,37.1500,200
48151599850074,13:22:31.599,37.1500,100
48151599911292,13:22:31.599,37.1400,100
48151599911292,13:22:31.599,37.1400,100
48151602808429,13:22:31.602,37.1400,73
48180556191761,13:23:00.556,37.1100,1
48180556191761,13:23:00.556,37.1100,3
48249798843497,13:24:09.798,37.1400,100
48249798843497,13:24:09.798,37.1400,5
48249799581480,13:24:09.799,37.1600,100
48249799581480,13:24:09.799,37.1600,45
48249799588238,13:24:09.799,37.1600,55
48254297899159,13:24:14.297,37.1400,200
48254298637714,13:24:14.298,37.1300,100
48254298637714,13:24:14.298,37.1300,100
48254298994496,13:24:14.298,37.1600,100
48291696044988,13:24:51.696,37.1700,200
48291701301525,13:24:51.701,37.1900,5
48291701315552,13:24:51.701,37.1900,89
48291701320301,13:24:51.701,37.1900,6
48291701320301,13:24:51.701,37.1900,90
48291701322334,13:24:51.701,37.1800,200
48291701330098,13:24:51.701,37.1800,200
48291701331833,13:24:51.701,37.1900,10
48291703983948,13:24:51.703,37.2000,5
48291705643633,13:24:51.705,37.2100,95
48291718305639,13:24:51.718,37.2100,100
48292087001712,13:24:52.087,37.1900,100
48292346180474,13:24:52.346,37.1700,200
48292347803663,13:24:52.347,37.1600,100
48292607775775,13:24:52.607,37.1400,2
48292607775775,13:24:52.607,37.1300,298
48292608869898,13:24:52.608,37.1300,2
48292608869898,13:24:52.608,37.1300,2
48297500214976,13:24:57.500,37.1400,100
48297500214976,13:24:57.500,37.1400,100
48301606507991,13:25:01.606,37.1300,200
48388530009913,13:26:28.530,37.1700,300
48388530009913,13:26:28.530,37.1700,100
48389033175418,13:26:29.033,37.1700,1
48389033175418,13:26:29.033,37.1400,1
48389033175418,13:26:29.033,37.1400,98
48389033325986,13:26:29.033,37.1400,2
48411953934347,13:26:51.953,37.1700,100
48412291863435,13:26:52.291,37.1600,100
48412297281839,13:26:52.297,37.1600,57
48412474342233,13:26:52.474,37.1400,400
48412477280966,13:26:52.477,37.1300,300
48412477334631,13:26:52.477,37.1200,2
48448023264444,13:27:28.023,37.1400,1
48448025421408,13:27:28.025,37.1400,3
48464567598331,13:27:44.567,37.1700,100
48464567598331,13:27:44.567,37.1700,100
48464567628431,13:27:44.567,37.1700,100
48464659057130,13:27:44.659,37.1950,100
48465023997915,13:27:45.023,37.1600,100
48465026132826,13:27:45.026,37.1500,100
48490432712463,13:28:10.432,37.1500,30
48490432712463,13:28:10.432,37.1500,70
48490433156335,13:28:10.433,37.1500,30
48491030973480,13:28:11.030,37.1300,100
48546782872054,13:29:06.782,37.1600,1
48562308321669,13:29:22.308,37.1100,2
48562308321669,13:29:22.308,37.1100,57
48613091227400,13:30:13.091,37.1100,1
48613091227400,13:30:13.091,37.1100,99
48613091265721,13:30:13.091,37.1100,1
48613091284424,13:30:13.091,37.1000,10
48613091284424,13:30:13.091,37.1000,26
48613091318829,13:30:13.091,37.1000,2
48613091323449,13:30:13.091,37.1000,42
48613092065224,13:30:13.092,37.1000,100
48613092127215,13:30:13.092,37.1000,92
48622877935081,13:30:22.877,37.0900,2
48622877935081,13:30:22.877,37.0900,98
48622877972688,13:30:22.877,37.0900,2
48633875826081,13:30:33.875,37.0700,2
48703045886602,13:31:43.045,37.0500,1
48703045886602,13:31:43.045,37.0500,41
48703045901037,13:31:43.045,37.0500,59
48703045901037,13:31:43.045,37.0500,50
48720358825722,13:32:00.358,37.0300,200
48720358825722,13:32:00.358,37.0300,100
48720358825722,13:32:00.358,37.0300,100
48751046450869,13:32:31.046,37.0200,1
48751046450869,13:32:31.046,37.0200,60
48751047159777,13:32:31.047,37.0100,1
48751047159777,13:32:31.047,37.0100,100
48760698589007,13:32:40.698,37.0000,100
48760698636533,13:32:40.698,37.0000,100
48760700317948,13:32:40.700,36.9900,100
48760700317948,13:32:40.700,36.9900,200
48760700317948,13:32:40.700,36.9900,1
48760700317948,13:32:40.700,36.9900,99
48760700550174,13:32:40.700,36.9900,1
48760701564462,13:32:40.701,36.9800,1
48760705342213,13:32:40.705,36.9700,2
48760709153119,13:32:40.709,36.9600,1
48760712035711,13:32:40.712,36.9500,2
48760713876485,13:32:40.713,36.9600,100
48760715124353,13:32:40.715,36.9300,1
48760718047197,13:32:40.718,36.9200,1
48760733661606,13:32:40.733,36.9500,2
48760735229051,13:32:40.735,36.9100,200
48760778804279,13:32:40.778,36.9100,100
48760792108726,13:32:40.792,36.9100,100
48787483678381,13:33:07.483,36.9000,1
48801642551579,13:33:21.642,36.9000,127
48801642551579,13:33:21.642,36.9000,73
48826843764109,13:33:46.843,36.8900,1
48826844391561,13:33:46.844,36.8800,100
48826990001206,13:33:46.990,36.8700,1
48841169525569,13:34:01.169,36.8500,1
48851992888427,13:34:11.992,36.8400,1
48851992888427,13:34:11.992,36.8300,1
48851992888427,13:34:11.992,36.8300,62
48851992888427,13:34:11.992,36.8200,1
48851992888427,13:34:11.992,36.8200,35
48873639293670,13:34:33.639,36.8200,65
48874684101659,13:34:34.684,36.8100,1
48874684564507,13:34:34.684,36.8000,1
48875279392776,13:34:35.279,36.8100,99
48875279392776,13:34:35.279,36.8100,34
48876240109781,13:34:36.240,36.8200,100
48894830149931,13:34:54.830,36.8000,100
48894830612235,13:34:54.830,36.7900,1
48894830612235,13:34:54.830,36.7900,87
48894830615134,13:34:54.830,36.7900,13
48902162538972,13:35:02.162,36.8200,2
48905272875025,13:35:05.272,36.7800,1
48905272875025,13:35:05.272,36.7800,99
48905272911500,13:35:05.272,36.7800,1
49016221642143,13:36:56.221,36.8700,89
49016221655151,13:36:56.221,36.8700,11
49021953591388,13:37:01.953,36.8700,100
49021953591388,13:37:01.953,36.8700,61
49021953591388,13:37:01.953,36.8700,39
49021954631025,13:37:01.954,36.8700,61
49022054206418,13:37:02.054,36.8900,100
49022462147044,13:37:02.462,36.8600,166
49022462147044,13:37:02.462,36.8600,34
49022462745910,13:37:02.462,36.8600,66
49022462748612,13:37:02.462,36.8600,66
49024433001372,13:37:04.433,36.8550,1
49079131572439,13:37:59.131,36.8800,200
49079131572439,13:37:59.131,36.8900,100
49079131572439,13:37:59.131,36.8900,133
49150443435316,13:39:10.443,36.8900,1
49150443527098,13:39:10.443,36.8900,4
49150443549929,13:39:10.443,36.8900,95
49150443549929,13:39:10.443,36.8900,10
49153232950566,13:39:13.232,36.8700,100
49153232950566,13:39:13.232,36.8700,100
49153236677072,13:39:13.236,36.8600,100
49236243803392,13:40:36.243,36.8600,179
49236243803392,13:40:36.243,36.8600,100
49236243803392,13:40:36.243,36.8600,115
49236243803392,13:40:36.243,36.8600,100
49236243803392,13:40:36.243,36.8600,200
49236243803392,13:40:36.243,36.8600,100
49236244877809,13:40:36.244,36.8500,73
49236244877809,13:40:36.244,36.8500,66
49236244877809,13:40:36.244,36.8500,61
49490001875421,13:44:50.001,36.9100,75
49490001875421,13:44:50.001,36.9100,63
49490001905799,13:44:50.001,36.9100,100
49490001910131,13:44:50.001,36.9100,37
49490002244685,13:44:50.002,36.9200,5
49490002244685,13:44:50.002,36.9200,5
49494184057690,13:44:54.184,36.9200,200
49494691426460,13:44:54.691,36.9100,100
49494691426460,13:44:54.691,36.9100,100
49494691696296,13:44:54.691,36.9100,29
49495204510423,13:44:55.204,36.8800,100
49495204650863,13:44:55.204,36.8700,200
49495204650863,13:44:55.204,36.8700,100
49495205609919,13:44:55.205,36.8700,64
49495207059722,13:44:55.207,36.8600,1
49502717032363,13:45:02.717,36.8600,100
49502717032363,13:45:02.717,36.8600,40
49620442883081,13:47:00.442,36.9400,100
49620442883081,13:47:00.442,36.9400,10
49624850173381,13:47:04.850,36.9100,100
49624852561454,13:47:04.852,36.9000,100
49626650724467,13:47:06.650,36.8800,200
49662895971498,13:47:42.895,36.8700,100
49662895983799,13:47:42.895,36.8600,100
49662916634626,13:47:42.916,36.8600,95
49732306280689,13:48:52.306,36.8700,1
49732306353382,13:48:52.306,36.8700,99
49732306428068,13:48:52.306,36.8700,70
49732306483729,13:48:52.306,36.8700,30
49781165806190,13:49:41.165,36.8600,100
49857964475644,13:50:57.964,36.9000,100
49858487342287,13:50:58.487,36.8900,100
49858487342287,13:50:58.487,36.8900,100
49858487342287,13:50:58.487,36.8900,100
49858487781575,13:50:58.487,36.8900,100
49858742149215,13:50:58.742,36.8900,100
49858993258523,13:50:58.993,36.8600,300
49897668404257,13:51:37.668,36.8600,8
49897668925093,13:51:37.668,36.8500,100
49897668942832,13:51:37.668,36.8500,66
49897668942832,13:51:37.668,36.8500,34
49897668962350,13:51:37.668,36.8500,66
49897670595471,13:51:37.670,36.8300,100
49897670699150,13:51:37.670,36.8200,100
50024515024552,13:53:44.515,36.8900,100
50025334764241,13:53:45.334,36.8600,100
50025334764241,13:53:45.334,36.8600,200
50103554721717,13:55:03.554,36.8400,17
50103554726654,13:55:03.554,36.8400,27
50103554759637,13:55:03.554,36.8400,43
50103555154169,13:55:03.555,36.8400,13
50103555154169,13:55:03.555,36.8400,32
50155002003357,13:55:55.002,36.8400,34
50220399338798,13:57:00.399,36.8000,100
50220399389696,13:57:00.399,36.8000,100
50220399416884,13:57:00.399,36.8000,100
50220399418337,13:57:00.399,36.8000,100
50220399444965,13:57:00.399,36.8000,100
50220399446330,13:57:00.399,36.8000,2
50220399446330,13:57:00.399,36.8000,2
50220753445230,13:57:00.753,36.8200,103
50220753758316,13:57:00.753,36.8200,53
50221643401527,13:57:01.643,36.7800,100
50302140729856,13:58:22.140,36.7600,1
50302140729856,13:58:22.140,36.7500,25
50302140973261,13:58:22.140,36.7400,2
50302141061205,13:58:22.141,36.7300,62
50302141523003,13:58:22.141,36.7400,13
50303272001398,13:58:23.272,36.7300,38
50303272001398,13:58:23.272,36.7300,100
50303272001398,13:58:23.272,36.7300,62
50303272008668,13:58:23.272,36.7300,38
50303272008668,13:58:23.272,36.7300,5
50303272036805,13:58:23.272,36.7300,44
50303272348715,13:58:23.272,36.7300,51
50303272348715,13:58:23.272,36.7300,20
50307051001257,13:58:27.051,36.7200,1
50307051250684,13:58:27.051,36.7100,5
50311631957718,13:58:31.631,36.6900,1
50311632083167,13:58:31.632,36.6800,1
50311632094791,13:58:31.632,36.6700,2
50330796762721,13:58:50.796,36.6700,18
50330801844630,13:58:50.801,36.6600,1
50330801844630,13:58:50.801,36.6600,55
50330801864768,13:58:50.801,36.6600,45
50331804903203,13:58:51.804,36.6500,1
50331805169351,13:58:51.805,36.6400,1
50336892959033,13:58:56.892,36.6300,1
50336892959033,13:58:56.892,36.6200,1
50336894272366,13:58:56.894,36.6300,100
50336894272366,13:58:56.894,36.6400,19
50340361674883,13:59:00.361,36.6400,5
50354825300767,13:59:14.825,36.6900,30
50394272291445,13:59:54.272,36.6400,100
50394272730729,13:59:54.272,36.6400,8
50394272747372,13:59:54.272,36.6400,45
50394272895879,13:59:54.272,36.6400,47
50394273166417,13:59:54.273,36.6300,4
50403163862259,14:00:03.163,36.7000,202
50403163870734,14:00:03.163,36.7000,98
50403167135903,14:00:03.167,36.7100,100
50403167365292,14:00:03.167,36.7100,102
50403167365292,14:00:03.167,36.7100,98
50403167401973,14:00:03.167,36.7100,2
50403167549516,14:00:03.167,36.7300,2
50403202017100,14:00:03.202,36.7200,100
50407230828825,14:00:07.230,36.7200,4
50409328983255,14:00:09.328,36.7200,100
50448932954227,14:00:48.932,36.8400,100
50464852008240,14:01:04.852,36.8900,100
50464852008240,14:01:04.852,36.8700,200
50464852008240,14:01:04.852,36.8600,100
50465101669546,14:01:05.101,36.8700,100
50465352872680,14:01:05.352,36.8600,68
50465352872680,14:01:05.352,36.8600,32
50471758449297,14:01:11.758,36.8700,100
50479094024236,14:01:19.094,36.9200,100
50479094024236,14:01:19.094,36.9100,100
50492373098906,14:01:32.373,36.9700,100
50495302091211,14:01:35.302,37.0700,100
50502985169210,14:01:42.985,37.0700,200
50538032078941,14:02:18.032,37.1900,100
50538032080552,14:02:18.032,37.1800,100
50538032080552,14:02:18.032,37.1800,44
50538032084962,14:02:18.032,37.1800,56
50538032084962,14:02:18.032,37.1800,30
50538032105029,14:02:18.032,37.1600,17
50538032117318,14:02:18.032,37.1600,12
50538032158905,14:02:18.032,37.1600,29
50538033235680,14:02:18.033,37.1500,23
50538033719416,14:02:18.033,37.1400,100
50538033719416,14:02:18.033,37.1400,100
50609678533162,14:03:29.678,37.2000,10
50609678570666,14:03:29.678,37.2000,60
50609678581011,14:03:29.678,37.2000,30
50609678581011,14:03:29.678,37.2000,50
50609678786675,14:03:29.678,37.2000,39
50609678805488,14:03:29.678,37.2000,11
50614501894812,14:03:34.501,37.2100,100
50614501894812,14:03:34.501,37.2100,81
50614586507419,14:03:34.586,37.2100,19
50614586507419,14:03:34.586,37.2100,100
50614586507419,14:03:34.586,37.2100,64
50614586507419,14:03:34.586,37.2100,17
50614587696836,14:03:34.587,37.2100,25
50614801249751,14:03:34.801,37.1400,100
50614801249751,14:03:34.801,37.1300,500
50671118278595,14:04:31.118,37.1300,100
50671118278595,14:04:31.118,37.1300,100
50671118278595,14:04:31.118,37.1300,100
50671118370994,14:04:31.118,37.1500,100
50671417684862,14:04:31.417,37.1300,100
50720262683249,14:05:20.262,37.0700,2
50720262683249,14:05:20.262,37.0500,98
50720262783899,14:05:20.262,37.1100,100
50768213848146,14:06:08.213,37.1200,100
50768213848146,14:06:08.213,37.1100,100
50768214852972,14:06:08.214,37.1100,100
50768216879848,14:06:08.216,37.1000,100
50768216879848,14:06:08.216,37.1000,100
50803258015692,14:06:43.258,37.1700,1
50803258062203,14:06:43.258,37.1700,46
50803258062203,14:06:43.258,37.1700,17
50803258069592,14:06:43.258,37.1700,40
50803258234283,14:06:43.258,37.1700,33
50803258496178,14:06:43.258,37.1700,84
50803258502153,14:06:43.258,37.1700,26
50803258502153,14:06:43.258,37.1700,57
50803258504910,14:06:43.258,37.1700,41
50803258622797,14:06:43.258,37.1700,2
50803258622797,14:06:43.258,37.1700,200
50983177478122,14:09:43.177,37.1900,48
50983177478122,14:09:43.177,37.1900,100
50983177478122,14:09:43.177,37.1900,6
50983177487416,14:09:43.177,37.1900,40
50983177487416,14:09:43.177,37.1900,100
50983177937668,14:09:43.177,37.1700,63
50983177940016,14:09:43.177,37.1700,37
50997999815724,14:09:57.999,37.1600,100
50998000099402,14:09:58.000,37.1500,15
50998000099402,14:09:58.000,37.1500,43
50998000462077,14:09:58.000,37.1500,157
50998000462077,14:09:58.000,37.1500,43
50998000499216,14:09:58.000,37.1500,29
50998000531738,14:09:58.000,37.1500,28
50998004901136,14:09:58.004,37.1300,323
50998004910661,14:09:58.004,37.1300,31
50998004912157,14:09:58.004,37.1300,146
50998005070585,14:09:58.005,37.1400,100
50998005070585,14:09:58.005,37.1400,100
50998006194004,14:09:58.006,37.1500,21
51004094651200,14:10:04.094,37.0700,100
51004094856926,14:10:04.094,37.0600,100
51004094856926,14:10:04.094,37.0600,2
51004094856926,14:10:04.094,37.0600,64
51004094856926,14:10:04.094,37.0600,34
51004100713829,14:10:04.100,37.0800,200
51065744930751,14:11:05.744,37.1000,54
51067246246766,14:11:07.246,37.1100,300
51067246246766,14:11:07.246,37.1100,100
51067246927788,14:11:07.246,37.1300,100
51067246961660,14:11:07.246,37.1300,160
51067246964549,14:11:07.246,37.1300,40
51067247046358,14:11:07.247,37.1300,24
51067247054763,14:11:07.247,37.1300,76
51067247072454,14:11:07.247,37.1400,58
51067247077444,14:11:07.247,37.1400,26
51067247235818,14:11:07.247,37.1400,412
51067247238832,14:11:07.247,37.1400,8
51067247250399,14:11:07.247,37.1400,96
51249166016104,14:14:09.166,37.1900,65
51250021908520,14:14:10.021,37.2300,100
51250023242216,14:14:10.023,37.2400,90
51300267742124,14:15:00.267,37.1900,100
51300267742124,14:15:00.267,37.1900,20
51300267785244,14:15:00.267,37.1900,1
51300267785244,14:15:00.267,37.1900,69
51300267785244,14:15:00.267,37.1900,10
51300268048774,14:15:00.268,37.1900,81
51300268080789,14:15:00.268,37.1900,9
51300268080789,14:15:00.268,37.1800,100
51303614641523,14:15:03.614,37.1900,1
51305772185152,14:15:05.772,37.2000,100
51307026120229,14:15:07.026,37.1900,68
51307137203911,14:15:07.137,37.2100,100
51307137203911,14:15:07.137,37.2300,100
51400222459017,14:16:40.222,37.2000,160
51400222475249,14:16:40.222,37.2000,40
51400222499195,14:16:40.222,37.2000,62
51400222512766,14:16:40.222,37.2000,81
51400222597450,14:16:40.222,37.2000,57
51400222597450,14:16:40.222,37.2000,43
51400222806539,14:16:40.222,37.2000,57
51400222806539,14:16:40.222,37.2000,15
51400222828108,14:16:40.222,37.2000,85
51400313629095,14:16:40.313,37.2200,100
51400335328536,14:16:40.335,37.2200,200
51400335390852,14:16:40.335,37.2200,100
51400335492683,14:16:40.335,37.2600,43
51429671209027,14:17:09.671,37.2400,100
51429671209027,14:17:09.671,37.2400,100
51429671245354,14:17:09.671,37.2400,200
51628733258765,14:20:28.733,37.2100,70
51628733645912,14:20:28.733,37.2400,100
51654278813797,14:20:54.278,37.2700,100
51654278846415,14:20:54.278,37.2700,100
51697240564591,14:21:37.240,37.2900,100
51697241088844,14:21:37.241,37.3000,5
51697241088844,14:21:37.241,37.3000,5
51697243107265,14:21:37.243,37.3200,1
51697286748345,14:21:37.286,37.3200,9
51697947804187,14:21:37.947,37.2700,200
51697947804187,14:21:37.947,37.2600,200
51697948341220,14:21:37.948,37.2600,22
51697949550258,14:21:37.949,37.2600,78
51697950228671,14:21:37.950,37.2600,100
51697950258891,14:21:37.950,37.2600,100
51697950258891,14:21:37.950,37.2600,100
51697950258891,14:21:37.950,37.2600,100
51697950892097,14:21:37.950,37.2500,140
51697950892097,14:21:37.950,37.2500,100
51697950988010,14:21:37.950,37.2600,100
51698202649667,14:21:38.202,37.2400,13
51698202649667,14:21:38.202,37.2400,87
51698217771437,14:21:38.217,37.2400,13
51760198649980,14:22:40.198,37.2200,100
51760198751719,14:22:40.198,37.2200,21
51777689595254,14:22:57.689,37.2300,100
51782822505581,14:23:02.822,37.2200,100
51782823564540,14:23:02.823,37.2200,100
51782824610023,14:23:02.824,37.2200,100
51787101465776,14:23:07.101,37.2200,100
51787101465776,14:23:07.101,37.2200,86
51805417195976,14:23:25.417,37.2700,100
51805779910060,14:23:25.779,37.2600,100
51805783334560,14:23:25.783,37.2400,100
51844164137084,14:24:04.164,37.2600,100
51846219316034,14:24:06.219,37.2500,100
51846219316034,14:24:06.219,37.2400,200
51846728795305,14:24:06.728,37.2300,200
51846731264517,14:24:06.731,37.2200,100
51848775604207,14:24:08.775,37.2200,100
51932697559043,14:25:32.697,37.2000,100
51932697559043,14:25:32.697,37.2000,74
51932697559043,14:25:32.697,37.2000,26
51932697603480,14:25:32.697,37.2000,74
51938106052747,14:25:38.106,37.2200,51
51938106114014,14:25:38.106,37.2200,49
51938909083173,14:25:38.909,37.2400,100
51972091550485,14:26:12.091,37.2000,15
51984276168134,14:26:24.276,37.1800,67
51984276176785,14:26:24.276,37.1800,33
51984276176785,14:26:24.276,37.1800,74
51985617269660,14:26:25.617,37.1400,100
51985617269660,14:26:25.617,37.1400,100
51985617891184,14:26:25.617,37.1400,100
51985617891184,14:26:25.617,37.1400,31
51985617891184,14:26:25.617,37.1400,100
51985617891184,14:26:25.617,37.1400,100
51985617891184,14:26:25.617,37.1400,100
51985617891184,14:26:25.617,37.1400,9
52002293256947,14:26:42.293,37.1400,91
52002388657301,14:26:42.388,37.1400,100
52002388657301,14:26:42.388,37.1400,100
52002388736533,14:26:42.388,37.1400,300
52075171368924,14:27:55.171,37.1300,100
52075171368924,14:27:55.171,37.1300,100
52095171531622,14:28:15.171,37.1200,100
52143084454933,14:29:03.084,37.1700,100
52143084454933,14:29:03.084,37.1700,168
52143084491440,14:29:03.084,37.1700,200
52143084924222,14:29:03.084,37.1700,32
52143085082373,14:29:03.085,37.1800,68
52143085098366,14:29:03.085,37.1800,8
52143085353554,14:29:03.085,37.1800,38
52143088652768,14:29:03.088,37.1800,300
52143088652768,14:29:03.088,37.1800,100
52143089115219,14:29:03.089,37.1900,5
52143090720400,14:29:03.090,37.1900,100
52143090778871,14:29:03.090,37.1900,95
52204787349530,14:30:04.787,37.1800,100
52204787349530,14:30:04.787,37.1800,56
52204787412747,14:30:04.787,37.1800,29
52204787412747,14:30:04.787,37.1800,44
52204787489122,14:30:04.787,37.1800,56
52204787489122,14:30:04.787,37.1800,77
52204788049220,14:30:04.788,37.1700,60
52204788150292,14:30:04.788,37.1700,40
52206633309642,14:30:06.633,37.1300,100
52211408819833,14:30:11.408,37.1300,100
52265771959770,14:31:05.771,37.1500,100
52265772201664,14:31:05.772,37.1500,16
52309349169551,14:31:49.349,37.1300,100
52309349605559,14:31:49.349,37.1200,14
52309349610718,14:31:49.349,37.1200,77
52309349623340,14:31:49.349,37.1200,9
52311816224448,14:31:51.816,37.1100,100
52311816224448,14:31:51.816,37.1100,100
52311816235487,14:31:51.816,37.1100,49
52311816245647,14:31:51.816,37.1100,9
52311816249770,14:31:51.816,37.1100,42
52318783109445,14:31:58.783,37.1000,100
52344267064233,14:32:24.267,37.1200,100
52344267064233,14:32:24.267,37.1200,100
52344267107465,14:32:24.267,37.1200,182
52344267126621,14:32:24.267,37.1200,36
52344267127105,14:32:24.267,37.1200,100
52344267300974,14:32:24.267,37.1200,67
52344267323487,14:32:24.267,37.1200,15
52344267323487,14:32:24.267,37.1200,58
52344267405148,14:32:24.267,37.1200,42
52344267405148,14:32:24.267,37.1200,58
52344267453640,14:32:24.267,37.1200,100
52344267460939,14:32:24.267,37.1200,42
52344269439670,14:32:24.269,37.1400,38
52344270364279,14:32:24.270,37.1200,200
52344270956336,14:32:24.270,37.1100,100
52344275709694,14:32:24.275,37.1100,100
52344396742817,14:32:24.396,37.1100,100
52344396825480,14:32:24.396,37.1200,200
52344398207908,14:32:24.398,37.1200,47
52349272582950,14:32:29.272,37.1400,100
52382937782848,14:33:02.937,37.1000,100
52382937821237,14:33:02.937,37.1000,100
52382937832487,14:33:02.937,37.0900,80
52382937838783,14:33:02.937,37.0900,20
52382938035654,14:33:02.938,37.0800,20
52382938319133,14:33:02.938,37.0800,80
52433897952602,14:33:53.897,37.1100,144
52433897964956,14:33:53.897,37.1100,37
52433897970679,14:33:53.897,37.1100,19
52433897970679,14:33:53.897,37.1100,17
52433897981843,14:33:53.897,37.1100,57
52433897984596,14:33:53.897,37.1100,26
52433897984596,14:33:53.897,37.1100,100
52455551685378,14:34:15.551,37.1400,100
52455551685378,14:34:15.551,37.1400,300
52455552564345,14:34:15.552,37.1500,100
52455599158830,14:34:15.599,37.1600,100
52455599158830,14:34:15.599,37.1800,100
52557297013364,14:35:57.297,37.1400,63
52557297977769,14:35:57.297,37.1300,100
52557297977769,14:35:57.297,37.1300,100
52557297977769,14:35:57.297,37.1300,100
52557298771729,14:35:57.298,37.1200,100
52557298887080,14:35:57.298,37.1200,100
52557348476874,14:35:57.348,37.1300,100
52557349382277,14:35:57.349,37.1300,100
52557352830855,14:35:57.352,37.1300,15
52557352830855,14:35:57.352,37.1300,85
52557353105183,14:35:57.353,37.1300,15
52561421136184,14:36:01.421,37.1500,100
52564426191452,14:36:04.426,37.1400,31
52564426195770,14:36:04.426,37.1400,69
52564426195770,14:36:04.426,37.1400,33
52564426195770,14:36:04.426,37.1400,85
52572338549410,14:36:12.338,37.1200,100
52587907367034,14:36:27.907,37.1500,100
52587907367034,14:36:27.907,37.1500,100
52587907405859,14:36:27.907,37.1500,173
52587907602678,14:36:27.907,37.1500,14
52587907611446,14:36:27.907,37.1500,13
52587909268091,14:36:27.909,37.1600,100
52592026012102,14:36:32.026,37.1400,15
52592026020067,14:36:32.026,37.1400,85
52592026020067,14:36:32.026,37.1400,15
52592026024185,14:36:32.026,37.1400,3
52610960697156,14:36:50.960,37.1300,100
52642603129507,14:37:22.603,37.1800,23
52642603161486,14:37:22.603,37.1800,77
52646249069593,14:37:26.249,37.1900,100
52646249094524,14:37:26.249,37.1900,100
52646249094524,14:37:26.249,37.1900,200
52704509748411,14:38:24.509,37.2100,153
52704509826947,14:38:24.509,37.2100,47
52704509826947,14:38:24.509,37.2100,5
52709973181168,14:38:29.973,37.1900,100
52709973181168,14:38:29.973,37.1900,100
52709974801226,14:38:29.974,37.1800,100
52709976025585,14:38:29.976,37.1800,100
52709976033854,14:38:29.976,37.1800,100
52710630495993,14:38:30.630,37.1800,27
52710630806722,14:38:30.630,37.1800,73
52728239756215,14:38:48.239,37.2200,100
52728935295891,14:38:48.935,37.2300,200
52762628789197,14:39:22.628,37.2200,100
52762628789197,14:39:22.628,37.2200,7
52762628808821,14:39:22.628,37.2200,93
52762628808821,14:39:22.628,37.2100,52
52762628826710,14:39:22.628,37.2100,37
52762629016863,14:39:22.629,37.2100,11
52762629016863,14:39:22.629,37.2100,44
52762629517240,14:39:22.629,37.2100,56
52813828959899,14:40:13.828,37.2400,100
52981096679792,14:43:01.096,37.2500,100
52981096679792,14:43:01.096,37.2500,100
52981096726226,14:43:01.096,37.2500,137
52981096734745,14:43:01.096,37.2500,61
52981096734745,14:43:01.096,37.2500,1
52995064502637,14:43:15.064,37.2400,62
52995064613067,14:43:15.064,37.2400,38
52995064613067,14:43:15.064,37.2400,100
52995097746505,14:43:15.097,37.2300,100
52995097746505,14:43:15.097,37.2300,100
52995098156792,14:43:15.098,37.2300,100
52997606917791,14:43:17.606,37.2700,5
52997606917791,14:43:17.606,37.2700,5
52997607777925,14:43:17.607,37.2800,100
52997607806930,14:43:17.607,37.2800,100
52997607842541,14:43:17.607,37.2900,100
52997609990689,14:43:17.609,37.2900,100
52997611697787,14:43:17.611,37.3000,9
52997612425251,14:43:17.612,37.2900,100
52998515652795,14:43:18.515,37.3100,100
53000971397518,14:43:20.971,37.2900,100
53015309017445,14:43:35.309,37.2900,100
53016274874474,14:43:36.274,37.3200,36
53016274875803,14:43:36.274,37.3200,30
53016274956566,14:43:36.274,37.3200,37
53016275008378,14:43:36.275,37.3200,197
53016275008378,14:43:36.275,37.3200,3
53016275113964,14:43:36.275,37.3200,26
53021807118719,14:43:41.807,37.3100,100
53044694634188,14:44:04.694,37.3200,90
53044694634188,14:44:04.694,37.3200,2
53044694634188,14:44:04.694,37.3200,8
53044694676444,14:44:04.694,37.3200,75
53086908061432,14:44:46.908,37.3400,100
53086918816967,14:44:46.918,37.3500,100
53086943807931,14:44:46.943,37.3300,100
53086943807931,14:44:46.943,37.3300,100
53187128457556,14:46:27.128,37.3800,36
53187128472477,14:46:27.128,37.3800,64
53187130820900,14:46:27.130,37.4200,100
53189255710113,14:46:29.255,37.4200,100
53189259043528,14:46:29.259,37.4300,100
53189270369908,14:46:29.270,37.4300,100
53216219349031,14:46:56.219,37.4400,200
53216220111564,14:46:56.220,37.4400,100
53217977754477,14:46:57.977,37.4400,100
53233569809235,14:47:13.569,37.4400,100
53233570718259,14:47:13.570,37.4400,100
53233570718259,14:47:13.570,37.4400,60
53275401176433,14:47:55.401,37.4000,44
53275401176433,14:47:55.401,37.4000,100
53275401221362,14:47:55.401,37.3900,45
53275401275374,14:47:55.401,37.3900,55
53275401859417,14:47:55.401,37.3800,92
53275402467977,14:47:55.402,37.3800,8
53275402467977,14:47:55.402,37.3800,100
53275402467977,14:47:55.402,37.3800,100
53275402467977,14:47:55.402,37.3800,92
53275402533723,14:47:55.402,37.3800,8
53275403462923,14:47:55.403,37.3600,100
53275403463484,14:47:55.403,37.3600,100
53275403953818,14:47:55.403,37.3500,100
53276048629811,14:47:56.048,37.3900,68
53356454384248,14:49:16.454,37.3400,200
53356454812908,14:49:16.454,37.3400,100
53356454846555,14:49:16.454,37.3400,64
53356455618981,14:49:16.455,37.3400,36
53356455618981,14:49:16.455,37.3400,64
53356455980426,14:49:16.455,37.3400,36
53356456521510,14:49:16.456,37.3300,100
53356456521510,14:49:16.456,37.3300,86
53356456894430,14:49:16.456,37.3300,100
53356457220251,14:49:16.457,37.3300,30
53356506995732,14:49:16.506,37.3400,100
53356507081280,14:49:16.507,37.3500,200
53356507517567,14:49:16.507,37.3500,11
53356507567896,14:49:16.507,37.3500,89
53356655026946,14:49:16.655,37.3400,100
53363732774410,14:49:23.732,37.3100,100
53399663653445,14:49:59.663,37.2800,95
53399664130278,14:49:59.664,37.2800,100
53399664392189,14:49:59.664,37.2800,100
53399664392189,14:49:59.664,37.2800,100
53402604962584,14:50:02.604,37.2900,100
53402604978453,14:50:02.604,37.2900,100
53402606505708,14:50:02.606,37.3000,100
53402606915915,14:50:02.606,37.3200,71
53402606946146,14:50:02.606,37.3200,29
53402614143058,14:50:02.614,37.3000,200
53402616914879,14:50:02.616,37.3000,35
53402616914879,14:50:02.616,37.3000,65
53403083388550,14:50:03.083,37.3000,35
53404083063091,14:50:04.083,37.3200,67
53412014503590,14:50:12.014,37.2700,100
53412014503590,14:50:12.014,37.2700,100
53414455987308,14:50:14.455,37.2700,100
53414455987308,14:50:14.455,37.2700,38
53439085714423,14:50:39.085,37.3400,100
53439547777833,14:50:39.547,37.3400,100
53439547831182,14:50:39.547,37.3500,100
53439548894361,14:50:39.548,37.3500,14
53523275494748,14:52:03.275,37.3600,100
53523277381939,14:52:03.277,37.3900,200
53524089225374,14:52:04.089,37.4200,65
53528805227789,14:52:08.805,37.4300,35
53528805227789,14:52:08.805,37.4300,165
53528805282888,14:52:08.805,37.4300,35
53528805282888,14:52:08.805,37.4300,65
53528805297890,14:52:08.805,37.4300,35
53535237331330,14:52:15.237,37.4400,100
53554997310495,14:52:34.997,37.4900,100
53554997310495,14:52:34.997,37.4900,5
53758654141529,14:55:58.654,37.5200,33
53758654141529,14:55:58.654,37.5200,30
53758655044666,14:55:58.655,37.5100,100
53758655102523,14:55:58.655,37.5100,100
53758655144803,14:55:58.655,37.5100,74
53758655151341,14:55:58.655,37.5100,11
53758655151341,14:55:58.655,37.5100,89
53758655160113,14:55:58.655,37.5100,11
53800652815744,14:56:40.652,37.5600,200
53800653996957,14:56:40.653,37.6100,30
53800654526084,14:56:40.654,37.6100,70
53895182065894,14:58:15.182,37.5900,100
53895182065894,14:58:15.182,37.5900,100
53895182072031,14:58:15.182,37.5900,156
53895182072031,14:58:15.182,37.5900,100
53895182072031,14:58:15.182,37.5900,128
53895182072031,14:58:15.182,37.5900,100
53932920887740,14:58:52.920,37.6500,100
53932920887740,14:58:52.920,37.6500,100
53932920948112,14:58:52.920,37.6500,100
53932920965891,14:58:52.920,37.6500,100
53932920965891,14:58:52.920,37.6500,100
53932923320183,14:58:52.923,37.6600,100
53971029203253,14:59:31.029,37.6700,200
53971463919972,14:59:31.463,37.6300,100
53971463919972,14:59:31.463,37.6300,100
53971463919972,14:59:31.463,37.6300,1
53971464607573,14:59:31.464,37.6200,100
53976833062165,14:59:36.833,37.5800,100
54022144732951,15:00:22.144,37.5900,89
54072255235404,15:01:12.255,37.5900,100
54072255291889,15:01:12.255,37.5900,46
54072256273131,15:01:12.256,37.5800,38
54072256848087,15:01:12.256,37.5900,100
54077727628861,15:01:17.727,37.5900,100
54077728900755,15:01:17.728,37.5900,100
54134635590478,15:02:14.635,37.5700,3
54193563941877,15:03:13.563,37.5700,97
54193563941877,15:03:13.563,37.5700,100
54193563941877,15:03:13.563,37.5700,3
54193563980933,15:03:13.563,37.5700,8
54193564342412,15:03:13.564,37.5700,16
54193565182767,15:03:13.565,37.5600,1
54193565182767,15:03:13.565,37.5600,99
54193565256056,15:03:13.565,37.5600,1
54250256633825,15:04:10.256,37.5000,30
54250256633825,15:04:10.256,37.5000,100
54250256633825,15:04:10.256,37.5000,70
54250257046261,15:04:10.257,37.5000,30
54261586441571,15:04:21.586,37.4700,100
54261586441571,15:04:21.586,37.4700,100
54261605597013,15:04:21.605,37.4700,200
54264032401348,15:04:24.032,37.4700,60
54264041221528,15:04:24.041,37.4800,100
54305413623939,15:05:05.413,37.4800,50
54305413623939,15:05:05.413,37.4800,100
54305414403754,15:05:05.414,37.4900,100
54305416642781,15:05:05.416,37.5000,100
54335561394292,15:05:35.561,37.4400,24
54335562839026,15:05:35.562,37.4300,100
54366483947781,15:06:06.483,37.4200,19
54366487520327,15:06:06.487,37.4200,100
54375542302592,15:06:15.542,37.4200,61
54375542302592,15:06:15.542,37.4200,39
54375542386337,15:06:15.542,37.4200,61
54389999029667,15:06:29.999,37.3900,300
54389999029667,15:06:29.999,37.3900,100
54389999029667,15:06:29.999,37.3900,100
54390005945513,15:06:30.005,37.3900,100
54390008415237,15:06:30.008,37.3900,100
54390760155508,15:06:30.760,37.4300,100
54400645742505,15:06:40.645,37.4200,100
54400645742505,15:06:40.645,37.4200,100
54400645742505,15:06:40.645,37.4200,100
54400645742505,15:06:40.645,37.4200,200
54400651193652,15:06:40.651,37.4300,57
54486449293969,15:08:06.449,37.4900,64
54486449331956,15:08:06.449,37.4900,36
54545700601379,15:09:05.700,37.4800,100
54545700601379,15:09:05.700,37.4800,48
54545700646017,15:09:05.700,37.4800,52
54545700832426,15:09:05.700,37.4700,100
54545700832426,15:09:05.700,37.4700,100
54587025574494,15:09:47.025,37.4200,1
54587025574494,15:09:47.025,37.4200,1
54587025574494,15:09:47.025,37.4100,98
54591625855472,15:09:51.625,37.4100,2
54641652217167,15:10:41.652,37.3600,100
54641652217167,15:10:41.652,37.3600,50
54641652263138,15:10:41.652,37.3600,58
54641652280637,15:10:41.652,37.3600,100
54667305752587,15:11:07.305,37.3300,22
54677617674599,15:11:17.617,37.3400,50
54677617674599,15:11:17.617,37.3400,14
54677617729235,15:11:17.617,37.3400,86
54677617729235,15:11:17.617,37.3400,14
54677618136194,15:11:17.618,37.3400,44
54677618144465,15:11:17.618,37.3400,42
54677618164533,15:11:17.618,37.3500,44
54677618211775,15:11:17.618,37.3500,148
54677618435412,15:11:17.618,37.3500,77
54714034062344,15:11:54.034,37.3500,31
54714034062344,15:11:54.034,37.3500,69
54714034087681,15:11:54.034,37.3500,31
54724773368980,15:12:04.773,37.3500,100
54724774269671,15:12:04.774,37.3400,100
54724774269671,15:12:04.774,37.3400,100
54724774269671,15:12:04.774,37.3400,100
54739895209029,15:12:19.895,37.3500,96
54804172863306,15:13:24.172,37.3800,5
54804172863306,15:13:24.172,37.3800,95
54804172916909,15:13:24.172,37.3800,5
54804176970317,15:13:24.176,37.3900,100
54804177972461,15:13:24.177,37.4000,200
54804178004971,15:13:24.178,37.4000,100
54804362533760,15:13:24.362,37.4300,100
54832933444029,15:13:52.933,37.4500,1
54886840510532,15:14:46.840,37.4100,100
54886840603623,15:14:46.840,37.4000,100
54886842369254,15:14:46.842,37.4000,100
54886844727611,15:14:46.844,37.3900,100
54886844999851,15:14:46.844,37.3800,100
54948001992040,15:15:48.001,37.4200,5
54948028801834,15:15:48.028,37.4300,100
54948028801834,15:15:48.028,37.4300,100
54948029615819,15:15:48.029,37.4300,100
54948727407566,15:15:48.727,37.4300,200
54948733626908,15:15:48.733,37.4200,200
54948738598242,15:15:48.738,37.4200,100
54948738598242,15:15:48.738,37.4200,10
54948984514881,15:15:48.984,37.4100,100
54975959654815,15:16:15.959,37.4000,100
54988258282046,15:16:28.258,37.3900,100
54988258282046,15:16:28.258,37.3900,10
54988258282046,15:16:28.258,37.3900,90
54988258358687,15:16:28.258,37.3900,31
54988258431295,15:16:28.258,37.3900,100
54992783204428,15:16:32.783,37.3800,1
55037938374726,15:17:17.938,37.3800,22
55038493220492,15:17:18.493,37.4000,25
55038493220492,15:17:18.493,37.4000,75
55038493310715,15:17:18.493,37.4000,78
55038493310715,15:17:18.493,37.4000,100
55038493310715,15:17:18.493,37.4000,100
55051665279092,15:17:31.665,37.3800,100
55051665310099,15:17:31.665,37.3800,57
55051665310099,15:17:31.665,37.3800,119
55051665316257,15:17:31.665,37.3800,81
55051665743569,15:17:31.665,37.3700,100
55054810602977,15:17:34.810,37.3900,100
55054810602977,15:17:34.810,37.3900,25
55059004432220,15:17:39.004,37.3900,7
55123531796084,15:18:43.531,37.3800,100
55123538517254,15:18:43.538,37.3800,5
55124882427456,15:18:44.882,37.3500,100
55126371724037,15:18:46.371,37.3400,100
55126371724037,15:18:46.371,37.3400,100
55147598260894,15:19:07.598,37.3500,100
55147598260894,15:19:07.598,37.3600,41
55147598776866,15:19:07.598,37.3500,6
55147598789415,15:19:07.598,37.3500,75
55147599967603,15:19:07.599,37.3500,19
55147600020918,15:19:07.600,37.3600,59
55147600359156,15:19:07.600,37.3700,5
55147601166363,15:19:07.601,37.3700,59
55195872931503,15:19:55.872,37.4300,100
55195874095258,15:19:55.874,37.4600,82
55195977693870,15:19:55.977,37.4400,73
55196285090849,15:19:56.285,37.4600,5
55197116403136,15:19:57.116,37.4100,100
55197116449860,15:19:57.116,37.4100,100
55202650874865,15:20:02.650,37.4200,95
55204754032450,15:20:04.754,37.4100,200
55204755661169,15:20:04.755,37.4000,127
55204755661169,15:20:04.755,37.4000,100
55204756874521,15:20:04.756,37.4000,100
55225322798947,15:20:25.322,37.4500,1
55225322798947,15:20:25.322,37.4500,100
55235765218444,15:20:35.765,37.4700,5
55242894565646,15:20:42.894,37.5100,100
55242979219745,15:20:42.979,37.5300,100
55320935366398,15:22:00.935,37.5000,2
55328818311831,15:22:08.818,37.5000,98
55328818311831,15:22:08.818,37.5000,100
55330357598154,15:22:10.357,37.4900,100
55330357959750,15:22:10.357,37.4900,200
55338715428221,15:22:18.715,37.4500,100
55397531304409,15:23:17.531,37.4500,100
55459869082099,15:24:19.869,37.4500,100
55459870350353,15:24:19.870,37.4500,100
55459922980302,15:24:19.922,37.4700,35
55549483189895,15:25:49.483,37.4700,100
55642509166546,15:27:22.509,37.4500,15
55642509166546,15:27:22.509,37.4500,76
55642509209018,15:27:22.509,37.4500,24
55642509209018,15:27:22.509,37.4500,100
55642509209018,15:27:22.509,37.4500,99
55642509241846,15:27:22.509,37.4500,35
55642509241846,15:27:22.509,37.4500,100
55642510444856,15:27:22.510,37.4400,100
55642510444856,15:27:22.510,37.4400,200
55644080163675,15:27:24.080,37.4400,2
55644666973587,15:27:24.666,37.4400,100
55657365557733,15:27:37.365,37.4400,100
55657366411254,15:27:37.366,37.4400,100
55673111622625,15:27:53.111,37.4400,100
55673121542017,15:27:53.121,37.4400,56
55673125126645,15:27:53.125,37.4400,44
55673125126645,15:27:53.125,37.4400,56
55673125588677,15:27:53.125,37.4400,25
55673403312018,15:27:53.403,37.4700,100
55673418584350,15:27:53.418,37.4700,100
55745504336406,15:29:05.504,37.4800,16
55745504336406,15:29:05.504,37.4800,84
55745504780484,15:29:05.504,37.4800,16
55753012733696,15:29:13.012,37.4900,70
55791316243599,15:29:51.316,37.5000,1
55799165109336,15:29:59.165,37.4500,100
55803504760268,15:30:03.504,37.4500,100
55803504919721,15:30:03.504,37.4500,124
55803504928711,15:30:03.504,37.4500,49
55803505289971,15:30:03.505,37.4500,27
55803505289971,15:30:03.505,37.4500,20
55803556649280,15:30:03.556,37.4400,100
55803556649280,15:30:03.556,37.4400,100
55804153622047,15:30:04.153,37.4500,1
55820705838349,15:30:20.705,37.4200,100
55827257628800,15:30:27.257,37.4200,100
55829773490394,15:30:29.773,37.3900,100
55833016132128,15:30:33.016,37.4300,54
55833016175084,15:30:33.016,37.4300,46
55870529105686,15:31:10.529,37.4300,7
55870529105686,15:31:10.529,37.4300,93
55870529166199,15:31:10.529,37.4300,7
55916576987138,15:31:56.576,37.5000,72
55916577043334,15:31:56.577,37.5000,27
55949743219275,15:32:29.743,37.4900,7
55953448562373,15:32:33.448,37.4800,100
55953448620757,15:32:33.448,37.4800,100
55953448659974,15:32:33.448,37.4800,50
55953449763966,15:32:33.449,37.4700,156
55953449763966,15:32:33.449,37.4700,100
55953449763966,15:32:33.449,37.4700,1
55953449763966,15:32:33.449,37.4700,100
55953449763966,15:32:33.449,37.4700,143
55953449805343,15:32:33.449,37.4700,57
56008013866147,15:33:28.013,37.4600,6
56054370795146,15:34:14.370,37.4400,100
56054370795146,15:34:14.370,37.4400,100
56054370849407,15:34:14.370,37.4400,100
56054371235543,15:34:14.371,37.4400,300
56054371235543,15:34:14.371,37.4400,21
56054371248511,15:34:14.371,37.4400,43
56054371566678,15:34:14.371,37.4400,100
56054371566678,15:34:14.371,37.4400,100
56055325603836,15:34:15.325,37.4300,3
56068058610106,15:34:28.058,37.4500,7
56068288590346,15:34:28.288,37.4500,97
56068288590346,15:34:28.288,37.4400,3
56068298861501,15:34:28.298,37.4400,35
56068298861501,15:34:28.298,37.4000,65
56073408125188,15:34:33.408,37.4400,5
56073408125188,15:34:33.408,37.4400,5
56126659581818,15:35:26.659,37.4400,100
56188607001351,15:36:28.607,37.4600,7
56200403748242,15:36:40.403,37.4400,100
56200403748242,15:36:40.403,37.4400,50
56200403748242,15:36:40.403,37.4400,50
56200403791355,15:36:40.403,37.4400,50
56200405004535,15:36:40.405,37.4300,100
56201465338296,15:36:41.465,37.4200,100
56202521994434,15:36:42.521,37.4000,100
56202521994434,15:36:42.521,37.4000,100
56210396693055,15:36:50.396,37.4200,3
56250715353666,15:37:30.715,37.4400,7
56251541445836,15:37:31.541,37.4600,60
56273466634879,15:37:53.466,37.4700,13
56282637407470,15:38:02.637,37.4600,6
56282637407470,15:38:02.637,37.4600,94
56282637415942,15:38:02.637,37.4600,93
56282637415942,15:38:02.637,37.4600,100
56282637415942,15:38:02.637,37.4600,7
56282637851479,15:38:02.637,37.4600,93
56282643651315,15:38:02.643,37.4600,50
56282643726298,15:38:02.643,37.4600,157
56282645865203,15:38:02.645,37.4500,100
56287264564297,15:38:07.264,37.4300,100
56291054063891,15:38:11.054,37.4500,36
56316154957539,15:38:36.154,37.4600,164
56372003252489,15:39:32.003,37.4500,7
56381286812068,15:39:41.286,37.4700,100
56403533413012,15:40:03.533,37.4400,1
56403533413012,15:40:03.533,37.4400,49
56403533421876,15:40:03.533,37.4400,49
56403533453325,15:40:03.533,37.4400,55
56403533477876,15:40:03.533,37.4400,147
56403533477876,15:40:03.533,37.4400,34
56439303522303,15:40:39.303,37.4300,100
56439303522303,15:40:39.303,37.4300,100
56443069117252,15:40:43.069,37.4400,7
56454785897967,15:40:54.785,37.4300,100
56454785984376,15:40:54.785,37.4300,100
56454786276654,15:40:54.786,37.4300,100
56454787120489,15:40:54.787,37.4300,200
56460147909197,15:41:00.147,37.4200,49
56460147920282,15:41:00.147,37.4200,49
56460147945788,15:41:00.147,37.4200,2
56460147945788,15:41:00.147,37.4200,56
56460147990189,15:41:00.147,37.4200,44
56474938797898,15:41:14.938,37.4300,7
56474938797898,15:41:14.938,37.4300,31
56480487804115,15:41:20.487,37.4100,100
56480487974741,15:41:20.487,37.4100,100
56481152726519,15:41:21.152,37.3900,100
56487003867555,15:41:27.003,37.3800,100
56488117481839,15:41:28.117,37.3600,5
56516595178941,15:41:56.595,37.3400,5
56516595178941,15:41:56.595,37.3400,95
56516595587362,15:41:56.595,37.3400,5
56517678081791,15:41:57.678,37.3600,11
56517678081791,15:41:57.678,37.3600,89
56517678249181,15:41:57.678,37.3600,100
56555293974033,15:42:35.293,37.3700,7
56563415753243,15:42:43.415,37.4100,7
56583903428458,15:43:03.903,37.4000,15
56583903428458,15:43:03.903,37.4000,7
56583903428458,15:43:03.903,37.4000,100
56591236479055,15:43:11.236,37.4100,175
56591236479055,15:43:11.236,37.4100,25
56591236895362,15:43:11.236,37.4100,75
56591237091140,15:43:11.237,37.4000,4
56638037494532,15:43:58.037,37.4100,100
56670779810413,15:44:30.779,37.4100,7
56703367747128,15:45:03.367,37.4200,7
56703367840054,15:45:03.367,37.4100,100
56703376703650,15:45:03.376,37.4100,103
56703705215471,15:45:03.705,37.4100,100
56731671583411,15:45:31.671,37.4200,100
56737482048773,15:45:37.482,37.4300,1
56737650083229,15:45:37.650,37.4300,94
56737650114456,15:45:37.650,37.4300,6
56737650114456,15:45:37.650,37.4300,124
56755790842038,15:45:55.790,37.4400,14
56758356946700,15:45:58.356,37.4500,3
56794141929123,15:46:34.141,37.4400,6
56818363874036,15:46:58.363,37.4400,32
56818363970417,15:46:58.363,37.4400,100
56818363980066,15:46:58.363,37.4400,168
56818363980066,15:46:58.363,37.4400,32
56818364003489,15:46:58.364,37.4400,68
56818365066689,15:46:58.365,37.4300,200
56818365066689,15:46:58.365,37.4300,200
56818386727095,15:46:58.386,37.4200,100
56818971194076,15:46:58.971,37.3900,200
56818986853954,15:46:58.986,37.3800,100
56852647363302,15:47:32.647,37.3700,7
56852647469458,15:47:32.647,37.3800,9
56852647469458,15:47:32.647,37.3800,100
56852648208345,15:47:32.648,37.3800,100
56856090703879,15:47:36.090,37.3800,1
56856090703879,15:47:36.090,37.3800,99
56866223264961,15:47:46.223,37.3900,72
56866223264961,15:47:46.223,37.3900,100
56866223264961,15:47:46.223,37.3900,128
56866223307175,15:47:46.223,37.3900,68
