timestamp,time,price,volume
34200442884794,09:30:00.442,32.5900,2304
34427550477559,09:33:47.550,32.5100,2
34427550477559,09:33:47.550,32.5100,100
34427550477559,09:33:47.550,32.5100,67
34427551201188,09:33:47.551,32.4300,200
34427552166484,09:33:47.552,32.4300,100
34427743303061,09:33:47.743,32.3800,6
34633824322828,09:37:13.824,32.4300,100
34892762172683,09:41:32.762,32.4100,100
34892762279761,09:41:32.762,32.4100,100
34892762331463,09:41:32.762,32.4100,84
34892762404890,09:41:32.762,32.4100,41
34892763706916,09:41:32.763,32.3400,18
34892764031189,09:41:32.764,32.3400,52
34892766273870,09:41:32.766,32.3400,19
35032968822247,09:43:52.968,32.2800,80
35043901228506,09:44:03.901,32.2800,20
35043901228506,09:44:03.901,32.2800,80
35043901258945,09:44:03.901,32.2800,20
35043901293300,09:44:03.901,32.2800,100
35043901380492,09:44:03.901,32.2800,100
35399868539680,09:49:59.868,32.1200,5
35399868539680,09:49:59.868,32.1400,84
35399868626458,09:49:59.868,32.1500,100
35399868901966,09:49:59.868,32.1700,100
35399869334039,09:49:59.869,32.1500,100
35871749391987,09:57:51.749,32.1800,100
36297648831614,10:04:57.648,32.1300,100
36308248456200,10:05:08.248,32.0600,100
36308248692227,10:05:08.248,32.0600,10
36927245118369,10:15:27.245,32.0600,100
36927245769493,10:15:27.245,32.0500,100
37687346246039,10:28:07.346,32.1800,100
37687346246039,10:28:07.346,32.1800,100
37687361409444,10:28:07.361,32.2100,100
37687654214046,10:28:07.654,32.2600,100
37914424901185,10:31:54.424,32.2700,100
38098178324163,10:34:58.178,32.2500,100
38269669605854,10:37:49.669,32.2500,5
38269669605854,10:37:49.669,32.2500,100
38269669605854,10:37:49.669,32.2500,100
38269669639167,10:37:49.669,32.2500,100
38269669978014,10:37:49.669,32.2400,100
38269669978014,10:37:49.669,32.2400,30
38269669979537,10:37:49.669,32.2400,70
38269670343769,10:37:49.670,32.2400,38
38269670370846,10:37:49.670,32.2400,62
38269670416578,10:37:49.670,32.2400,38
38269736086073,10:37:49.736,32.2400,100
38319526248805,10:38:39.526,32.2800,100
38658539171281,10:44:18.539,32.3500,100
38885785026416,10:48:05.785,32.2900,65
38885785026416,10:48:05.785,32.2900,100
38886183687662,10:48:06.183,32.2800,100
39465497510210,10:57:45.497,32.2400,12
39465497510210,10:57:45.497,32.2300,53
39476693903838,10:57:56.693,32.2300,12
39476693903838,10:57:56.693,32.2100,88
39650905762152,11:00:50.905,32.2000,100
39664091286501,11:01:04.091,32.2400,100
39780614163548,11:03:00.614,32.3000,100
39921910482259,11:05:21.910,32.2900,9
39921910482259,11:05:21.910,32.2900,62
39921910523439,11:05:21.910,32.2700,63
39921910524769,11:05:21.910,32.2700,37
39921910524769,11:05:21.910,32.2700,21
39921912724640,11:05:21.912,32.2900,38
39921912752952,11:05:21.912,32.2900,18
39922321754940,11:05:22.321,32.2700,79
40280717317054,11:11:20.717,32.1500,12
40280717341632,11:11:20.717,32.1500,88
40772080792924,11:19:32.080,32.0700,100
40931669681149,11:22:11.669,32.0000,50
40931669681149,11:22:11.669,32.0000,1
40931669728977,11:22:11.669,32.0000,100
40931669852674,11:22:11.669,32.0000,10
40931671475294,11:22:11.671,32.0000,100
40931694362228,11:22:11.694,31.9900,100
40932889326308,11:22:12.889,31.9800,100
40932889351114,11:22:12.889,31.9800,200
41056099645221,11:24:16.099,32.0000,200
41056099936053,11:24:16.099,32.0100,100
41297837622949,11:28:17.837,31.9800,2
41546940283658,11:32:26.940,31.9600,100
41546940534650,11:32:26.940,31.9500,58
41546940534650,11:32:26.940,31.9500,51
41546940539745,11:32:26.940,31.9500,17
41618552536728,11:33:38.552,32.0000,100
41618698963094,11:33:38.698,32.0100,4
41621956269306,11:33:41.956,31.9800,5
41835520791548,11:37:15.520,31.9500,45
41835520836968,11:37:15.520,31.9500,13
41835520859953,11:37:15.520,31.9500,7
41835520859953,11:37:15.520,31.9500,4
41854249831413,11:37:34.249,31.9500,5
42377938203440,11:46:17.938,32.0100,10
42409998721731,11:46:49.998,32.0600,100
42409998986247,11:46:49.998,32.0500,4
42409999204663,11:46:49.999,32.0600,4
42511760391884,11:48:31.760,32.0700,64
42511811931959,11:48:31.811,32.0800,100
42636767826505,11:50:36.767,32.0800,24
42693915386652,11:51:33.915,32.0700,100
43017607844063,11:56:57.607,32.1100,100
43052389036263,11:57:32.389,32.1000,24
43052389066002,11:57:32.389,32.1000,5
43052389066002,11:57:32.389,32.0900,95
43052600100467,11:57:32.600,32.0900,5
43203320362978,12:00:03.320,32.1500,100
43203320362978,12:00:03.320,32.1500,100
43203320554469,12:00:03.320,32.1600,95
43203320622697,12:00:03.320,32.1600,5
43300786742494,12:01:40.786,32.1700,63
43560174524378,12:06:00.174,32.1700,58
43560174524378,12:06:00.174,32.1700,2
43702253253931,12:08:22.253,32.1900,83
43702253270016,12:08:22.253,32.1900,17
43702253651330,12:08:22.253,32.2000,100
43702253651330,12:08:22.253,32.2000,100
43745313828895,12:09:05.313,32.2000,36
43745478038384,12:09:05.478,32.2200,100
44240008371372,12:17:20.008,32.3500,78
44240008598010,12:17:20.008,32.3500,17
44250328879723,12:17:30.328,32.3200,100
44250329389152,12:17:30.329,32.3100,100
44630764344419,12:23:50.764,32.3000,15
44630764377146,12:23:50.764,32.3000,85
44811749467604,12:26:51.749,32.3400,100
45377487494863,12:36:17.487,32.3000,10
45377487494863,12:36:17.487,32.3000,6
45710327314103,12:41:50.327,32.2700,100
45710327542336,12:41:50.327,32.2700,100
45967688403999,12:46:07.688,32.2500,1
45967688403999,12:46:07.688,32.2500,9
45967688403999,12:46:07.688,32.2500,89
45967688403999,12:46:07.688,32.2500,1
45967688753082,12:46:07.688,32.2500,100
45988658748903,12:46:28.658,32.2600,100
46553572565987,12:55:53.572,32.2800,100
47028538244296,13:03:48.538,32.2900,6
47028538760828,13:03:48.538,32.2600,87
47028539282484,13:03:48.539,32.2600,13
47844195760286,13:17:24.195,32.2400,3
47844195760286,13:17:24.195,32.2400,97
48495664843661,13:28:15.664,32.2600,4
48495664906639,13:28:15.664,32.2300,22
48495664906639,13:28:15.664,32.2200,78
48510806518250,13:28:30.806,32.2600,22
49513069410990,13:45:13.069,32.3000,7
49513069560924,13:45:13.069,32.2900,59
49513069623811,13:45:13.069,32.2900,41
49513070182719,13:45:13.070,32.2800,100
49788209195691,13:49:48.209,32.2800,100
50606608896449,14:03:26.608,32.3700,100
50675030708983,14:04:35.030,32.3900,100
50707447497144,14:05:07.447,32.4700,100
50707447497144,14:05:07.447,32.4700,100
50707447735647,14:05:07.447,32.4700,100
50898533683046,14:08:18.533,32.4700,100
50898533683046,14:08:18.533,32.4700,5
50898533683046,14:08:18.533,32.4700,195
50898533711303,14:08:18.533,32.4700,5
50898534340513,14:08:18.534,32.4500,100
50898534340513,14:08:18.534,32.4500,44
50898534341433,14:08:18.534,32.4500,43
50898534351044,14:08:18.534,32.4500,13
50930490920662,14:08:50.490,32.4400,100
51075332649638,14:11:15.332,32.4500,10
51075332649638,14:11:15.332,32.4500,65
51075332678226,14:11:15.332,32.4500,35
51147585361686,14:12:27.585,32.5000,30
51183367606590,14:13:03.367,32.5000,87
51183367609253,14:13:03.367,32.5000,44
51183367772074,14:13:03.367,32.5000,39
51474366895727,14:17:54.366,32.5200,6
51474368529913,14:17:54.368,32.5200,91
51474376523503,14:17:54.376,32.5000,32
51474376550857,14:17:54.376,32.5000,22
51474376552825,14:17:54.376,32.5000,46
51474377435832,14:17:54.377,32.5000,20
51474378502473,14:17:54.378,32.5000,31
51475254909192,14:17:55.254,32.5000,31
51582284482164,14:19:42.284,32.5300,100
52029049321948,14:27:09.049,32.5500,11
52029049438349,14:27:09.049,32.5400,100
52029049438349,14:27:09.049,32.5400,100
52029050104973,14:27:09.050,32.5300,100
52029050507042,14:27:09.050,32.5300,29
52074489743501,14:27:54.489,32.4800,100
52275178319669,14:31:15.178,32.4600,100
52275178625557,14:31:15.178,32.4700,82
52275178648012,14:31:15.178,32.4700,18
52281036099146,14:31:21.036,32.5100,30
52572509030571,14:36:12.509,32.4800,100
52572509030571,14:36:12.509,32.4800,4
52572509060185,14:36:12.509,32.4700,10
52572509062437,14:36:12.509,32.4700,41
52572509263401,14:36:12.509,32.4700,41
52572509263855,14:36:12.509,32.4700,8
52572509263855,14:36:12.509,32.4700,55
52572509319662,14:36:12.509,32.4700,45
52572509319662,14:36:12.509,32.4700,55
52575361658617,14:36:15.361,32.4600,100
52715626150761,14:38:35.626,32.5000,100
52722972940715,14:38:42.972,32.4900,100
52931563044101,14:42:11.563,32.5000,82
52931563077175,14:42:11.563,32.5000,18
52992742613937,14:43:12.742,32.4900,100
52996006528300,14:43:16.006,32.4800,42
52996006530923,14:43:16.006,32.4800,58
53090243048186,14:44:50.243,32.5000,100
53090243317585,14:44:50.243,32.5000,100
53188336155883,14:46:28.336,32.5200,100
53188338571659,14:46:28.338,32.5300,4
53216218931081,14:46:56.218,32.5600,100
53526677150565,14:52:06.677,32.5400,100
53542003764275,14:52:22.003,32.5700,100
53659656747436,14:54:19.656,32.5600,100
53798392525695,14:56:38.392,32.5900,100
54118827401003,15:01:58.827,32.5500,100
54138577495436,15:02:18.577,32.5500,20
54138577495436,15:02:18.577,32.5400,100
54138577495436,15:02:18.577,32.5400,80
54138577734749,15:02:18.577,32.5400,20
54258685093779,15:04:18.685,32.5200,40
54277553400510,15:04:37.553,32.5100,100
54329025315370,15:05:29.025,32.5000,20
54431547371436,15:07:11.547,32.4600,1
54467380607788,15:07:47.380,32.4700,100
54467681384134,15:07:47.681,32.4800,52
54467681417865,15:07:47.681,32.4800,48
54467681417865,15:07:47.681,32.4800,100
54467681419864,15:07:47.681,32.4800,91
54467781068878,15:07:47.781,32.4900,100
54532851627985,15:08:52.851,32.4800,100
54552413284035,15:09:12.413,32.4700,100
54552413863423,15:09:12.413,32.4700,100
54552478962087,15:09:12.478,32.4800,100
54552479030682,15:09:12.479,32.4700,100
54609915957084,15:10:09.915,32.4600,1
54649067715979,15:10:49.067,32.4400,1
54649067715979,15:10:49.067,32.4400,99
54657799795135,15:10:57.799,32.4400,100
54657800987032,15:10:57.800,32.4400,1
54756811477830,15:12:36.811,32.4600,155
54756811481673,15:12:36.811,32.4600,45
54756811481673,15:12:36.811,32.4600,32
54756811502827,15:12:36.811,32.4600,68
54890208040440,15:14:50.208,32.5000,100
54890209085761,15:14:50.209,32.5000,100
54948001346162,15:15:48.001,32.5300,100
55058442905652,15:17:38.442,32.4900,55
55058442910614,15:17:38.442,32.4900,45
55058442910614,15:17:38.442,32.4900,32
55058443041927,15:17:38.443,32.4900,168
55060676829040,15:17:40.676,32.4800,2
55101797940201,15:18:21.797,32.4900,100
55101797940201,15:18:21.797,32.4900,100
55212628767940,15:20:12.628,32.5300,100
55212628767940,15:20:12.628,32.5300,100
55296742138970,15:21:36.742,32.5000,100
55323535735396,15:22:03.535,32.5200,100
55323535735396,15:22:03.535,32.5200,200
55323535735396,15:22:03.535,32.5700,200
55323535735396,15:22:03.535,32.5700,100
55323537959563,15:22:03.537,32.6000,100
55323537959563,15:22:03.537,32.6000,100
55323537959563,15:22:03.537,32.6000,100
55323537959563,15:22:03.537,32.6000,100
55323539026340,15:22:03.539,32.6000,100
55323539026340,15:22:03.539,32.6000,100
55323539971911,15:22:03.539,32.6000,77
55323540695683,15:22:03.540,32.6000,123
55323540695683,15:22:03.540,32.6000,77
55323540844929,15:22:03.540,32.6000,100
55323540844929,15:22:03.540,32.6000,100
55323545281520,15:22:03.545,32.6000,100
55323552460705,15:22:03.552,32.6000,100
55324544576882,15:22:04.544,32.6000,100
55324544576882,15:22:04.544,32.6000,200
55324544683149,15:22:04.544,32.6000,200
55324544711795,15:22:04.544,32.6000,100
55324544711795,15:22:04.544,32.6000,100
55324544711795,15:22:04.544,32.6000,100
55324544711795,15:22:04.544,32.6000,100
55324544735245,15:22:04.544,32.6000,100
55324544735245,15:22:04.544,32.6000,100
55324544735245,15:22:04.544,32.6000,100
55324544964406,15:22:04.544,32.6000,30
55324545007201,15:22:04.545,32.6000,70
55324545007201,15:22:04.545,32.6000,104
55324545276716,15:22:04.545,32.6000,30
55324545304536,15:22:04.545,32.6000,66
55324545304536,15:22:04.545,32.6000,200
55324545334604,15:22:04.545,32.6000,100
55324545646591,15:22:04.545,32.6000,100
55324545769111,15:22:04.545,32.6000,100
55324546354159,15:22:04.546,32.6000,100
55324546354159,15:22:04.546,32.6000,1000
55325021619567,15:22:05.021,32.6000,200
55325021768508,15:22:05.021,32.6000,200
55325021768508,15:22:05.021,32.6000,200
55325021816164,15:22:05.021,32.6000,100
55325022314897,15:22:05.022,32.6000,100
55325022340080,15:22:05.022,32.6000,100
55325022340080,15:22:05.022,32.6000,100
55325023363703,15:22:05.023,32.6000,100
55325023363703,15:22:05.023,32.6000,700
55325182906783,15:22:05.182,32.6100,100
55325182934217,15:22:05.182,32.6100,63
55325503373676,15:22:05.503,32.6000,200
55326549392614,15:22:06.549,32.6000,200
55326549936408,15:22:06.549,32.6000,100
55327580372236,15:22:07.580,32.5900,100
55329537220510,15:22:09.537,32.5800,100
55330711578614,15:22:10.711,32.6000,100
55346567855708,15:22:26.567,32.5500,21
55346567855708,15:22:26.567,32.5500,10
55348768002640,15:22:28.768,32.5700,100
55348768002640,15:22:28.768,32.5700,100
55383790755181,15:23:03.790,32.5800,100
55383790755181,15:23:03.790,32.5800,100
55383790755181,15:23:03.790,32.5900,76
55383790755181,15:23:03.790,32.5900,100
55383790755181,15:23:03.790,32.5900,100
55383792339433,15:23:03.792,32.6100,4
55384311543651,15:23:04.311,32.6400,100
55499846060800,15:24:59.846,32.6000,100
55499846060800,15:24:59.846,32.6000,100
55499846060800,15:24:59.846,32.6000,100
55499846060800,15:24:59.846,32.6000,100
55500364622986,15:25:00.364,32.6400,100
55501861934352,15:25:01.861,32.6500,100
55570004628588,15:26:10.004,32.6100,32
55570004655609,15:26:10.004,32.6100,68
55673185968165,15:27:53.185,32.5900,55
55673185972418,15:27:53.185,32.5900,38
55673185974446,15:27:53.185,32.5900,7
55785459277469,15:29:45.459,32.5800,4
55800104816221,15:30:00.104,32.6200,10
55879944729344,15:31:19.944,32.5500,1
55879944807457,15:31:19.944,32.5500,58
55892643823625,15:31:32.643,32.5800,100
55910109688635,15:31:50.109,32.5800,100
55916028814233,15:31:56.028,32.5800,200
55916028814233,15:31:56.028,32.5800,3
55986537434556,15:33:06.537,32.6200,100
56052628778147,15:34:12.628,32.5900,86
56052628803469,15:34:12.628,32.5900,5
56052628803469,15:34:12.628,32.5900,3
56052628803469,15:34:12.628,32.5900,100
56120537041024,15:35:20.537,32.5700,100
56238595208652,15:37:18.595,32.5600,100
56271325232026,15:37:51.325,32.5700,100
56271325232026,15:37:51.325,32.5700,300
56271325278448,15:37:51.325,32.5700,100
56271325440656,15:37:51.325,32.5700,100
56271335722116,15:37:51.335,32.5700,10
56271340550583,15:37:51.340,32.5800,100
56271340550583,15:37:51.340,32.5800,100
56271340550583,15:37:51.340,32.5800,100
56271343979790,15:37:51.343,32.6000,100
56271914328414,15:37:51.914,32.6300,100
56271914357166,15:37:51.914,32.6300,100
56278821416534,15:37:58.821,32.6000,200
56278821568876,15:37:58.821,32.6000,100
56278821861181,15:37:58.821,32.6000,300
56278822213083,15:37:58.822,32.6000,100
56278956690011,15:37:58.956,32.6000,10
56280054492687,15:38:00.054,32.6100,100
56285207403096,15:38:05.207,32.6000,100
56289013570643,15:38:09.013,32.6000,1
56403241915086,15:40:03.241,32.6000,1
56417669935133,15:40:17.669,32.5900,94
56436509917190,15:40:36.509,32.5800,2
56436509940627,15:40:36.509,32.5800,73
56466896276151,15:41:06.896,32.5700,100
56466896454986,15:41:06.896,32.5700,100
56485026074603,15:41:25.026,32.5600,100
56509393773120,15:41:49.393,32.5300,84
56709000919501,15:45:09.000,32.5500,100
56709001215540,15:45:09.001,32.5500,100
56709001215540,15:45:09.001,32.5500,100
56709001246800,15:45:09.001,32.5500,100
56716526078928,15:45:16.526,32.5600,90
56716526106732,15:45:16.526,32.5600,10
56716526106732,15:45:16.526,32.5600,100
56716526106732,15:45:16.526,32.5600,100
56744020402710,15:45:44.020,32.5700,4
56744020402710,15:45:44.020,32.5700,100
56744020402710,15:45:44.020,32.5700,100
56744020402710,15:45:44.020,32.5700,95
56744020402710,15:45:44.020,32.5700,100
56744038349840,15:45:44.038,32.5900,100
56744341472355,15:45:44.341,32.5900,10
56744342732030,15:45:44.342,32.5900,90
56746547214450,15:45:46.547,32.5800,100
56746547720681,15:45:46.547,32.5800,10
56746547883538,15:45:46.547,32.5800,100
56746547976490,15:45:46.547,32.5800,100
56746549623982,15:45:46.549,32.5800,90
56746750782098,15:45:46.750,32.5800,10
56746750782098,15:45:46.750,32.5900,10
56746750782098,15:45:46.750,32.5900,100
56746750782098,15:45:46.750,32.5900,100
56746750782098,15:45:46.750,32.5900,100
56760960170802,15:46:00.960,32.6200,10
56872787740920,15:47:52.787,32.6300,100
56872787740920,15:47:52.787,32.6300,100
56872787971620,15:47:52.787,32.6300,100
56872798642012,15:47:52.798,32.6400,100
56950520326247,15:49:10.520,32.6500,36
57013319730320,15:50:13.319,32.6500,70
57013996734157,15:50:13.996,32.6500,100
57043386115295,15:50:43.386,32.6500,100
57063424538672,15:51:03.424,32.6600,100
57063424538672,15:51:03.424,32.6600,100
57074523330584,15:51:14.523,32.6800,100
57074523330584,15:51:14.523,32.6800,100
57074523330584,15:51:14.523,32.6800,100
57074523330584,15:51:14.523,32.6800,100
57084981849127,15:51:24.981,32.6800,42
57101809507576,15:51:41.809,32.6700,10
57127413254249,15:52:07.413,32.6700,40
57144167365887,15:52:24.167,32.6600,57
57144167626252,15:52:24.167,32.6600,14
57147520728035,15:52:27.520,32.6600,229
57147522096721,15:52:27.522,32.6600,100
57148630744271,15:52:28.630,32.6600,20
57170019102450,15:52:50.019,32.6600,100
57181330631118,15:53:01.330,32.6600,180
57181330631118,15:53:01.330,32.6600,20
57218790339340,15:53:38.790,32.6600,1
57253603177953,15:54:13.603,32.6600,6
57274695190914,15:54:34.695,32.6600,100
57274695659815,15:54:34.695,32.6600,55
57283615349775,15:54:43.615,32.6600,21
57283643393304,15:54:43.643,32.6600,3
57290439755984,15:54:50.439,32.6600,94
57290439755984,15:54:50.439,32.6600,6
57290439786835,15:54:50.439,32.6600,102
57290441370767,15:54:50.441,32.6500,100
57300076384062,15:55:00.076,32.6400,100
57300076384062,15:55:00.076,32.6400,100
57300076384062,15:55:00.076,32.6400,200
57300076384062,15:55:00.076,32.6400,112
57300078943112,15:55:00.078,32.6400,88
57300078943112,15:55:00.078,32.6400,2
57305344273983,15:55:05.344,32.6500,100
57305476069815,15:55:05.476,32.6500,100
57309143708661,15:55:09.143,32.6400,13
57320437913321,15:55:20.437,32.6400,110
57322730965902,15:55:22.730,32.6300,100
57322730965902,15:55:22.730,32.6300,18
57322730965902,15:55:22.730,32.6300,82
57397629295916,15:56:37.629,32.6400,100
57397629295916,15:56:37.629,32.6400,10
57397629295916,15:56:37.629,32.6400,364
57397629295916,15:56:37.629,32.6400,5
57397629295916,15:56:37.629,32.6400,8
57397629295916,15:56:37.629,32.6400,94
57397629295916,15:56:37.629,32.6400,5
57397629295916,15:56:37.629,32.6400,38
57417167635328,15:56:57.167,32.6550,100
57429215811008,15:57:09.215,32.6500,22
57467452607808,15:57:47.452,32.6500,60
57467452607808,15:57:47.452,32.6500,40
57467452634685,15:57:47.452,32.6500,1
57467454093295,15:57:47.454,32.6500,59
57467454093295,15:57:47.454,32.6500,100
57467454093295,15:57:47.454,32.6500,54
57467454135407,15:57:47.454,32.6500,19
57467454213103,15:57:47.454,32.6500,98
57467454213103,15:57:47.454,32.6500,2
57467454264793,15:57:47.454,32.6500,19
57467483830873,15:57:47.483,32.6500,79
57467483830873,15:57:47.483,32.6500,21
57467645705230,15:57:47.645,32.6500,100
57503906491909,15:58:23.906,32.6350,54
57503906491909,15:58:23.906,32.6400,46
57507325801552,15:58:27.325,32.6400,54
57507325801552,15:58:27.325,32.6400,100
57507325801552,15:58:27.325,32.6400,166
57507325801552,15:58:27.325,32.6400,86
57507326159823,15:58:27.326,32.6400,14
57507326159823,15:58:27.326,32.6400,21
57534452490960,15:58:54.452,32.6400,1
57534455023604,15:58:54.455,32.6400,1
57570640624698,15:59:30.640,32.6450,16
57571067391610,15:59:31.067,32.6450,21
57583226473029,15:59:43.226,32.6450,18
57583226473029,15:59:43.226,32.6450,1
57584624429605,15:59:44.624,32.6400,1
57585254011370,15:59:45.254,32.6400,180
57586164279390,15:59:46.164,32.6400,59
57586164279390,15:59:46.164,32.6400,33
57589980038643,15:59:49.980,32.6400,15
57591029393141,15:59:51.029,32.6450,22
57593187994451,15:59:53.187,32.6450,13
57595020142550,15:59:55.020,32.6400,10
57595055014374,15:59:55.055,32.6400,42
57595055014374,15:59:55.055,32.6400,17
57595077273020,15:59:55.077,32.6450,51
57596004141558,15:59:56.004,32.6500,37
57596004509035,15:59:56.004,32.6550,22
57596004607413,15:59:56.004,32.6550,55
57596004607413,15:59:56.004,32.6700,100
57596004607413,15:59:56.004,32.6700,8
57600398089282,16:00:00.398,32.6400,93
57600398089282,16:00:00.398,32.6400,19671
