timestamp,time,price,volume
34200084773605,09:30:00.084,22.0000,2007
34200085304057,09:30:00.085,21.9900,1
34254984431144,09:30:54.984,22.1600,100
34320108920141,09:32:00.108,22.1800,100
34320109304151,09:32:00.109,22.1600,100
34434771424394,09:33:54.771,22.2800,100
34434774254367,09:33:54.774,22.2850,100
34434778350876,09:33:54.778,22.2850,100
34444154927089,09:34:04.154,22.1550,100
34449527008107,09:34:09.527,22.1700,1
34469399029830,09:34:29.399,22.1300,100
34546173859984,09:35:46.173,22.1400,100
34546198897024,09:35:46.198,21.9700,100
34546203375999,09:35:46.203,21.9700,100
34546203884818,09:35:46.203,21.9400,50
34552950373021,09:35:52.950,21.8900,5
34687659708491,09:38:07.659,22.0000,100
34687659708491,09:38:07.659,22.0000,100
34687661241780,09:38:07.661,22.0350,100
34687671348241,09:38:07.671,22.0300,100
34687689709564,09:38:07.689,22.0200,100
34687694746291,09:38:07.694,22.0200,100
34687699779002,09:38:07.699,21.9700,100
34691016317425,09:38:11.016,22.0100,100
34704505611352,09:38:24.505,22.0850,100
34704529086746,09:38:24.529,21.9900,100
34725688291470,09:38:45.688,21.9500,100
34725688357885,09:38:45.688,21.9500,100
34725688432506,09:38:45.688,21.9500,100
34737065119526,09:38:57.065,21.8500,5
34737068047670,09:38:57.068,21.7900,100
34737068105234,09:38:57.068,21.7800,100
34737068162420,09:38:57.068,21.7800,100
34751978557754,09:39:11.978,21.9500,100
34752810546020,09:39:12.810,21.8850,100
34752811050639,09:39:12.811,21.9000,100
34752811050639,09:39:12.811,21.9000,100
34752811064165,09:39:12.811,21.8700,99
34752811402726,09:39:12.811,21.8800,100
34752823110621,09:39:12.823,21.9000,100
34753709750953,09:39:13.709,21.8000,100
34781412596785,09:39:41.412,21.7900,100
34781412908949,09:39:41.412,21.8200,100
34845581318379,09:40:45.581,21.9000,100
34845581318379,09:40:45.581,21.9000,100
34845584322297,09:40:45.584,21.9750,100
34845587794726,09:40:45.587,21.9750,100
34866509755811,09:41:06.509,21.9750,100
34866521991130,09:41:06.521,21.9000,100
34866525855620,09:41:06.525,21.8900,100
34866525855620,09:41:06.525,21.9000,600
34866525891149,09:41:06.525,21.9000,100
35224578964399,09:47:04.578,21.7950,50
35319820246229,09:48:39.820,21.7800,27
35385738519399,09:49:45.738,21.7800,23
35385738519399,09:49:45.738,21.7600,77
35398050437524,09:49:58.050,21.7800,100
35398052541045,09:49:58.052,21.7800,100
35398052541045,09:49:58.052,21.7600,100
35398052620216,09:49:58.052,21.7600,23
35398052620216,09:49:58.052,21.7600,77
35398052622985,09:49:58.052,21.7600,23
35593468308431,09:53:13.468,21.7750,100
35593468308431,09:53:13.468,21.7600,194
35593468372195,09:53:13.468,21.7600,100
35647505707870,09:54:07.505,21.7550,100
35698757487910,09:54:58.757,21.8000,100
35698757487910,09:54:58.757,21.8000,100
35698757487910,09:54:58.757,21.8000,100
35698757583602,09:54:58.757,21.8000,100
35698757592415,09:54:58.757,21.8000,100
35698757658600,09:54:58.757,21.8000,12
35698757708014,09:54:58.757,21.8000,100
35698759334577,09:54:58.759,21.8000,100
35951309911061,09:59:11.309,21.7900,1
36010599661385,10:00:10.599,21.7800,400
36010599661385,10:00:10.599,21.7800,200
36010599661385,10:00:10.599,21.7800,100
36010603754955,10:00:10.603,21.7900,57
36239014825648,10:03:59.014,21.7600,100
36240510986457,10:04:00.510,21.7600,200
36241010175892,10:04:01.010,21.7600,100
36243410224174,10:04:03.410,21.7600,200
36259954077774,10:04:19.954,21.7550,100
36259956037196,10:04:19.956,21.7550,100
36260039295115,10:04:20.039,21.7500,100
36260139157258,10:04:20.139,21.7500,100
36260240942616,10:04:20.240,21.7500,42
36260478459575,10:04:20.478,21.7550,58
36266470024782,10:04:26.470,21.7550,60
36348263463902,10:05:48.263,21.8000,200
36348263463902,10:05:48.263,21.8000,100
36348263463902,10:05:48.263,21.8000,26
36348266200432,10:05:48.266,21.8000,100
36348266209034,10:05:48.266,21.8000,68
36348266214541,10:05:48.266,21.8000,70
36348266216560,10:05:48.266,21.8100,100
36348266216560,10:05:48.266,21.8100,100
36348266247201,10:05:48.266,21.8000,70
36348266585583,10:05:48.266,21.8100,100
36348266585583,10:05:48.266,21.8100,100
36348266926094,10:05:48.266,21.8200,2
36348267046202,10:05:48.267,21.8200,98
36348267046202,10:05:48.267,21.8200,100
36348299852594,10:05:48.299,21.8300,92
36361245051596,10:06:01.245,21.8300,8
36408830252304,10:06:48.830,21.8500,100
36408830252304,10:06:48.830,21.8500,11
36408880879010,10:06:48.880,21.8300,92
36714773792052,10:11:54.773,21.8500,100
36714773792052,10:11:54.773,21.8500,11
36714776108966,10:11:54.776,21.8500,100
36714776272710,10:11:54.776,21.8500,100
36714777785615,10:11:54.777,21.8500,100
36714779322628,10:11:54.779,21.8500,100
36714780689075,10:11:54.780,21.8500,100
36714862134280,10:11:54.862,21.8700,100
36715260640338,10:11:55.260,21.8750,100
36743901517181,10:12:23.901,21.8700,100
36841321411433,10:14:01.321,21.8550,4
36844524030298,10:14:04.524,21.8550,96
36844531733759,10:14:04.531,21.8300,200
36844539363572,10:14:04.539,21.7800,100
36844539411259,10:14:04.539,21.7700,100
36844539806314,10:14:04.539,21.7700,128
36844539816851,10:14:04.539,21.7700,72
36849368632686,10:14:09.368,21.7100,168
36849368632686,10:14:09.368,21.7100,32
36961349541683,10:16:01.349,21.7450,11
37214784821998,10:20:14.784,21.7450,89
37321227208461,10:22:01.227,21.7600,3
37561290502389,10:26:01.290,21.7600,4
37627738246043,10:27:07.738,21.7800,100
37627739222805,10:27:07.739,21.7900,200
37627739247344,10:27:07.739,21.7900,100
37627739287020,10:27:07.739,21.7900,100
37627739311811,10:27:07.739,21.7900,5
37630237107352,10:27:10.237,21.8100,100
37631237168575,10:27:11.237,21.8100,100
37632237227251,10:27:12.237,21.8100,100
37633237288601,10:27:13.237,21.8100,100
37634237353534,10:27:14.237,21.8100,100
37635238412921,10:27:15.238,21.8100,95
37656864702151,10:27:36.864,21.8100,100
37678240741304,10:27:58.240,21.8000,10
38041321614147,10:34:01.321,21.7800,1
38281207582525,10:38:01.207,21.7950,5
38284406394255,10:38:04.406,21.8100,100
38284406394255,10:38:04.406,21.8100,100
38284406394255,10:38:04.406,21.8100,5
38284406394255,10:38:04.406,21.8100,100
38284406836708,10:38:04.406,21.8200,66
38284406837272,10:38:04.406,21.8200,12
38284407244289,10:38:04.407,21.8200,22
38284407244289,10:38:04.407,21.8200,33
38284407246404,10:38:04.407,21.8200,44
38284407296290,10:38:04.407,21.8200,23
38296526786035,10:38:16.526,21.8300,100
38296527107879,10:38:16.527,21.8300,100
38296527354622,10:38:16.527,21.8300,100
38297163201408,10:38:17.163,21.8550,100
38353248725790,10:39:13.248,21.8800,100
38353663901029,10:39:13.663,21.8350,100
38761489229012,10:46:01.489,21.8500,100
38763551720467,10:46:03.551,21.8450,100
38802367822540,10:46:42.367,21.8550,100
38802367822540,10:46:42.367,21.8500,200
38822706360822,10:47:02.706,21.8350,100
38822807422427,10:47:02.807,21.8350,100
38829570782843,10:47:09.570,21.8350,100
38829570782843,10:47:09.570,21.8200,100
38829570782843,10:47:09.570,21.8200,300
38829570821605,10:47:09.570,21.8200,100
38829571380686,10:47:09.571,21.8200,15
38830116122059,10:47:10.116,21.8200,100
38832325124889,10:47:12.325,21.8000,400
38832326260211,10:47:12.326,21.8000,100
38881257250556,10:48:01.257,21.8050,7
38947080100758,10:49:07.080,21.8000,200
38947085633131,10:49:07.085,21.8000,65
38947085656765,10:49:07.085,21.8000,132
38947085672172,10:49:07.085,21.8000,3
38958766953756,10:49:18.766,21.7900,93
38967111856757,10:49:27.111,21.8000,100
38999111583912,10:49:59.111,21.8050,100
39001269878004,10:50:01.269,21.8000,6
39191836129090,10:53:11.836,21.8000,94
39191836129090,10:53:11.836,21.7950,6
39213285391583,10:53:33.285,21.8000,10
39361308729507,10:56:01.308,21.7950,2
39481358015752,10:58:01.358,21.7950,3
39537960854831,10:58:57.960,21.8100,1
39663391394349,11:01:03.391,21.8100,99
39663391394349,11:01:03.391,21.8100,100
39663391394349,11:01:03.391,21.8100,5
39663401490746,11:01:03.401,21.8200,100
39663475342957,11:01:03.475,21.8200,100
39663476052826,11:01:03.476,21.8200,100
39687640658791,11:01:27.640,21.8500,1600
39687640658791,11:01:27.640,21.8500,100
39687640658791,11:01:27.640,21.8500,100
39687640658791,11:01:27.640,21.8500,300
39687640765313,11:01:27.640,21.8500,200
39687641057730,11:01:27.641,21.8500,5
39687642413172,11:01:27.642,21.8450,100
39687644660041,11:01:27.644,21.8400,100
39691437727451,11:01:31.437,21.7900,100
39691659775709,11:01:31.659,21.7800,2
39691659775709,11:01:31.659,21.7800,98
39693366813531,11:01:33.366,21.7800,100
39961291011782,11:06:01.291,21.7500,4
39976541670956,11:06:16.541,21.7500,96
39976556079202,11:06:16.556,21.7100,100
39976557778595,11:06:16.557,21.7100,236
39976557778595,11:06:16.557,21.7000,164
39976557833478,11:06:16.557,21.7000,236
39976576666514,11:06:16.576,21.6950,2
39979464030544,11:06:19.464,21.7000,10
39979464044030,11:06:19.464,21.7000,88
39979464044030,11:06:19.464,21.6600,100
39979464044030,11:06:19.464,21.6600,100
39981049870158,11:06:21.049,21.6750,100
39982214772457,11:06:22.214,21.6550,100
39982218208562,11:06:22.218,21.6300,200
39982218784252,11:06:22.218,21.6300,200
39982218784252,11:06:22.218,21.6300,177
39983564286880,11:06:23.564,21.6500,100
39985545201367,11:06:25.545,21.6500,100
39990072673469,11:06:30.072,21.6550,50
39992599939340,11:06:32.599,21.6300,50
39992599939340,11:06:32.599,21.6200,50
40044645517324,11:07:24.645,21.5850,11
40056497640498,11:07:36.497,21.6200,2
40056497640498,11:07:36.497,21.6200,23
40081245951154,11:08:01.245,21.5900,4
40108239052689,11:08:28.239,21.5850,85
40108239052689,11:08:28.239,21.5600,50
40108239052689,11:08:28.239,21.5600,100
40108239052689,11:08:28.239,21.5600,100
40108239052689,11:08:28.239,21.5600,100
40108239052689,11:08:28.239,21.5600,133
40108240030449,11:08:28.240,21.5500,47
40108353837347,11:08:28.353,21.5300,42
40108353837347,11:08:28.353,21.5200,10
40108353837347,11:08:28.353,21.5100,100
40108353837347,11:08:28.353,21.5100,100
40108354736983,11:08:28.354,21.5000,130
40108354736983,11:08:28.354,21.5000,100
40108355152186,11:08:28.355,21.5000,4
40108356367936,11:08:28.356,21.5000,75
40108362024785,11:08:28.362,21.4700,25
40108482287444,11:08:28.482,21.4700,100
40108484548570,11:08:28.484,21.4700,100
40108496917018,11:08:28.496,21.4500,42
40108497055941,11:08:28.497,21.4500,100
40108762215730,11:08:28.762,21.4400,100
40108762215730,11:08:28.762,21.4300,100
40113361352586,11:08:33.361,21.4200,100
40113361352586,11:08:33.361,21.3900,200
40113361352586,11:08:33.361,21.3900,100
40114262233275,11:08:34.262,21.3700,100
40114264985150,11:08:34.264,21.4000,4
40115977341699,11:08:35.977,21.3400,200
40115977341699,11:08:35.977,21.3300,100
40115977341699,11:08:35.977,21.3300,100
40117220782259,11:08:37.220,21.3400,400
40117220782259,11:08:37.220,21.3400,100
40117220782259,11:08:37.220,21.3400,400
40118487798983,11:08:38.487,21.3100,200
40118551551944,11:08:38.551,21.3000,10
40118551551944,11:08:38.551,21.3000,100
40118552643994,11:08:38.552,21.3300,100
40118552669158,11:08:38.552,21.3400,100
40118552669158,11:08:38.552,21.3400,13
40118552881946,11:08:38.552,21.3300,100
40174526477015,11:09:34.526,21.4250,100
40174528230081,11:09:34.528,21.4250,100
40183708130666,11:09:43.708,21.4400,100
40183708130666,11:09:43.708,21.4400,101
40187225109214,11:09:47.225,21.4400,100
40197118690911,11:09:57.118,21.4400,93
40197118690911,11:09:57.118,21.4500,193
40197118731493,11:09:57.118,21.4500,7
40197118731493,11:09:57.118,21.4500,1
40197118813398,11:09:57.118,21.4600,8
40197119153237,11:09:57.119,21.4600,44
40197119165250,11:09:57.119,21.4600,8
40197833428586,11:09:57.833,21.4600,40
40197833428586,11:09:57.833,21.4600,160
40197833434793,11:09:57.833,21.4600,40
40197833434793,11:09:57.833,21.4600,1
40197833463874,11:09:57.833,21.4600,41
40197833466524,11:09:57.833,21.4600,41
40197833493535,11:09:57.833,21.4600,18
40197845997241,11:09:57.845,21.4800,100
40230646455603,11:10:30.646,21.4800,294
40230646455603,11:10:30.646,21.4900,100
40230646455603,11:10:30.646,21.4900,1
40230646455603,11:10:30.646,21.4900,100
40230665094145,11:10:30.665,21.5000,1395
40230665127475,11:10:30.665,21.5000,100
40230665131278,11:10:30.665,21.5000,123
40230665135608,11:10:30.665,21.5000,97
40230665143245,11:10:30.665,21.5000,100
40230665146236,11:10:30.665,21.5000,62
40230665153165,11:10:30.665,21.5000,63
40230665219472,11:10:30.665,21.5000,216
40230665219472,11:10:30.665,21.5000,100
40230665219472,11:10:30.665,21.5000,100
40340899662201,11:12:20.899,21.4900,100
40442227920365,11:14:02.227,21.5100,1
40456225376356,11:14:16.225,21.5100,294
40456225376356,11:14:16.225,21.5200,1
40456225376356,11:14:16.225,21.5200,1
40456225376356,11:14:16.225,21.5200,100
40456225376356,11:14:16.225,21.5200,300
40456225376356,11:14:16.225,21.5200,307
40456225376356,11:14:16.225,21.5200,397
40456226270525,11:14:16.226,21.5200,22
40456245139713,11:14:16.245,21.5200,278
40456245139713,11:14:16.245,21.5200,2
40456245139713,11:14:16.245,21.5200,20
40456357107531,11:14:16.357,21.5200,80
40456357107531,11:14:16.357,21.5200,2
40456357107531,11:14:16.357,21.5200,300
40456726996070,11:14:16.726,21.5100,100
40456741066529,11:14:16.741,21.5200,100
40456959879490,11:14:16.959,21.5200,100
40457068446913,11:14:17.068,21.5200,100
40457068446913,11:14:17.068,21.5200,1
40457068446913,11:14:17.068,21.5200,75
40457068505065,11:14:17.068,21.5200,1
40457068571628,11:14:17.068,21.5200,100
40457068628715,11:14:17.068,21.5200,96
40457069059939,11:14:17.069,21.5100,100
40457081532988,11:14:17.081,21.5200,31
40457726513839,11:14:17.726,21.5300,69
40489253950577,11:14:49.253,21.5300,96
40492539524306,11:14:52.539,21.5300,100
40518616988587,11:15:18.616,21.5150,100
40518616988587,11:15:18.616,21.5000,100
40518617039519,11:15:18.617,21.5000,100
40518617447506,11:15:18.617,21.5000,2
40518617471609,11:15:18.617,21.5000,75
40518617486004,11:15:18.617,21.5000,23
40518617486004,11:15:18.617,21.5000,39
40518617492455,11:15:18.617,21.5000,61
40518617492455,11:15:18.617,21.5000,2
40530313578554,11:15:30.313,21.5200,1
40530313884112,11:15:30.313,21.5200,51
40530315848931,11:15:30.315,21.5300,143
40530316847966,11:15:30.316,21.5300,61
40530316847966,11:15:30.316,21.5300,100
40530316847966,11:15:30.316,21.5300,39
40530316887396,11:15:30.316,21.5300,38
40530316928474,11:15:30.316,21.5300,23
40530316928474,11:15:30.316,21.5300,100
40532068356323,11:15:32.068,21.5400,100
40532068356323,11:15:32.068,21.5400,25
40532068395035,11:15:32.068,21.5400,75
40532068419088,11:15:32.068,21.5400,75
40532068423127,11:15:32.068,21.5400,25
40532068423127,11:15:32.068,21.5400,75
40567431361592,11:16:07.431,21.5650,100
40567923557863,11:16:07.923,21.5650,100
40575128444737,11:16:15.128,21.5650,100
40575624193338,11:16:15.624,21.5650,100
40576624099543,11:16:16.624,21.5650,100
40582387490616,11:16:22.387,21.5650,100
40583162963282,11:16:23.162,21.5650,45
40648692383640,11:17:28.692,21.5600,100
40648692383640,11:17:28.692,21.5300,200
40648693152355,11:17:28.693,21.5300,100
40681519306404,11:18:01.519,21.5400,2
40706833984124,11:18:26.833,21.5600,3
40706833984124,11:18:26.833,21.5600,1
40706833984124,11:18:26.833,21.5600,2
40706833984124,11:18:26.833,21.5600,43
40706834039552,11:18:26.834,21.5600,57
40706834039552,11:18:26.834,21.5600,100
40706835129622,11:18:26.835,21.5700,4
40706835129622,11:18:26.835,21.5700,196
40706835548980,11:18:26.835,21.5700,404
40706835548980,11:18:26.835,21.5700,1
40729166987831,11:18:49.166,21.6100,100
40729169024512,11:18:49.169,21.6100,100
40729171065550,11:18:49.171,21.6100,100
40729172948363,11:18:49.172,21.6100,98
40737649018512,11:18:57.649,21.5900,100
40737649018512,11:18:57.649,21.5900,100
40750652055729,11:19:10.652,21.5900,200
40750655358158,11:19:10.655,21.6000,1
40750655358158,11:19:10.655,21.6000,100
40753441225401,11:19:13.441,21.6300,100
40753442232341,11:19:13.442,21.6500,34
40753442388311,11:19:13.442,21.6500,25
40753444724209,11:19:13.444,21.6500,241
40950163956064,11:22:30.163,21.6700,50
41128937277315,11:25:28.937,21.6200,100
41128937277315,11:25:28.937,21.6200,100
41128937319880,11:25:28.937,21.6200,100
41128937348051,11:25:28.937,21.6100,39
41128937369394,11:25:28.937,21.6100,12
41128937382946,11:25:28.937,21.6100,49
41128937921474,11:25:28.937,21.6100,30
41130105435957,11:25:30.105,21.5600,100
41154834289097,11:25:54.834,21.5900,200
41154842015013,11:25:54.842,21.6000,9
41154842015013,11:25:54.842,21.6000,5
41154842015013,11:25:54.842,21.6000,6
41154842015013,11:25:54.842,21.6000,100
41154842015013,11:25:54.842,21.6000,80
41154842085079,11:25:54.842,21.6000,20
41154843660546,11:25:54.843,21.6100,8
41154843660546,11:25:54.843,21.6100,4
41154845391360,11:25:54.845,21.6400,100
41154845391360,11:25:54.845,21.6400,100
41154845489232,11:25:54.845,21.6400,100
41157611012769,11:25:57.611,21.6200,100
41160359635866,11:26:00.359,21.6000,200
41160359686499,11:26:00.359,21.6000,200
41160359694144,11:26:00.359,21.6000,200
41160359732354,11:26:00.359,21.6000,200
41160359764238,11:26:00.359,21.6000,100
41160359771265,11:26:00.359,21.6000,12
41160815206557,11:26:00.815,21.6000,400
41201875547848,11:26:41.875,21.6000,63
41201875552299,11:26:41.875,21.6000,62
41260062142208,11:27:40.062,21.5700,100
41260068783214,11:27:40.068,21.5700,400
41260068818092,11:27:40.068,21.6000,219
41265314591372,11:27:45.314,21.6200,1
41265314591372,11:27:45.314,21.6200,2
41265314591372,11:27:45.314,21.6200,6
41265314649775,11:27:45.314,21.6200,194
41265314649775,11:27:45.314,21.6200,6
41265314744274,11:27:45.314,21.6200,59
41265314798400,11:27:45.314,21.6200,200
41265315284249,11:27:45.315,21.6200,141
41265332711448,11:27:45.332,21.6200,1
41302087275735,11:28:22.087,21.6100,100
41302087864423,11:28:22.087,21.6000,61
41302090697408,11:28:22.090,21.6000,100
41303408419375,11:28:23.408,21.6000,300
41303408447338,11:28:23.408,21.6000,82
41343359478247,11:29:03.359,21.5100,100
41358100187176,11:29:18.100,21.5300,1
41358100187176,11:29:18.100,21.5300,199
41358100229921,11:29:18.100,21.5300,101
41358101373400,11:29:18.101,21.5400,200
41358101427473,11:29:18.101,21.5400,100
41379259192459,11:29:39.259,21.5500,100
41475502766780,11:31:15.502,21.5600,1
41475502766780,11:31:15.502,21.5600,3
41475502766780,11:31:15.502,21.5700,96
41520964477419,11:32:00.964,21.5600,100
41549820603145,11:32:29.820,21.5300,100
41590330576691,11:33:10.330,21.5600,3
41590330576691,11:33:10.330,21.5600,1
41631056914086,11:33:51.056,21.5700,100
41631056914086,11:33:51.056,21.5700,4
41631056914086,11:33:51.056,21.5700,100
41631056914086,11:33:51.056,21.5700,100
41631056914086,11:33:51.056,21.5700,100
41631056914086,11:33:51.056,21.5700,2
41631056914086,11:33:51.056,21.5700,100
41631056914086,11:33:51.056,21.5700,7
41631056914086,11:33:51.056,21.5700,100
41656750093990,11:34:16.750,21.6300,8
41678172358400,11:34:38.172,21.6200,100
41762823151008,11:36:02.823,21.6200,100
41762831936080,11:36:02.831,21.6100,200
41762831955434,11:36:02.831,21.6100,100
41762831955434,11:36:02.831,21.6100,100
41762831955434,11:36:02.831,21.6100,100
41762831955434,11:36:02.831,21.6100,100
41762831955434,11:36:02.831,21.6100,100
41762831955434,11:36:02.831,21.6100,100
41762831955434,11:36:02.831,21.6100,100
41762831955434,11:36:02.831,21.6100,100
41762831955434,11:36:02.831,21.6100,100
41762831955434,11:36:02.831,21.6100,100
41762831955434,11:36:02.831,21.6100,100
41762831955434,11:36:02.831,21.6100,100
41762831955434,11:36:02.831,21.6100,100
41762831955434,11:36:02.831,21.6100,4
41762831992105,11:36:02.831,21.6100,96
41762831992105,11:36:02.831,21.6100,100
41831076592127,11:37:11.076,21.5400,5
42045216237655,11:40:45.216,21.5500,24
42210863514306,11:43:30.863,21.5600,2
42210863514306,11:43:30.863,21.5600,1
42210864533365,11:43:30.864,21.5700,3
42210864533365,11:43:30.864,21.5700,250
42210864533365,11:43:30.864,21.5700,100
42210864533365,11:43:30.864,21.5700,100
42210864533365,11:43:30.864,21.5700,100
42210864588611,11:43:30.864,21.5700,100
42210865370794,11:43:30.865,21.5800,200
42210993222747,11:43:30.993,21.5500,124
42210993222747,11:43:30.993,21.5500,75
42481407398647,11:48:01.407,21.5600,3
42507217599143,11:48:27.217,21.5600,3
42520300623282,11:48:40.300,21.5600,3
42547037384096,11:49:07.037,21.5600,91
42547037588253,11:49:07.037,21.5400,100
42547037588253,11:49:07.037,21.5400,100
42547037588253,11:49:07.037,21.5400,1
42547037588253,11:49:07.037,21.5400,75
42547037588253,11:49:07.037,21.5400,24
42547037742813,11:49:07.037,21.5400,100
42549592322520,11:49:09.592,21.5000,200
42549592322520,11:49:09.592,21.5000,100
42549592322520,11:49:09.592,21.5000,100
42608874123855,11:50:08.874,21.4900,1
42680907449146,11:51:20.907,21.5050,3
42701549053487,11:51:41.549,21.5050,1
42751057532060,11:52:31.057,21.5050,1
42772095388200,11:52:52.095,21.5050,4
42873624018669,11:54:33.624,21.5150,1
42895335705111,11:54:55.335,21.5150,4
42930743585973,11:55:30.743,21.5150,1
42951198099807,11:55:51.198,21.5150,2
42960044338133,11:56:00.044,21.5150,1
43053554404014,11:57:33.554,21.5200,4
43103347867969,11:58:23.347,21.5200,2
43146948988065,11:59:06.948,21.5200,2
43168172058999,11:59:28.172,21.5400,300
43168172058999,11:59:28.172,21.5400,100
43168172774754,11:59:28.172,21.5500,200
43168172808581,11:59:28.172,21.5500,100
43168172808581,11:59:28.172,21.5500,100
43168172833544,11:59:28.172,21.5500,100
43168173530218,11:59:28.173,21.5500,30
43168173530218,11:59:28.173,21.5500,66
43168554911111,11:59:28.554,21.5550,92
43168557050722,11:59:28.557,21.5700,100
43252270775852,12:00:52.270,21.5650,14
43253610647829,12:00:53.610,21.5650,6
43307910765690,12:01:47.910,21.5800,48
43330397663482,12:02:10.397,21.5800,52
43330397663482,12:02:10.397,21.5800,100
43330397663482,12:02:10.397,21.5800,100
43330398367635,12:02:10.398,21.5900,51
43330398421515,12:02:10.398,21.5900,55
43330398824398,12:02:10.398,21.5900,194
43330399402439,12:02:10.399,21.6100,100
43712797863257,12:08:32.797,21.6250,2
43733927034143,12:08:53.927,21.6250,9
43751334279117,12:09:11.334,21.6500,100
43751334279117,12:09:11.334,21.6500,1
43751334279117,12:09:11.334,21.6500,99
43751334516314,12:09:11.334,21.6500,1
43751334516314,12:09:11.334,21.6500,99
43751334655910,12:09:11.334,21.6500,1
43751335390227,12:09:11.335,21.6600,200
43751335438203,12:09:11.335,21.6600,2
43751356057988,12:09:11.356,21.6650,2
43752688822408,12:09:12.688,21.6800,8
43752702369068,12:09:12.702,21.7200,100
43752705151376,12:09:12.705,21.6850,18
44033032539600,12:13:53.032,21.7200,1
44113889834435,12:15:13.889,21.6950,100
44113889834435,12:15:13.889,21.7200,100
44113889888536,12:15:13.889,21.7200,100
44113889888536,12:15:13.889,21.7200,100
44113890193478,12:15:13.890,21.7200,100
44113890193478,12:15:13.890,21.7200,1
44113890193478,12:15:13.890,21.7200,100
44171090610338,12:16:11.090,21.7300,3
44171092068509,12:16:11.092,21.7400,4
44171092675625,12:16:11.092,21.7400,100
44171107609729,12:16:11.107,21.7500,97
44414598848515,12:20:14.598,21.7350,14
44500025224697,12:21:40.025,21.7350,86
44500025224697,12:21:40.025,21.7350,100
44520313732460,12:22:00.313,21.7300,100
44520332503420,12:22:00.332,21.7250,2
44520667418280,12:22:00.667,21.7250,98
44520667418280,12:22:00.667,21.7250,2
44520667594944,12:22:00.667,21.7250,98
44520667594944,12:22:00.667,21.7200,2
44520667691051,12:22:00.667,21.7200,98
44522844546988,12:22:02.844,21.7150,16
44522866323303,12:22:02.866,21.7100,2
44527540695644,12:22:07.540,21.7100,3
44527541325744,12:22:07.541,21.7100,81
44534149600011,12:22:14.149,21.7100,3
44535795447331,12:22:15.795,21.7100,97
44535795447331,12:22:15.795,21.7100,3
44573380714058,12:22:53.380,21.7100,97
44573380714058,12:22:53.380,21.7100,3
44711186604624,12:25:11.186,21.7200,100
44711186604624,12:25:11.186,21.7200,100
44711186734514,12:25:11.186,21.7200,1
44711186734514,12:25:11.186,21.7200,98
44711187547842,12:25:11.187,21.7200,2
44711187547842,12:25:11.187,21.7200,198
44711188026618,12:25:11.188,21.7200,1
44711205975497,12:25:11.205,21.7150,2
44751988372404,12:25:51.988,21.7200,100
44751988372404,12:25:51.988,21.7200,33
44751995865759,12:25:51.995,21.7200,67
44751995865759,12:25:51.995,21.7200,6
44751995865759,12:25:51.995,21.7200,100
44751996331916,12:25:51.996,21.7300,100
44751996333184,12:25:51.996,21.7300,2
44751996339353,12:25:51.996,21.7300,4
44751996339353,12:25:51.996,21.7300,100
44752000898533,12:25:52.000,21.7300,100
44755210386355,12:25:55.210,21.7300,99
44755210419033,12:25:55.210,21.7300,100
44755210484508,12:25:55.210,21.7300,1
44755210600166,12:25:55.210,21.7300,99
44755210637946,12:25:55.210,21.7450,1
44755210699724,12:25:55.210,21.7450,99
44755210758274,12:25:55.210,21.7450,1
44755210805764,12:25:55.210,21.7450,94
44755210805764,12:25:55.210,21.7300,5
44760946700408,12:26:00.946,21.7450,100
44850125252882,12:27:30.125,21.7450,1
44850125324727,12:27:30.125,21.7450,1
44850125347802,12:27:30.125,21.7450,2
44850125348600,12:27:30.125,21.7450,2
44850125362326,12:27:30.125,21.7450,94
44850125362326,12:27:30.125,21.7450,6
44868310106729,12:27:48.310,21.7400,2
44868310107396,12:27:48.310,21.7400,2
44868310196757,12:27:48.310,21.7400,2
44868654479232,12:27:48.654,21.7350,88
44868662826098,12:27:48.662,21.7300,1
44880575467569,12:28:00.575,21.7350,100
44880577297694,12:28:00.577,21.7350,86
44895407768019,12:28:15.407,21.7200,100
44895407768019,12:28:15.407,21.7200,1
44924744312835,12:28:44.744,21.6750,100
44926668560254,12:28:46.668,21.6700,100
44929176253172,12:28:49.176,21.6400,94
45043201772382,12:30:43.201,21.6400,1
45103465154464,12:31:43.465,21.6400,2
45115585070151,12:31:55.585,21.6700,100
45115592619548,12:31:55.592,21.6700,3
45115592619548,12:31:55.592,21.6700,200
45115592619548,12:31:55.592,21.6700,100
45115592944898,12:31:55.592,21.6800,50
45115593101969,12:31:55.593,21.6800,50
45116830297886,12:31:56.830,21.6900,100
45212741601612,12:33:32.741,21.6950,4
45368330048543,12:36:08.330,21.6950,96
45532996268802,12:38:52.996,21.7000,100
45563047509924,12:39:23.047,21.7000,100
45563127954654,12:39:23.127,21.7000,100
45563646080338,12:39:23.646,21.7000,100
45566393735927,12:39:26.393,21.7000,100
45566405369189,12:39:26.405,21.6800,2
45566405369189,12:39:26.405,21.6800,100
45566405369189,12:39:26.405,21.6800,100
45566405369189,12:39:26.405,21.6800,100
45674080858649,12:41:14.080,21.6800,4
45675860734792,12:41:15.860,21.6800,1
45746574574130,12:42:26.574,21.6800,2
45759737880647,12:42:39.737,21.6750,2
45767224818962,12:42:47.224,21.6600,100
45774047047993,12:42:54.047,21.6750,100
45782703068856,12:43:02.703,21.6750,100
45783194451595,12:43:03.194,21.6750,21
45786612133698,12:43:06.612,21.6750,67
45799790993401,12:43:19.790,21.6500,25
45799790993401,12:43:19.790,21.6500,1
45799807978016,12:43:19.807,21.6400,6
45799807978016,12:43:19.807,21.6400,100
45799807978016,12:43:19.807,21.6400,194
45799807998181,12:43:19.807,21.6400,6
45808894662235,12:43:28.894,21.6300,1
45811231908904,12:43:31.231,21.6300,99
45811231908904,12:43:31.231,21.6000,101
45892524216974,12:44:52.524,21.6000,2
45936677295227,12:45:36.677,21.5900,4
45985249059554,12:46:25.249,21.5900,2
46016118651278,12:46:56.118,21.5900,1
46019205795333,12:46:59.205,21.6100,2
46019205795333,12:46:59.205,21.6100,148
46019208310178,12:46:59.208,21.6100,2
46019306824563,12:46:59.306,21.6100,7
46020305419246,12:47:00.305,21.6150,93
46020305419246,12:47:00.305,21.6000,6
46020305419246,12:47:00.305,21.6000,95
46020305419246,12:47:00.305,21.6000,6
46020305490769,12:47:00.305,21.6000,18
46020305513051,12:47:00.305,21.6000,69
46020305513051,12:47:00.305,21.6000,6
46136131777618,12:48:56.131,21.5700,100
46169826794587,12:49:29.826,21.5700,7
46169826794587,12:49:29.826,21.5700,93
46169826832356,12:49:29.826,21.5700,7
46169826832356,12:49:29.826,21.5700,3
46169826832356,12:49:29.826,21.5700,90
46169826836935,12:49:29.826,21.5700,10
46169826836935,12:49:29.826,21.5700,100
46169826836935,12:49:29.826,21.5700,4
46169826846510,12:49:29.826,21.5700,51
46169826853330,12:49:29.826,21.5700,45
46215110968646,12:50:15.110,21.5200,100
46332174280329,12:52:12.174,21.5450,5
46332185430867,12:52:12.185,21.5450,1
46332880246682,12:52:12.880,21.5450,94
46332880246682,12:52:12.880,21.5300,200
46332880246682,12:52:12.880,21.5200,100
46332880246682,12:52:12.880,21.5200,3
46332880246682,12:52:12.880,21.5200,100
46333125807544,12:52:13.125,21.5200,100
46333125807544,12:52:13.125,21.5200,94
46333125807544,12:52:13.125,21.5200,6
46333920549049,12:52:13.920,21.5450,6
46333920600818,12:52:13.920,21.5450,94
46333920600818,12:52:13.920,21.5200,6
46333926693542,12:52:13.926,21.5500,4
46336671437936,12:52:16.671,21.5200,162
46336671470009,12:52:16.671,21.5100,162
46336671470009,12:52:16.671,21.5100,110
46336671470009,12:52:16.671,21.5100,100
46336681754399,12:52:16.681,21.5300,100
46336685196798,12:52:16.685,21.5500,100
46336879928684,12:52:16.879,21.5200,100
46337672346618,12:52:17.672,21.5100,100
46337672346618,12:52:17.672,21.5100,100
46339430501945,12:52:19.430,21.5100,133
46339430548356,12:52:19.430,21.5100,100
46339694091235,12:52:19.694,21.5100,43
46339694091235,12:52:19.694,21.5000,57
46341937281571,12:52:21.937,21.5000,43
46341937281571,12:52:21.937,21.5000,57
46342879634993,12:52:22.879,21.5000,43
46342879634993,12:52:22.879,21.4900,50
46381287067836,12:53:01.287,21.4800,98
46443880681031,12:54:03.880,21.4100,176
46443880681031,12:54:03.880,21.4100,4
46479880641584,12:54:39.880,21.4100,100
46492899746976,12:54:52.899,21.3800,1
46492899746976,12:54:52.899,21.3800,104
46492900550360,12:54:52.900,21.4100,100
46492902869373,12:54:52.902,21.3800,1
46492902869373,12:54:52.902,21.3800,100
46492902869373,12:54:52.902,21.3800,100
46492914201559,12:54:52.914,21.3800,100
46492914201559,12:54:52.914,21.3800,15
46492925131220,12:54:52.925,21.3700,100
46492925131220,12:54:52.925,21.3500,100
46492925131220,12:54:52.925,21.3500,200
46492925174993,12:54:52.925,21.3500,100
46492925175628,12:54:52.925,21.3500,239
46492925179485,12:54:52.925,21.3500,210
46492925227077,12:54:52.925,21.3500,191
46492925500152,12:54:52.925,21.3500,135
46493879493000,12:54:53.879,21.3100,114
46493879826081,12:54:53.879,21.3300,100
46493880233821,12:54:53.880,21.3400,100
46493880756566,12:54:53.880,21.3500,891
46493980064158,12:54:53.980,21.3400,14
46493980064158,12:54:53.980,21.3400,86
46494451047350,12:54:54.451,21.3400,200
46494452736741,12:54:54.452,21.3400,100
46494675630096,12:54:54.675,21.3300,100
46496501643642,12:54:56.501,21.3300,4
46496636492637,12:54:56.636,21.3500,2313
46496636492637,12:54:56.636,21.3500,100
46496636492637,12:54:56.636,21.3500,87
46498945727262,12:54:58.945,21.3500,96
46504108688428,12:55:04.108,21.3500,4
46504108688428,12:55:04.108,21.3500,100
46504108688428,12:55:04.108,21.3500,100
46504108688428,12:55:04.108,21.3500,464
46504108838991,12:55:04.108,21.3500,100
46504108838991,12:55:04.108,21.3500,100
46504109023083,12:55:04.109,21.3500,100
46504109234076,12:55:04.109,21.3500,4
46504109745820,12:55:04.109,21.3500,96
46504109745820,12:55:04.109,21.3500,100
46504109745820,12:55:04.109,21.3500,31
46504109834999,12:55:04.109,21.3500,100
46504112432475,12:55:04.112,21.3500,100
46504112484586,12:55:04.112,21.3500,3
46506965657441,12:55:06.965,21.3900,100
46535809789879,12:55:35.809,21.4300,100
46535809789879,12:55:35.809,21.4300,1
46535809789879,12:55:35.809,21.4300,200
46536062344621,12:55:36.062,21.4300,1
46536062344621,12:55:36.062,21.4400,100
46536062344621,12:55:36.062,21.4400,1
46536062344621,12:55:36.062,21.4400,98
46754797087347,12:59:14.797,21.4600,5
46886238661728,13:01:26.238,21.5200,200
46888118326767,13:01:28.118,21.5300,100
47048576973277,13:04:08.576,21.5900,200
47048576973277,13:04:08.576,21.5900,1
47048576973277,13:04:08.576,21.5900,200
47048576973277,13:04:08.576,21.5900,100
47048578154635,13:04:08.578,21.6000,1
47071916918777,13:04:31.916,21.6500,200
47071916918777,13:04:31.916,21.6600,100
47071916918777,13:04:31.916,21.6600,100
47071916918777,13:04:31.916,21.6600,100
47071916918777,13:04:31.916,21.6600,100
47080239274614,13:04:40.239,21.6500,100
47080239274614,13:04:40.239,21.6500,5
47080694197154,13:04:40.694,21.6100,100
47087473013570,13:04:47.473,21.5900,100
47147451378850,13:05:47.451,21.6000,100
47149473591900,13:05:49.473,21.5800,100
47168727040300,13:06:08.727,21.5800,100
47168727040300,13:06:08.727,21.5700,100
47168727758200,13:06:08.727,21.5700,5
47199044666515,13:06:39.044,21.5100,100
47199886746016,13:06:39.886,21.4800,200
47199887497216,13:06:39.887,21.4700,100
47201748251757,13:06:41.748,21.4600,100
47290380902193,13:08:10.380,21.4500,6
47290381248056,13:08:10.381,21.4400,100
47294404505799,13:08:14.404,21.4500,100
47294404505799,13:08:14.404,21.4500,100
47294404505799,13:08:14.404,21.4500,700
47294406502933,13:08:14.406,21.4600,97
47294406592652,13:08:14.406,21.4600,3
47295272509670,13:08:15.272,21.4500,100
47295276585867,13:08:15.276,21.4200,200
47295277112389,13:08:15.277,21.4200,100
47409173507341,13:10:09.173,21.4900,200
47409173680971,13:10:09.173,21.5000,200
47421816435633,13:10:21.816,21.5000,100
47421817716258,13:10:21.817,21.5000,97
47421817730083,13:10:21.817,21.5000,3
47635056381148,13:13:55.056,21.5150,100
47638184842008,13:13:58.184,21.5400,100
47677235387480,13:14:37.235,21.5400,6
47771256426721,13:16:11.256,21.5300,4
47842019577601,13:17:22.019,21.5600,100
47842019640442,13:17:22.019,21.5600,2
47842019640442,13:17:22.019,21.5600,98
47842019701031,13:17:22.019,21.5600,2
47842019701031,13:17:22.019,21.5600,98
47842020198959,13:17:22.020,21.5600,2
47919943048128,13:18:39.943,21.5650,3
47919943067176,13:18:39.943,21.5650,2
47919943087665,13:18:39.943,21.5650,95
47919943087665,13:18:39.943,21.5700,2
47919943175414,13:18:39.943,21.5800,1
47960200423503,13:19:20.200,21.6000,100
47966230461385,13:19:26.230,21.6000,100
48376347755946,13:26:16.347,21.6000,4
48376347799796,13:26:16.347,21.6000,10
48376347807255,13:26:16.347,21.6000,86
48376347807255,13:26:16.347,21.6000,9
48376347807255,13:26:16.347,21.6000,5
48376347813402,13:26:16.347,21.5900,100
48436478046121,13:27:16.478,21.5900,93
48436478046121,13:27:16.478,21.6000,2
48476556200710,13:27:56.556,21.6000,100
48515887506826,13:28:35.887,21.6000,100
48815450091530,13:33:35.450,21.5600,5
49052785408316,13:37:32.785,21.5500,6
49081021736384,13:38:01.021,21.5800,100
49086043622533,13:38:06.043,21.5550,100
49086044000072,13:38:06.044,21.5800,94
49086044000072,13:38:06.044,21.5800,2
49086044000072,13:38:06.044,21.5800,4
49086370033288,13:38:06.370,21.5600,25
49118856257189,13:38:38.856,21.5800,100
49145138192081,13:39:05.138,21.6000,1
49334954204656,13:42:14.954,21.5600,1
49374323288370,13:42:54.323,21.5850,100
49374327334254,13:42:54.327,21.6100,96
49400281369256,13:43:20.281,21.6100,4
49400281369256,13:43:20.281,21.6100,96
49400282701756,13:43:20.282,21.6100,4
49400282701756,13:43:20.282,21.6100,100
49400283788251,13:43:20.283,21.6200,100
49815102007307,13:50:15.102,21.6000,100
49815102007307,13:50:15.102,21.6000,7
49815102007307,13:50:15.102,21.6000,100
49815102007307,13:50:15.102,21.6000,82
49815102693267,13:50:15.102,21.6000,200
49815162517523,13:50:15.162,21.5900,1
49815162804435,13:50:15.162,21.5900,1
49898359329744,13:51:38.359,21.5900,98
49898359329744,13:51:38.359,21.5900,118
49898359329744,13:51:38.359,21.5900,182
49920672553895,13:52:00.672,21.5600,3
49920672553895,13:52:00.672,21.5600,100
49920672553895,13:52:00.672,21.5600,197
49959164834349,13:52:39.164,21.5600,3
49959164834349,13:52:39.164,21.5600,197
49959164926461,13:52:39.164,21.5600,3
49959164926461,13:52:39.164,21.5600,2
49959164926461,13:52:39.164,21.5600,3
49959164926461,13:52:39.164,21.5600,92
49959164928540,13:52:39.164,21.5600,108
49959165440965,13:52:39.165,21.5700,2
49959168116640,13:52:39.168,21.5600,100
49960024421432,13:52:40.024,21.5700,100
49960024459785,13:52:40.024,21.5700,4
49960917929055,13:52:40.917,21.5500,100
49960917929055,13:52:40.917,21.5400,100
49960917929055,13:52:40.917,21.5400,100
49997677632689,13:53:17.677,21.5600,100
50036281021305,13:53:56.281,21.5600,1
50036281021305,13:53:56.281,21.5600,99
50036281056385,13:53:56.281,21.5600,100
50036281063539,13:53:56.281,21.5600,1
50036281088973,13:53:56.281,21.5700,23
50041289016086,13:54:01.289,21.5600,1
50075197935544,13:54:35.197,21.5700,100
50115790938101,13:55:15.790,21.5800,100
50115790938101,13:55:15.790,21.5800,100
50154533431792,13:55:54.533,21.5800,100
50154533649103,13:55:54.533,21.5800,100
50195755832976,13:56:35.755,21.5900,1
50195755832976,13:56:35.755,21.6000,1
50195755832976,13:56:35.755,21.6000,96
50271278821005,13:57:51.278,21.5850,100
50271714570033,13:57:51.714,21.6000,100
50391251455712,13:59:51.251,21.6000,200
50391251455712,13:59:51.251,21.6000,100
50410090851875,14:00:10.090,21.6100,4
50410090851875,14:00:10.090,21.6100,96
50410091212868,14:00:10.091,21.6100,4
50410091624533,14:00:10.091,21.6200,300
50410091624533,14:00:10.091,21.6200,6
50538432014881,14:02:18.432,21.6700,100
50538432017614,14:02:18.432,21.6700,74
50538432031519,14:02:18.432,21.6700,26
50538432031519,14:02:18.432,21.6600,14
50538432043042,14:02:18.432,21.6600,41
50538432363509,14:02:18.432,21.6600,45
50538432363509,14:02:18.432,21.6500,55
50538432466838,14:02:18.432,21.6500,26
50538432874041,14:02:18.432,21.6500,19
50545105228495,14:02:25.105,21.6100,200
50545105228495,14:02:25.105,21.6000,4
50545105259646,14:02:25.105,21.6000,96
50583595960926,14:03:03.595,21.6300,100
50729454450701,14:05:29.454,21.6900,3
50729454561029,14:05:29.454,21.6900,4
50729454836053,14:05:29.454,21.7000,100
50729454841329,14:05:29.454,21.7000,1
50729454841329,14:05:29.454,21.7000,62
50729454864082,14:05:29.454,21.7000,40
50729455045783,14:05:29.455,21.7000,98
50729455045783,14:05:29.455,21.7000,100
50729455470583,14:05:29.455,21.7000,100
50729499816437,14:05:29.499,21.7150,100
50732432889934,14:05:32.432,21.7700,97
50737869057428,14:05:37.869,21.7800,100
50737869057428,14:05:37.869,21.7800,100
50737871843869,14:05:37.871,21.8200,98
50737898706342,14:05:37.898,21.8300,100
50737915331837,14:05:37.915,21.8300,1
50737915331837,14:05:37.915,21.8300,199
50737924934246,14:05:37.924,21.8300,1
50737924934246,14:05:37.924,21.8400,199
50737933825009,14:05:37.933,21.8400,1
50737933866573,14:05:37.933,21.8400,99
50737939122226,14:05:37.939,21.8450,100
50737939122226,14:05:37.939,21.8500,100
50737939168087,14:05:37.939,21.8500,200
50737939179187,14:05:37.939,21.8500,200
50737939221844,14:05:37.939,21.8500,200
50740423281219,14:05:40.423,21.7800,100
50740423281219,14:05:40.423,21.7600,200
50740423281219,14:05:40.423,21.7600,100
50740435831817,14:05:40.435,21.7500,100
50743339166425,14:05:43.339,21.8200,100
50743339166425,14:05:43.339,21.8200,500
50743362905096,14:05:43.362,21.8500,695
50743362905096,14:05:43.362,21.8500,100
50743362905096,14:05:43.362,21.8500,5
50745926120346,14:05:45.926,21.7800,100
50745926120346,14:05:45.926,21.7700,100
50748566754313,14:05:48.566,21.8400,200
50748566754313,14:05:48.566,21.8400,100
50748566754313,14:05:48.566,21.8500,100
50748566754313,14:05:48.566,21.8500,1300
50749137451378,14:05:49.137,21.8500,300
50749137451378,14:05:49.137,21.8500,100
50749137451378,14:05:49.137,21.8500,100
50749137451378,14:05:49.137,21.8500,900
50749161327107,14:05:49.161,21.8500,100
50749161327107,14:05:49.161,21.8500,300
50751423149047,14:05:51.423,21.8000,100
50756593810791,14:05:56.593,21.8500,300
50756593810791,14:05:56.593,21.8500,100
50756593810791,14:05:56.593,21.8500,100
50756593810791,14:05:56.593,21.8500,100
50756593810791,14:05:56.593,21.8500,200
50756593810791,14:05:56.593,21.8500,300
50756618270791,14:05:56.618,21.8900,100
50756634919767,14:05:56.634,21.9000,500
50758144854566,14:05:58.144,21.8400,100
50792311150869,14:06:32.311,21.8300,100
50792687937728,14:06:32.687,21.8300,35
50792687937728,14:06:32.687,21.8200,100
50792687937728,14:06:32.687,21.8200,65
50792687978162,14:06:32.687,21.8200,35
50793900465156,14:06:33.900,21.7800,100
50793900500458,14:06:33.900,21.7800,100
50793900557018,14:06:33.900,21.7700,100
50809198853417,14:06:49.198,21.7600,100
50809213634772,14:06:49.213,21.7500,100
50880856241559,14:08:00.856,21.7500,100
50880857346619,14:08:00.857,21.7400,100
50880857774688,14:08:00.857,21.7200,100
50981903989214,14:09:41.903,21.7050,100
50990282914261,14:09:50.282,21.7050,7
51014282218258,14:10:14.282,21.7100,100
51014282218258,14:10:14.282,21.7100,1
51014282218258,14:10:14.282,21.7100,4
51015516967761,14:10:15.516,21.7050,93
51015516967761,14:10:15.516,21.6900,16
51015904929522,14:10:15.904,21.6800,100
51041062057640,14:10:41.062,21.7100,100
51041062057640,14:10:41.062,21.7100,100
51041062503542,14:10:41.062,21.7100,1
51068238451742,14:11:08.238,21.7200,100
51068280491548,14:11:08.280,21.7300,200
51068280544330,14:11:08.280,21.7300,200
51068280546137,14:11:08.280,21.7300,67
51068280553752,14:11:08.280,21.7300,33
51068280553752,14:11:08.280,21.7300,1
51068280553752,14:11:08.280,21.7300,100
51068285043425,14:11:08.285,21.7500,100
51068394239278,14:11:08.394,21.7700,100
51070537784242,14:11:10.537,21.7600,100
51070902225517,14:11:10.902,21.7500,100
51070902225517,14:11:10.902,21.7500,9
51187536445967,14:13:07.536,21.8000,2
51187536933694,14:13:07.536,21.8100,1
51308235781426,14:15:08.235,21.8100,100
51308235852226,14:15:08.235,21.8000,100
51308235886072,14:15:08.235,21.8000,60
51308236818700,14:15:08.236,21.8000,40
51308236818700,14:15:08.236,21.7900,60
51309887916543,14:15:09.887,21.7900,40
51309887916543,14:15:09.887,21.7900,100
51314394045205,14:15:14.394,21.7800,200
51315391708751,14:15:15.391,21.7700,100
51315391743011,14:15:15.391,21.7700,100
51321919495705,14:15:21.919,21.7900,100
51321925977341,14:15:21.925,21.8000,3
51321926023597,14:15:21.926,21.8000,3
51321931043935,14:15:21.931,21.8000,97
51321931043935,14:15:21.931,21.8100,4
51321931043935,14:15:21.931,21.8100,100
51321932681250,14:15:21.932,21.8200,100
51328075761969,14:15:28.075,21.8500,100
51328075761969,14:15:28.075,21.8500,300
51340678376738,14:15:40.678,21.8300,100
51340678376738,14:15:40.678,21.8300,100
51414858817082,14:16:54.858,21.8500,2
51414858817082,14:16:54.858,21.8500,100
51414858817082,14:16:54.858,21.8500,1
51414858817082,14:16:54.858,21.8500,17
51414858870797,14:16:54.858,21.8500,83
51414866827408,14:16:54.866,21.8500,2
51443589172975,14:17:23.589,21.8800,100
51443590361357,14:17:23.590,21.8800,100
51444727332176,14:17:24.727,21.8800,100
51447436416600,14:17:27.436,21.8800,100
51450168430101,14:17:30.168,21.8700,100
51450168463909,14:17:30.168,21.8700,6
51452922661509,14:17:32.922,21.8700,200
51484561842100,14:18:04.561,21.9000,1
51524663265682,14:18:44.663,21.9100,100
51524663265682,14:18:44.663,21.9100,100
51524663265682,14:18:44.663,21.9100,1
51524663265682,14:18:44.663,21.9100,1
51562765300586,14:19:22.765,21.8700,100
51562851065397,14:19:22.851,21.8600,100
51566755012122,14:19:26.755,21.8400,41
51566755028121,14:19:26.755,21.8400,40
51568659534179,14:19:28.659,21.8400,100
51583835560087,14:19:43.835,21.8500,1900
51583835605299,14:19:43.835,21.8500,200
51583835615778,14:19:43.835,21.8500,100
51587303338431,14:19:47.303,21.8800,100
51587920891598,14:19:47.920,21.9000,299
51589363039222,14:19:49.363,21.8700,100
51589363039222,14:19:49.363,21.8600,200
51589369955580,14:19:49.369,21.8400,100
51591640315431,14:19:51.640,21.8400,100
51591640315431,14:19:51.640,21.8500,400
51597366982804,14:19:57.366,21.8300,100
51626561453384,14:20:26.561,21.8300,100
51628002795598,14:20:28.002,21.8200,200
51674925592565,14:21:14.925,21.8300,100
51674925592565,14:21:14.925,21.8500,1
51674925592565,14:21:14.925,21.8500,800
51674925592565,14:21:14.925,21.8500,100
51674925592565,14:21:14.925,21.8500,1
51674925592565,14:21:14.925,21.8500,100
51674926266271,14:21:14.926,21.8500,100
51674929377491,14:21:14.929,21.8600,1
51674929377491,14:21:14.929,21.8600,1
51674929377491,14:21:14.929,21.8600,100
51721172871235,14:22:01.172,21.8500,2
51721172871235,14:22:01.172,21.8500,5
51721646799939,14:22:01.646,21.8400,100
51721646799939,14:22:01.646,21.8400,100
51798825994375,14:23:18.825,21.8400,100
51846096141312,14:24:06.096,21.8500,1
51926500405912,14:25:26.500,21.8200,100
51926500405912,14:25:26.500,21.8200,100
51926500405912,14:25:26.500,21.8200,8
51926500572225,14:25:26.500,21.8300,4
51926500844108,14:25:26.500,21.8300,100
51926500864354,14:25:26.500,21.8200,100
51926502680011,14:25:26.502,21.8100,199
51927438894337,14:25:27.438,21.7700,100
51927439310659,14:25:27.439,21.7600,119
51927439310659,14:25:27.439,21.7600,24
51927439312248,14:25:27.439,21.7600,41
51967555492881,14:26:07.555,21.7300,100
51967555492881,14:26:07.555,21.7400,1
51967555492881,14:26:07.555,21.7400,4
51967555492881,14:26:07.555,21.7400,308
51970806537880,14:26:10.806,21.7000,16
51970806537880,14:26:10.806,21.7000,84
52035565392208,14:27:15.565,21.7000,100
52086895951956,14:28:06.895,21.6700,200
52115682663338,14:28:35.682,21.6800,100
52115682663338,14:28:35.682,21.6800,149
52115705030881,14:28:35.705,21.6600,5
52116160602359,14:28:36.160,21.6600,95
52123801889186,14:28:43.801,21.6700,100
52123821441270,14:28:43.821,21.6650,5
52206695856446,14:30:06.695,21.6600,95
52206695969147,14:30:06.695,21.6800,266
52230747434106,14:30:30.747,21.6800,36
52230747568279,14:30:30.747,21.6800,149
52230747568279,14:30:30.747,21.6800,2
52230747568279,14:30:30.747,21.6800,49
52230747619707,14:30:30.747,21.6800,51
52230748200454,14:30:30.748,21.6900,2
52243566639316,14:30:43.566,21.7000,100
52244062738611,14:30:44.062,21.7000,44
52244062738611,14:30:44.062,21.7000,1
52244062757850,14:30:44.062,21.7100,1
52244063187004,14:30:44.063,21.7200,100
52297170779347,14:31:37.170,21.7300,100
52297170779347,14:31:37.170,21.7300,1
52343421084425,14:32:23.421,21.7450,100
52343423076429,14:32:23.423,21.7450,100
52343430422815,14:32:23.430,21.7450,100
52343430422815,14:32:23.430,21.7200,100
52343430422815,14:32:23.430,21.7200,14
52343430499560,14:32:23.430,21.7200,86
52343430499560,14:32:23.430,21.7200,14
52398323061064,14:33:18.323,21.6600,100
52399323137563,14:33:19.323,21.6600,100
52471138605400,14:34:31.138,21.6900,358
52529057190823,14:35:29.057,21.6900,100
52532506785801,14:35:32.506,21.6800,16
52532506800904,14:35:32.506,21.6800,32
52532506807488,14:35:32.506,21.6800,37
52532506839358,14:35:32.506,21.6800,15
52532506839358,14:35:32.506,21.6700,1
52532507385317,14:35:32.507,21.6700,15
52563000050396,14:36:03.000,21.6750,46
52563000054927,14:36:03.000,21.6750,37
52563000059313,14:36:03.000,21.6750,17
52563000068105,14:36:03.000,21.6600,17
52563000657371,14:36:03.000,21.6600,20
52563000704916,14:36:03.000,21.6600,63
52566069826796,14:36:06.069,21.6500,100
52566069865934,14:36:06.069,21.6500,15
52652213668489,14:37:32.213,21.6400,100
52652213668489,14:37:32.213,21.6600,2
52652215154143,14:37:32.215,21.6600,98
52652215154143,14:37:32.215,21.6600,2
52759607229882,14:39:19.607,21.6800,1
52812995077705,14:40:12.995,21.6600,100
52871519384207,14:41:11.519,21.6800,1
52871519384207,14:41:11.519,21.6800,100
52871520800829,14:41:11.520,21.6800,9
52882255548731,14:41:22.255,21.6800,3
52882255548731,14:41:22.255,21.6800,91
52886568962202,14:41:26.568,21.6900,100
52905566063002,14:41:45.566,21.6900,2
52998636398068,14:43:18.636,21.6750,2
53072549302603,14:44:32.549,21.6750,2
53158948202685,14:45:58.948,21.6750,4
53208253655280,14:46:48.253,21.7000,100
53208253655280,14:46:48.253,21.7000,161
53208258147666,14:46:48.258,21.7000,200
53208258194698,14:46:48.258,21.7000,200
53228376199887,14:47:08.376,21.7000,39
53228376199887,14:47:08.376,21.7000,4
53228376199887,14:47:08.376,21.7000,3
53228376199887,14:47:08.376,21.7000,100
53228376199887,14:47:08.376,21.7000,600
53228376199887,14:47:08.376,21.7000,54
53228396339964,14:47:08.396,21.7000,46
53228396339964,14:47:08.396,21.7000,100
53228396339964,14:47:08.396,21.7000,54
53274111865299,14:47:54.111,21.6900,100
53274174840186,14:47:54.174,21.6900,100
53275336318246,14:47:55.336,21.6900,100
53275344138453,14:47:55.344,21.6900,100
53275344138453,14:47:55.344,21.6800,104
53275344157516,14:47:55.344,21.6800,96
53275344157516,14:47:55.344,21.6800,100
53275344157516,14:47:55.344,21.6800,11
53275344157516,14:47:55.344,21.6800,84
53275355713627,14:47:55.355,21.6900,100
53275355713627,14:47:55.355,21.6900,100
53298253417214,14:48:18.253,21.6800,100
53298253417214,14:48:18.253,21.6800,13
53298253417214,14:48:18.253,21.6800,87
53298254149011,14:48:18.254,21.6800,13
53298254149011,14:48:18.254,21.6800,16
53383956228277,14:49:43.956,21.6900,3
53383956228277,14:49:43.956,21.6900,4
53383978053551,14:49:43.978,21.6900,2
53480255215080,14:51:20.255,21.7000,284
53480255294217,14:51:20.255,21.7000,316
53480255294217,14:51:20.255,21.7000,2
53480255294217,14:51:20.255,21.7000,3
53480255294217,14:51:20.255,21.7000,100
53480255294217,14:51:20.255,21.7000,100
53480255294217,14:51:20.255,21.7000,1
53480255294217,14:51:20.255,21.7000,100
53480266055990,14:51:20.266,21.7000,300
53480294028137,14:51:20.294,21.7000,100
53489282559231,14:51:29.282,21.6950,98
53489282559231,14:51:29.282,21.6900,100
53489282559231,14:51:29.282,21.6900,2
53489282600033,14:51:29.282,21.6900,12
53520974258623,14:52:00.974,21.6900,100
53524938816945,14:52:04.938,21.7000,200
53524938891792,14:52:04.938,21.7000,3
53524938891792,14:52:04.938,21.7000,100
53524938891792,14:52:04.938,21.7000,97
53524940437818,14:52:04.940,21.7000,500
53524942876949,14:52:04.942,21.7000,3
53524942876949,14:52:04.942,21.7000,597
53525802099903,14:52:05.802,21.6950,100
53528430498399,14:52:08.430,21.6950,100
53528430498399,14:52:08.430,21.6900,114
53528430538852,14:52:08.430,21.6900,25
53528430539532,14:52:08.430,21.6900,61
53528430539532,14:52:08.430,21.6900,1
53528430836891,14:52:08.430,21.6900,13
53528431526562,14:52:08.431,21.6800,100
53528431773547,14:52:08.431,21.6900,100
53528431773547,14:52:08.431,21.6900,100
53567811962237,14:52:47.811,21.6950,100
53626220214923,14:53:46.220,21.7000,3
53626220214923,14:53:46.220,21.7000,197
53626220264194,14:53:46.220,21.7000,200
53626220534171,14:53:46.220,21.7000,100
53626230836670,14:53:46.230,21.7000,103
53626230836670,14:53:46.230,21.7000,3
53626230836670,14:53:46.230,21.7000,94
53626242977683,14:53:46.242,21.6950,1
53628434730069,14:53:48.434,21.7000,6
53628434730069,14:53:48.434,21.7000,100
53628434730069,14:53:48.434,21.7000,600
53628434730069,14:53:48.434,21.7000,4
53628434730069,14:53:48.434,21.7000,30
53669471210860,14:54:29.471,21.7000,100
53683484780233,14:54:43.484,21.6950,14
53699629270800,14:54:59.629,21.7000,200
53699642569689,14:54:59.642,21.7000,300
53699642569689,14:54:59.642,21.7000,2
53699642569689,14:54:59.642,21.7000,100
53699642569689,14:54:59.642,21.7000,100
53699642569689,14:54:59.642,21.7000,98
53707506874371,14:55:07.506,21.7000,2
53707506874371,14:55:07.506,21.7000,198
53711759912714,14:55:11.759,21.6950,85
53712534735583,14:55:12.534,21.7000,100
53738245718101,14:55:38.245,21.7000,100
53738245826415,14:55:38.245,21.7000,100
53738245826415,14:55:38.245,21.7000,2
53738245826415,14:55:38.245,21.7000,100
53738246160269,14:55:38.246,21.7000,100
53738246241120,14:55:38.246,21.7000,100
53738246241120,14:55:38.246,21.7000,100
53738246241120,14:55:38.246,21.7000,1
53738246325211,14:55:38.246,21.7000,99
53738249006833,14:55:38.249,21.7100,3
53738251115723,14:55:38.251,21.7200,100
53738289207926,14:55:38.289,21.7300,100
53738291283439,14:55:38.291,21.7300,100
53738291283439,14:55:38.291,21.7300,100
53738291283439,14:55:38.291,21.7500,100
53738295314298,14:55:38.295,21.7500,100
53760265978078,14:56:00.265,21.7500,100
53760266010142,14:56:00.266,21.7500,30
53760266010142,14:56:00.266,21.7500,100
53760266010142,14:56:00.266,21.7500,15
53760266010142,14:56:00.266,21.7500,100
53760404745401,14:56:00.404,21.7700,100
53761976832464,14:56:01.976,21.7500,100
53761977915730,14:56:01.977,21.7500,100
53761978874995,14:56:01.978,21.7400,100
53761978874995,14:56:01.978,21.7400,100
53761982669615,14:56:01.982,21.7300,100
53761982669615,14:56:01.982,21.7300,100
53767237826135,14:56:07.237,21.7200,10
53767237826135,14:56:07.237,21.7200,100
53767237826135,14:56:07.237,21.7200,14
53767237826135,14:56:07.237,21.7200,100
53767239927333,14:56:07.239,21.7100,5
53767239927333,14:56:07.239,21.7100,100
53767239927333,14:56:07.239,21.7100,100
53790156255519,14:56:30.156,21.7300,1
53790156255519,14:56:30.156,21.7300,100
53790156260071,14:56:30.156,21.7300,6
53790157423527,14:56:30.157,21.7300,100
53790157516037,14:56:30.157,21.7300,100
53790157523431,14:56:30.157,21.7300,200
53790257642170,14:56:30.257,21.7300,94
53790257642170,14:56:30.257,21.7300,1
53790259899030,14:56:30.259,21.7400,100
53790259958134,14:56:30.259,21.7400,100
53790260011181,14:56:30.260,21.7400,100
53790260566700,14:56:30.260,21.7400,4
53790260592963,14:56:30.260,21.7400,96
53790260592963,14:56:30.260,21.7400,4
53790346844309,14:56:30.346,21.7400,96
53792805061906,14:56:32.805,21.7500,100
53799954691807,14:56:39.954,21.7450,4
53799957507962,14:56:39.957,21.7200,100
53801580089402,14:56:41.580,21.7500,100
53801588292871,14:56:41.588,21.7600,100
53812293225330,14:56:52.293,21.7300,100
53824765816123,14:57:04.765,21.7100,100
53824770524664,14:57:04.770,21.7300,100
53830792466697,14:57:10.792,21.7150,100
53883117188040,14:58:03.117,21.6900,100
53883117188040,14:58:03.117,21.6900,100
53883117668435,14:58:03.117,21.6900,100
53883118002187,14:58:03.118,21.6900,100
53883118073923,14:58:03.118,21.6900,100
53883118114326,14:58:03.118,21.6900,100
54000999043016,15:00:00.999,21.7000,1
54000999043016,15:00:00.999,21.7000,3
54000999043016,15:00:00.999,21.7000,100
54000999944529,15:00:00.999,21.7000,100
54009863442579,15:00:09.863,21.7100,100
54048897058744,15:00:48.897,21.7100,100
54049256039011,15:00:49.256,21.7100,3
54049256079546,15:00:49.256,21.7100,200
54049256095314,15:00:49.256,21.7100,197
54049256095314,15:00:49.256,21.7100,2
54049256095314,15:00:49.256,21.7100,1
54049256119125,15:00:49.256,21.7100,1
54049256119125,15:00:49.256,21.7100,203
54049256458092,15:00:49.256,21.7100,24
54049258935279,15:00:49.258,21.7100,100
54049258935279,15:00:49.258,21.7000,100
54049259997130,15:00:49.259,21.7000,100
54049260042736,15:00:49.260,21.6900,100
54049260042736,15:00:49.260,21.6900,100
54049262299186,15:00:49.262,21.7100,500
54083629415555,15:01:23.629,21.7000,100
54083629415555,15:01:23.629,21.7000,100
54083629415555,15:01:23.629,21.7000,100
54083629415555,15:01:23.629,21.7000,17
54083629939446,15:01:23.629,21.6900,100
54083630722920,15:01:23.630,21.6800,5
54083630722920,15:01:23.630,21.6800,100
54083630722920,15:01:23.630,21.6800,27
54083642244123,15:01:23.642,21.6700,15
54083643150753,15:01:23.643,21.6700,15
54083665259865,15:01:23.665,21.6800,100
54166001821458,15:02:46.001,21.7000,5
54166001821458,15:02:46.001,21.7000,95
54195834579525,15:03:15.834,21.6900,1
54205034749717,15:03:25.034,21.7000,100
54207477687260,15:03:27.477,21.6900,99
54207477687260,15:03:27.477,21.6900,1
54272502483324,15:04:32.502,21.6900,2
54276317323426,15:04:36.317,21.6900,12
54276317323426,15:04:36.317,21.6900,3
54276453412195,15:04:36.453,21.7000,5
54276453412195,15:04:36.453,21.7000,4
54276453412195,15:04:36.453,21.7000,6
54285256613247,15:04:45.256,21.7000,3
54285257622819,15:04:45.257,21.7100,76
54285257622819,15:04:45.257,21.7100,600
54285257706827,15:04:45.257,21.7100,224
54296254403305,15:04:56.254,21.7050,100
54308547377005,15:05:08.547,21.7100,376
54308547377005,15:05:08.547,21.7100,2
54308547377005,15:05:08.547,21.7100,122
54308597977783,15:05:08.597,21.7100,200
54314758008863,15:05:14.758,21.6900,100
54314758008863,15:05:14.758,21.6900,100
54314758672981,15:05:14.758,21.6900,17
54318355501946,15:05:18.355,21.6900,16
54318355829749,15:05:18.355,21.6900,9
54352742968424,15:05:52.742,21.7000,2
54352742968424,15:05:52.742,21.7000,100
54389996972649,15:06:29.996,21.6800,14
54389996972649,15:06:29.996,21.6800,100
54389997725180,15:06:29.997,21.6700,100
54390001944710,15:06:30.001,21.6700,15
54390006854675,15:06:30.006,21.6800,100
54392742498149,15:06:32.742,21.6600,100
54392742498149,15:06:32.742,21.6500,5
54392742498149,15:06:32.742,21.6500,100
54392742498149,15:06:32.742,21.6500,100
54392742543511,15:06:32.742,21.6500,100
54392748314123,15:06:32.748,21.6600,100
54398160548295,15:06:38.160,21.6700,200
54398160548295,15:06:38.160,21.6700,5
54403572966911,15:06:43.572,21.6700,195
54403572966911,15:06:43.572,21.6700,205
54403583252317,15:06:43.583,21.6700,95
54439522027224,15:07:19.522,21.6400,100
54538154686683,15:08:58.154,21.6700,100
54574413968286,15:09:34.413,21.6700,100
54593256062009,15:09:53.256,21.6700,100
54593256062009,15:09:53.256,21.6700,6
54593256062009,15:09:53.256,21.6700,100
54596257432950,15:09:56.257,21.6900,3
54601256601174,15:10:01.256,21.6900,1
54601256601174,15:10:01.256,21.6900,99
54733818559359,15:12:13.818,21.6500,2
54778827061710,15:12:58.827,21.6750,5
54867117460474,15:14:27.117,21.6800,2
54953430644049,15:15:53.430,21.6900,66
54953430644049,15:15:53.430,21.7000,134
54953433924159,15:15:53.433,21.7000,300
54953433971143,15:15:53.433,21.7000,300
54953434044759,15:15:53.434,21.7000,866
54953434044759,15:15:53.434,21.7000,100
54953434044759,15:15:53.434,21.7000,100
54953434044759,15:15:53.434,21.7000,100
54953434044759,15:15:53.434,21.7000,1
54953434044759,15:15:53.434,21.7000,1
54953434044759,15:15:53.434,21.7000,100
54953434044759,15:15:53.434,21.7000,232
54953434282338,15:15:53.434,21.7000,1600
54953434282338,15:15:53.434,21.7000,268
54953944534344,15:15:53.944,21.6900,100
54998529423371,15:16:38.529,21.6950,100
54998529423371,15:16:38.529,21.6900,100
54999481214312,15:16:39.481,21.6900,75
54999481214312,15:16:39.481,21.6900,225
54999481251139,15:16:39.481,21.6900,75
54999481251139,15:16:39.481,21.6900,17
54999481938291,15:16:39.481,21.6800,100
54999482896547,15:16:39.482,21.6700,100
55108353743125,15:18:28.353,21.6900,2
55108353743125,15:18:28.353,21.6900,1
55108353743125,15:18:28.353,21.6900,97
55113257696730,15:18:33.257,21.6900,3
55113257696730,15:18:33.257,21.6900,1
55113257696730,15:18:33.257,21.6900,3
55121908725936,15:18:41.908,21.6900,5
55137809461718,15:18:57.809,21.6900,4
55208296031523,15:20:08.296,21.7000,300
55208296085130,15:20:08.296,21.7000,300
55211596649481,15:20:11.596,21.7000,100
55223083891058,15:20:23.083,21.6900,96
55223083891058,15:20:23.083,21.6900,4
55248878686583,15:20:48.878,21.7000,100
55259401118106,15:20:59.401,21.7000,100
55297892495088,15:21:37.892,21.6950,100
55329048093272,15:22:09.048,21.6900,71
55329048093272,15:22:09.048,21.6900,29
55379525238634,15:22:59.525,21.6900,66
55379525250309,15:22:59.525,21.6900,34
55379525250309,15:22:59.525,21.6900,25
55379525923289,15:22:59.525,21.6800,95
55379528111788,15:22:59.528,21.6800,55
55390120280481,15:23:10.120,21.6700,100
55390120318709,15:23:10.120,21.6700,2
55421101869387,15:23:41.101,21.6900,2
55421103532044,15:23:41.103,21.6900,100
55421103532044,15:23:41.103,21.7000,99
55439723915920,15:23:59.723,21.6800,100
55442621671327,15:24:02.621,21.6800,100
55503173987271,15:25:03.173,21.6500,35
55503173987271,15:25:03.173,21.6500,65
55514166072048,15:25:14.166,21.6400,200
55514175218305,15:25:14.175,21.6300,100
55514175218305,15:25:14.175,21.6300,2
55514175218305,15:25:14.175,21.6300,100
55514175218305,15:25:14.175,21.6300,196
55514175218305,15:25:14.175,21.6300,2
55514404107129,15:25:14.404,21.6000,1
55563671722893,15:26:03.671,21.5800,100
55563671722893,15:26:03.671,21.5800,34
55563671748447,15:26:03.671,21.5800,200
55589479195884,15:26:29.479,21.5600,10
55589836177136,15:26:29.836,21.5600,90
55606009400118,15:26:46.009,21.5700,100
55606009400118,15:26:46.009,21.5700,200
55606009400118,15:26:46.009,21.5800,100
55643718284940,15:27:23.718,21.5500,100
55643718284940,15:27:23.718,21.5500,200
55643718324777,15:27:23.718,21.5500,100
55643718324777,15:27:23.718,21.5500,65
55643718614267,15:27:23.718,21.5500,33
55643718628055,15:27:23.718,21.5500,2
55643720533817,15:27:23.720,21.5400,37
55670962831501,15:27:50.962,21.5400,63
55670962831501,15:27:50.962,21.5400,100
55670962900848,15:27:50.962,21.5400,200
55670970155355,15:27:50.970,21.5400,100
55674801518164,15:27:54.801,21.5400,100
55674801518164,15:27:54.801,21.5400,200
55674801518164,15:27:54.801,21.5400,100
55674801654188,15:27:54.801,21.5500,99
55674801662712,15:27:54.801,21.5500,1
55683033052976,15:28:03.033,21.5800,100
55683366393315,15:28:03.366,21.5900,100
55683366748351,15:28:03.366,21.6000,37
55683367164153,15:28:03.367,21.6000,44
55683367248671,15:28:03.367,21.6000,19
55683367248671,15:28:03.367,21.6000,81
55683367293897,15:28:03.367,21.6000,19
55778319164970,15:29:38.319,21.6100,100
55781376082550,15:29:41.376,21.5800,2
55786508708929,15:29:46.508,21.5900,100
55790448651203,15:29:50.448,21.5800,98
55790448651203,15:29:50.448,21.5800,2
55800266203192,15:30:00.266,21.5900,100
55800266799961,15:30:00.266,21.5900,100
55800266799961,15:30:00.266,21.5900,100
55874532906884,15:31:14.532,21.5900,100
55885599132543,15:31:25.599,21.5800,1
55932303445850,15:32:12.303,21.5800,99
55932303445850,15:32:12.303,21.5800,85
55932303484469,15:32:12.303,21.5800,15
55932303484469,15:32:12.303,21.5800,100
55932303484469,15:32:12.303,21.5800,100
55932303484469,15:32:12.303,21.5800,38
55932306364133,15:32:12.306,21.6000,100
55932306364133,15:32:12.306,21.6000,100
55932306364133,15:32:12.306,21.6000,100
55932361643276,15:32:12.361,21.5800,2
55932361849413,15:32:12.361,21.5800,1
55957116765840,15:32:37.116,21.5800,2
55970818062658,15:32:50.818,21.5800,95
55970818062658,15:32:50.818,21.5800,96
55970818062658,15:32:50.818,21.5800,5
55970818136149,15:32:50.818,21.5800,10
55970818136149,15:32:50.818,21.5800,100
55973565421779,15:32:53.565,21.5900,2
55973565421779,15:32:53.565,21.5900,198
55973629267779,15:32:53.629,21.5700,1
55998348275281,15:33:18.348,21.5700,1
56038395657042,15:33:58.395,21.5700,1
56039028240431,15:33:59.028,21.5700,97
56039028240431,15:33:59.028,21.5700,3
56039028282398,15:33:59.028,21.5700,19
56040502440710,15:34:00.502,21.5700,78
56040503849832,15:34:00.503,21.5600,100
56050596445136,15:34:10.596,21.5600,100
56050596445136,15:34:10.596,21.5600,100
56050596483534,15:34:10.596,21.5600,41
56050604993580,15:34:10.604,21.5700,100
56050604993580,15:34:10.604,21.5700,100
56078106094767,15:34:38.106,21.5600,17
56078106094767,15:34:38.106,21.5600,100
56078106117728,15:34:38.106,21.5600,83
56097430432349,15:34:57.430,21.5500,1
56105449297416,15:35:05.449,21.5500,300
56105449297416,15:35:05.449,21.5500,55
56105449337896,15:35:05.449,21.5500,45
56105449517334,15:35:05.449,21.5500,96
56108363693805,15:35:08.363,21.5600,1
56108363693805,15:35:08.363,21.5600,500
56108364468505,15:35:08.364,21.5500,100
56144128094167,15:35:44.128,21.5500,1
56144129647953,15:35:44.129,21.5600,58
56144130152559,15:35:44.130,21.5600,42
56144133749836,15:35:44.133,21.5700,20
56144231578078,15:35:44.231,21.5700,80
56144265983754,15:35:44.265,21.5700,100
56144285797983,15:35:44.285,21.5700,16
56156059072366,15:35:56.059,21.5700,100
56156059072366,15:35:56.059,21.5700,100
56156059072366,15:35:56.059,21.5700,100
56156059072366,15:35:56.059,21.5800,200
56156059223074,15:35:56.059,21.5800,200
56156060543701,15:35:56.060,21.5900,102
56156060543701,15:35:56.060,21.5900,100
56156060543701,15:35:56.060,21.5900,98
56156061019330,15:35:56.061,21.5900,2
56156061407264,15:35:56.061,21.5900,100
56156061675589,15:35:56.061,21.5900,200
56157836183224,15:35:57.836,21.5800,100
56232179097300,15:37:12.179,21.6000,56
56232179097300,15:37:12.179,21.6000,44
56232179734507,15:37:12.179,21.6000,56
56232179734507,15:37:12.179,21.6000,61
56232179840148,15:37:12.179,21.6000,39
56232181553235,15:37:12.181,21.6000,100
56251425084551,15:37:31.425,21.6000,100
56251430481933,15:37:31.430,21.5900,100
56251430481933,15:37:31.430,21.5900,100
56251488293311,15:37:31.488,21.5900,1
56259687939227,15:37:39.687,21.5900,99
56259687939227,15:37:39.687,21.5900,1
56267940925871,15:37:47.940,21.5900,39
56267940925871,15:37:47.940,21.5900,61
56276183071755,15:37:56.183,21.5900,39
56276183071755,15:37:56.183,21.5900,100
56278935289613,15:37:58.935,21.5800,100
56278935289613,15:37:58.935,21.5800,100
56278935289613,15:37:58.935,21.5800,2
56278935289613,15:37:58.935,21.5800,100
56278993145614,15:37:58.993,21.5700,1
56289937565131,15:38:09.937,21.5700,100
56289937565131,15:38:09.937,21.5700,41
56289937565131,15:38:09.937,21.5700,100
56290157996061,15:38:10.157,21.5600,1
56300941477209,15:38:20.941,21.5600,99
56300942000166,15:38:20.942,21.5600,100
56300998832594,15:38:20.998,21.5400,1
56317448293128,15:38:37.448,21.5300,2
56317448293128,15:38:37.448,21.5300,5
56317448293128,15:38:37.448,21.5300,3
56317448293128,15:38:37.448,21.5300,100
56317448293128,15:38:37.448,21.5300,100
56317448293128,15:38:37.448,21.5300,100
56331109965116,15:38:51.109,21.5200,100
56331109965116,15:38:51.109,21.5100,100
56331109965116,15:38:51.109,21.5100,7
56331115938722,15:38:51.115,21.5000,50
56331115938722,15:38:51.115,21.5000,100
56334045737109,15:38:54.045,21.4900,1
56363120094150,15:39:23.120,21.5100,58
56363120110391,15:39:23.120,21.5100,30
56369190989983,15:39:29.190,21.5100,200
56369191024381,15:39:29.191,21.5100,12
56369191024381,15:39:29.191,21.5100,2
56369191024381,15:39:29.191,21.5100,7
56369191597715,15:39:29.191,21.5200,1
56369191597715,15:39:29.191,21.5200,100
56369191597715,15:39:29.191,21.5200,2
56369191814739,15:39:29.191,21.5100,1
56374672638633,15:39:34.672,21.5400,100
56374672638633,15:39:34.672,21.5300,100
56374672638633,15:39:34.672,21.5300,100
56419986877194,15:40:19.986,21.5300,117
56419986878981,15:40:19.986,21.5300,183
56419987103841,15:40:19.987,21.5200,100
56419987160390,15:40:19.987,21.5200,100
56419987191928,15:40:19.987,21.5200,50
56419987194303,15:40:19.987,21.5200,50
56419987194303,15:40:19.987,21.5200,40
56464014802292,15:41:04.014,21.5000,100
56464014802292,15:41:04.014,21.5000,100
56474998574699,15:41:14.998,21.4900,100
56474998635046,15:41:14.998,21.4900,100
56474999652348,15:41:14.999,21.4900,15
56474999652348,15:41:14.999,21.4900,58
56475198852345,15:41:15.198,21.4800,1
56486003728444,15:41:26.003,21.4800,100
56487857530480,15:41:27.857,21.4800,2
56491451489263,15:41:31.451,21.4800,98
56491451489263,15:41:31.451,21.4800,144
56491451489263,15:41:31.451,21.4800,58
56492590865766,15:41:32.590,21.5100,4
56492590865766,15:41:32.590,21.5100,100
56492590865766,15:41:32.590,21.5100,100
56492590865766,15:41:32.590,21.5100,100
56492590865766,15:41:32.590,21.5100,100
56492590865766,15:41:32.590,21.5100,100
56492596464928,15:41:32.596,21.5200,4
56492596464928,15:41:32.596,21.5200,100
56501002698254,15:41:41.002,21.5300,100
56501003570485,15:41:41.003,21.5500,100
56546899184229,15:42:26.899,21.5800,100
56546899184229,15:42:26.899,21.5600,100
56546899184229,15:42:26.899,21.5600,200
56583130466054,15:43:03.130,21.5600,100
56583130466054,15:43:03.130,21.5600,100
56583130466054,15:43:03.130,21.5600,100
56583130466054,15:43:03.130,21.5600,100
56583130466054,15:43:03.130,21.5600,100
56618936692563,15:43:38.936,21.5900,1
56619087872143,15:43:39.087,21.5900,5
56619127900932,15:43:39.127,21.5900,9
56632333814959,15:43:52.333,21.6200,100
56632434816204,15:43:52.434,21.6100,1
56641432398125,15:44:01.432,21.6200,36
56648144631270,15:44:08.144,21.6200,53
56653089348703,15:44:13.089,21.6100,1
56667065420378,15:44:27.065,21.6100,98
56667065420378,15:44:27.065,21.6100,100
56667065420378,15:44:27.065,21.6100,286
56667065420378,15:44:27.065,21.6100,28
56667065420378,15:44:27.065,21.6100,14
56667065420378,15:44:27.065,21.6100,86
56667065770268,15:44:27.065,21.6000,100
56667065770268,15:44:27.065,21.6000,17
56667065806013,15:44:27.065,21.6000,70
56667065808989,15:44:27.065,21.6000,13
56667069636777,15:44:27.069,21.5900,100
56667069636777,15:44:27.069,21.5900,100
56667072328888,15:44:27.072,21.5800,100
56667072328888,15:44:27.072,21.5800,100
56667075186988,15:44:27.075,21.5700,100
56667076966399,15:44:27.076,21.5600,100
56667076966399,15:44:27.076,21.5600,100
56667076966399,15:44:27.076,21.5600,100
56667076966399,15:44:27.076,21.5600,100
56667091000953,15:44:27.091,21.5600,100
56667091041716,15:44:27.091,21.5600,68
56667091140031,15:44:27.091,21.5600,200
56667091184672,15:44:27.091,21.5600,200
56667091199181,15:44:27.091,21.5600,200
56667091227642,15:44:27.091,21.5600,200
56667091230270,15:44:27.091,21.5600,50
56667091794136,15:44:27.091,21.5600,30
56667096314477,15:44:27.096,21.5600,325
56677396532934,15:44:37.396,21.5600,100
56677396532934,15:44:37.396,21.5600,100
56677396532934,15:44:37.396,21.5600,100
56677397075099,15:44:37.397,21.5500,100
56677397602303,15:44:37.397,21.5300,100
56677397602303,15:44:37.397,21.5300,100
56677397602303,15:44:37.397,21.5300,100
56735455283931,15:45:35.455,21.5500,100
56735455283931,15:45:35.455,21.5500,100
56735455283931,15:45:35.455,21.5500,300
56735455283931,15:45:35.455,21.5400,100
56784300618931,15:46:24.300,21.5700,1
56784300618931,15:46:24.300,21.5700,99
56784300658332,15:46:24.300,21.5700,1
56784300658332,15:46:24.300,21.5700,1
56784300690014,15:46:24.300,21.5700,99
56784300696832,15:46:24.300,21.5800,1
56784362710911,15:46:24.362,21.5700,1
56798510841260,15:46:38.510,21.6000,35
56803853022830,15:46:43.853,21.6200,1
56803853022830,15:46:43.853,21.6200,1
56803853054132,15:46:43.853,21.6200,99
56803853057731,15:46:43.853,21.6150,100
56803853058340,15:46:43.853,21.6200,1
56803853077800,15:46:43.853,21.6150,100
56803872618732,15:46:43.872,21.6100,100
56807239808429,15:46:47.239,21.6000,100
56807239808429,15:46:47.239,21.6000,52
56807239808429,15:46:47.239,21.6000,48
56807239847515,15:46:47.239,21.6000,52
56811083670231,15:46:51.083,21.5800,100
56811084141881,15:46:51.084,21.5700,78
56811084159663,15:46:51.084,21.5700,22
56811084159663,15:46:51.084,21.5700,1
56811084160916,15:46:51.084,21.5700,23
56811084166009,15:46:51.084,21.5700,76
56811570775729,15:46:51.570,21.5700,100
56828453274343,15:47:08.453,21.5500,100
56876544301595,15:47:56.544,21.5200,100
56876544301595,15:47:56.544,21.5200,100
56883441786731,15:48:03.441,21.5200,11
56883441888919,15:48:03.441,21.5200,89
56883441888919,15:48:03.441,21.5200,100
56883441888919,15:48:03.441,21.5200,109
56883441888919,15:48:03.441,21.5200,2
56883441938416,15:48:03.441,21.5300,1
56883505485722,15:48:03.505,21.5200,1
56944520240023,15:49:04.520,21.5200,100
56944520240023,15:49:04.520,21.5200,100
56944520240023,15:49:04.520,21.5200,100
56944520279126,15:49:04.520,21.5200,100
56944520279126,15:49:04.520,21.5200,49
56944520283539,15:49:04.520,21.5200,51
56944521040921,15:49:04.521,21.5200,94
56944521328001,15:49:04.521,21.5100,100
56944522344063,15:49:04.522,21.5100,100
56946044307688,15:49:06.044,21.5100,29
56946044307688,15:49:06.044,21.5100,2
56946044307688,15:49:06.044,21.5100,94
56946045135649,15:49:06.045,21.5200,2
56948136310713,15:49:08.136,21.5300,48
56948136779720,15:49:08.136,21.5300,52
56948136779720,15:49:08.136,21.5300,62
56948136793369,15:49:08.136,21.5300,38
56948136793369,15:49:08.136,21.5300,1
56948136793369,15:49:08.136,21.5300,1
56988413678015,15:49:48.413,21.5000,100
56988413717221,15:49:48.413,21.5000,38
57031186136783,15:50:31.186,21.5100,4
57049253169210,15:50:49.253,21.5200,100
57049253169210,15:50:49.253,21.5100,96
57049253169210,15:50:49.253,21.5100,100
57049253169210,15:50:49.253,21.5100,200
57049253211536,15:50:49.253,21.5100,33
57049253332065,15:50:49.253,21.5100,67
57059435844705,15:50:59.435,21.5200,100
57083847307585,15:51:23.847,21.5000,100
57083847307585,15:51:23.847,21.5000,100
57083847322293,15:51:23.847,21.5000,100
57083847357511,15:51:23.847,21.5000,100
57084133234536,15:51:24.133,21.5000,1
57084134407231,15:51:24.134,21.5000,73
57084135240428,15:51:24.135,21.5100,100
57084135240428,15:51:24.135,21.5100,2
57084135240428,15:51:24.135,21.5100,189
57110691592786,15:51:50.691,21.5200,55
57143578238107,15:52:23.578,21.5200,30
57143578250243,15:52:23.578,21.5200,15
57143578334066,15:52:23.578,21.5200,100
57143698177395,15:52:23.698,21.5300,200
57144700090359,15:52:24.700,21.5300,100
57158740573243,15:52:38.740,21.5200,7
57180095970065,15:53:00.095,21.5400,100
57205036552900,15:53:25.036,21.5800,100
57205036552900,15:53:25.036,21.5600,100
57205036552900,15:53:25.036,21.5600,100
57205036552900,15:53:25.036,21.5600,100
57205036918072,15:53:25.036,21.5500,100
57212773612087,15:53:32.773,21.5650,100
57218268507141,15:53:38.268,21.5650,100
57223420601576,15:53:43.420,21.5650,100
57223420601576,15:53:43.420,21.5400,100
57234774575485,15:53:54.774,21.5650,100
57240276840893,15:54:00.276,21.5650,100
57244790927625,15:54:04.790,21.5650,4
57245779545575,15:54:05.779,21.5650,96
57245794262586,15:54:05.794,21.5400,96
57250690892876,15:54:10.690,21.5600,100
57251275306802,15:54:11.275,21.5600,100
57262281910189,15:54:22.281,21.5600,100
57262300745192,15:54:22.300,21.5400,89
57267784850740,15:54:27.784,21.5400,11
57267784850740,15:54:27.784,21.5400,100
57270536096888,15:54:30.536,21.5450,100
57272483345871,15:54:32.483,21.5450,100
57272483345871,15:54:32.483,21.5300,100
57284290059871,15:54:44.290,21.5400,100
57284290059871,15:54:44.290,21.5300,100
57284290104124,15:54:44.290,21.5300,100
57287526027333,15:54:47.526,21.5200,5
57287526067723,15:54:47.526,21.5200,50
57287526075992,15:54:47.526,21.5200,50
57287526507079,15:54:47.526,21.5200,95
57287526507079,15:54:47.526,21.5200,97
57287526513131,15:54:47.526,21.5200,3
57290879913423,15:54:50.879,21.5100,2
57295293846067,15:54:55.293,21.5000,98
57298058984671,15:54:58.058,21.4900,100
57298058984671,15:54:58.058,21.4900,100
57299288109266,15:54:59.288,21.4800,3
57299875687448,15:54:59.875,21.5000,100
57299876895197,15:54:59.876,21.5000,5
57300798616568,15:55:00.798,21.5000,100
57300973797611,15:55:00.973,21.5250,100
57305063896504,15:55:05.063,21.5100,25
57305064008489,15:55:05.064,21.5100,75
57314306805632,15:55:14.306,21.5250,100
57314306805632,15:55:14.306,21.5000,100
57322804563259,15:55:22.804,21.5200,100
57326059653629,15:55:26.059,21.5200,100
57331057709000,15:55:31.057,21.5200,100
57336561445382,15:55:36.561,21.5200,100
57342061647046,15:55:42.061,21.5100,100
57347564421442,15:55:47.564,21.5100,100
57351018309008,15:55:51.018,21.5100,5
57352326455569,15:55:52.326,21.5100,95
57352326455569,15:55:52.326,21.5000,605
57352326525317,15:55:52.326,21.5000,100
57352527445997,15:55:52.527,21.5000,95
57352527445997,15:55:52.527,21.5000,100
57352527445997,15:55:52.527,21.5000,100
57352527445997,15:55:52.527,21.5000,2
57353061050589,15:55:53.061,21.5000,98
57356838648052,15:55:56.838,21.4900,2
57358219882993,15:55:58.219,21.4900,98
57358219882993,15:55:58.219,21.4900,2
57358219926204,15:55:58.219,21.4900,50
57358219934488,15:55:58.219,21.4900,48
57361319326022,15:56:01.319,21.4900,100
57369576196380,15:56:09.576,21.4900,100
57375074909339,15:56:15.074,21.4900,100
57381722729014,15:56:21.722,21.4900,2
57383327260534,15:56:23.327,21.4900,98
57384664702112,15:56:24.664,21.4800,4
57388110825009,15:56:28.110,21.4800,193
57388110825009,15:56:28.110,21.4800,900
57388110825009,15:56:28.110,21.4800,100
57388110825009,15:56:28.110,21.4800,100
57388113198865,15:56:28.113,21.4600,100
57389358722753,15:56:29.358,21.4500,100
57391576064715,15:56:31.576,21.4650,100
57405335480794,15:56:45.335,21.4650,100
57410837319069,15:56:50.837,21.4650,100
57417031037312,15:56:57.031,21.4650,100
57419089260413,15:56:59.089,21.4650,100
57419090609664,15:56:59.090,21.4700,24
57419724208845,15:56:59.724,21.4650,6
57423797613822,15:57:03.797,21.4500,100
57424886656745,15:57:04.886,21.4500,100
57429305841231,15:57:09.305,21.4700,100
57457815191751,15:57:37.815,21.4600,4
57477182402302,15:57:57.182,21.4500,100
57493554309781,15:58:13.554,21.4700,48
57493554828356,15:58:13.554,21.4700,52
57501925798504,15:58:21.925,21.4600,2
57502195054052,15:58:22.195,21.4700,100
57502195054052,15:58:22.195,21.4700,100
57504523186632,15:58:24.523,21.4600,98
57504523186632,15:58:24.523,21.4600,2
57504527798037,15:58:24.527,21.4600,131
57504527833483,15:58:24.527,21.4600,69
57504527833483,15:58:24.527,21.4600,41
57504527877853,15:58:24.527,21.4600,58
57504527890669,15:58:24.527,21.4600,1
57506039766200,15:58:26.039,21.4500,100
57506308500604,15:58:26.308,21.4600,2
57506308500604,15:58:26.308,21.4700,1
57506308500604,15:58:26.308,21.4700,96
57507882394808,15:58:27.882,21.4500,3
57509954175663,15:58:29.954,21.4500,97
57509954175663,15:58:29.954,21.4500,3
57513927345951,15:58:33.927,21.4500,100
57515707607678,15:58:35.707,21.4600,100
57523888407598,15:58:43.888,21.4500,100
57526611557926,15:58:46.611,21.4500,4
57528253484304,15:58:48.253,21.4600,100
57528254065803,15:58:48.254,21.4600,100
57528254065803,15:58:48.254,21.4700,300
57528509573826,15:58:48.509,21.4700,100
57528509611607,15:58:48.509,21.4700,4
57528509611607,15:58:48.509,21.4700,12
57528509611607,15:58:48.509,21.4700,2
57541301799126,15:59:01.301,21.4900,15
57542591289813,15:59:02.591,21.4900,85
57542591289813,15:59:02.591,21.4900,2
57542591289813,15:59:02.591,21.4900,100
57542591289813,15:59:02.591,21.4900,13
57542648671076,15:59:02.648,21.4850,100
57542653709770,15:59:02.653,21.4850,100
57545635221461,15:59:05.635,21.4800,128
57550399609694,15:59:10.399,21.4700,2
57551143431664,15:59:11.143,21.4700,98
57551143431664,15:59:11.143,21.4700,100
57551143431664,15:59:11.143,21.4700,100
57551143431664,15:59:11.143,21.4700,203
57551143840520,15:59:11.143,21.4700,29
57551145469570,15:59:11.145,21.4700,149
57551217755253,15:59:11.217,21.4700,200
57556598200329,15:59:16.598,21.4700,319
57556598200329,15:59:16.598,21.4700,181
57556598507457,15:59:16.598,21.4700,19
57556598507457,15:59:16.598,21.4700,27
57562140245880,15:59:22.140,21.4650,100
57564744072086,15:59:24.744,21.4500,90
57566148546820,15:59:26.148,21.4650,100
57567670080220,15:59:27.670,21.4500,1
57569990650176,15:59:29.990,21.4500,9
57569990650176,15:59:29.990,21.4500,91
57570087117107,15:59:30.087,21.4500,809
57570087117107,15:59:30.087,21.4500,100
57570087117107,15:59:30.087,21.4500,200
57570087117107,15:59:30.087,21.4500,91
57570091317388,15:59:30.091,21.4500,9
57570091317388,15:59:30.091,21.4500,100
57571244511661,15:59:31.244,21.4500,100
57571426092685,15:59:31.426,21.4500,100
57571426092685,15:59:31.426,21.4500,100
57575623088767,15:59:35.623,21.4500,100
57578670557219,15:59:38.670,21.4500,1
57580169722824,15:59:40.169,21.4700,52
57580169722824,15:59:40.169,21.4800,46
57585032357814,15:59:45.032,21.4500,100
57586068561457,15:59:46.068,21.4400,100
57586068561457,15:59:46.068,21.4400,300
57586068561457,15:59:46.068,21.4400,100
57586068561457,15:59:46.068,21.4400,100
57586068561457,15:59:46.068,21.4400,157
57589670763683,15:59:49.670,21.4400,2
57589915387268,15:59:49.915,21.4400,3
57591740259144,15:59:51.740,21.4800,2
57595719582156,15:59:55.719,21.4500,36
57595904985857,15:59:55.904,21.4500,37
57598037592077,15:59:58.037,21.4500,27
57598037592077,15:59:58.037,21.4500,36
57598037592077,15:59:58.037,21.4500,15
57600575167928,16:00:00.575,21.4600,11603
