timestamp,time,price,volume
34200746360145,09:30:00.746,20.1700,183
34370394712351,09:32:50.394,20.4400,100
34370394712351,09:32:50.394,20.4700,51
34371264800181,09:32:51.264,20.4700,1
34491413486493,09:34:51.413,20.0500,100
34519807104524,09:35:19.807,20.0500,100
34519807167284,09:35:19.807,20.0500,100
34519807220129,09:35:19.807,20.0500,100
34520872017467,09:35:20.872,20.0500,800
34534551452621,09:35:34.551,20.0500,100
34540815233500,09:35:40.815,20.0500,300
34540815315169,09:35:40.815,20.0500,150
34540815315169,09:35:40.815,20.0500,1
34540815315169,09:35:40.815,20.0500,119
34540815315169,09:35:40.815,20.0500,11
34573179617863,09:36:13.179,20.0000,1
35236951883576,09:47:16.951,19.9000,52
35278608608982,09:47:58.608,19.8100,100
35278609709341,09:47:58.609,19.8700,100
35278609778857,09:47:58.609,19.8900,100
35278610207677,09:47:58.610,19.8700,45
35278610207677,09:47:58.610,19.8900,55
35292094751705,09:48:12.094,19.8400,51
35292094825272,09:48:12.094,19.8400,49
35292094825272,09:48:12.094,19.8400,51
35350747124655,09:49:10.747,19.8400,45
35350747124655,09:49:10.747,19.8400,55
35350748038807,09:49:10.748,19.8400,94
35350748559448,09:49:10.748,19.8500,49
35350749114452,09:49:10.749,19.8500,51
35469114019326,09:51:09.114,20.0000,100
35497118216783,09:51:37.118,19.9300,100
35539613519514,09:52:19.613,19.8900,100
35539613659893,09:52:19.613,19.8000,83
35539613715724,09:52:19.613,19.8000,17
35539615275000,09:52:19.615,19.7000,3
35539632018361,09:52:19.632,19.7000,97
35539642167066,09:52:19.642,19.5500,50
35539642167066,09:52:19.642,19.5200,5
35539642244365,09:52:19.642,19.5000,100
35539642290207,09:52:19.642,19.5000,900
35539756186522,09:52:19.756,19.5000,100
35539756290120,09:52:19.756,19.5000,100
35539756384009,09:52:19.756,19.5000,100
35570485838636,09:52:50.485,19.4000,100
35600653464714,09:53:20.653,19.4100,100
35600653887235,09:53:20.653,19.4100,100
35632211016018,09:53:52.211,19.4000,100
35632211016018,09:53:52.211,19.4000,100
35635127053533,09:53:55.127,19.8000,70
35751075089234,09:55:51.075,19.4600,100
35751812360639,09:55:51.812,19.4600,100
35816579678912,09:56:56.579,19.5000,400
35922832752378,09:58:42.832,19.4500,100
35926465411907,09:58:46.465,19.5000,70
35926465473002,09:58:46.465,19.3500,100
35926465491255,09:58:46.465,19.3600,30
35926466234442,09:58:46.466,19.3500,100
35978237827554,09:59:38.237,19.3500,100
35983145061675,09:59:43.145,19.3500,100
35983145121532,09:59:43.145,19.3500,1
35988426405417,09:59:48.426,19.3100,100
35989082903863,09:59:49.082,19.2600,100
36013163104308,10:00:13.163,19.3500,100
36025850320572,10:00:25.850,19.3000,100
36175212276147,10:02:55.212,19.2500,1
36607762037728,10:10:07.762,19.0500,50
36607764814442,10:10:07.764,19.0000,50
36607919940433,10:10:07.919,19.0000,100
36738815326515,10:12:18.815,19.0100,30
36738815326515,10:12:18.815,19.0000,850
36738815326515,10:12:18.815,19.0000,120
36740449910231,10:12:20.449,19.0000,100
36740449910231,10:12:20.449,19.0000,82
36740449910231,10:12:20.449,19.0000,18
36740450000269,10:12:20.450,19.0000,42
36749873475068,10:12:29.873,19.0000,100
36756253075612,10:12:36.253,19.0000,100
36756253075612,10:12:36.253,19.0000,100
36756253075612,10:12:36.253,19.0000,100
36759007614904,10:12:39.007,19.0000,100
36759576347484,10:12:39.576,19.0000,100
36760519939587,10:12:40.519,19.0000,100
36784484327427,10:13:04.484,18.8000,13
36784484440834,10:13:04.484,18.8000,5
36789785272169,10:13:09.785,18.8000,82
36934849515701,10:15:34.849,18.7000,1
36934850104749,10:15:34.850,18.7000,1
37024436129429,10:17:04.436,18.6000,100
37087413163063,10:18:07.413,18.6000,39
37093195508771,10:18:13.195,18.6000,200
37099874992754,10:18:19.874,18.6000,60
37693605398424,10:28:13.605,18.9800,50
37710853719018,10:28:30.853,18.9800,15
37714072266877,10:28:34.072,19.0000,100
37714072331207,10:28:34.072,19.0000,100
38233214791448,10:37:13.214,19.0600,1
38639117210885,10:43:59.117,19.0200,40
38741198153093,10:45:41.198,19.2100,100
38743391482718,10:45:43.391,19.2000,100
38751094924917,10:45:51.094,19.2000,100
39483828897704,10:58:03.828,19.4000,100
39761208051194,11:02:41.208,19.5200,1
39802633186580,11:03:22.633,19.6400,5
40269038059548,11:11:09.038,19.6500,100
40299842929384,11:11:39.842,19.6500,100
40300182241337,11:11:40.182,19.6500,22
40306499429205,11:11:46.499,19.6500,78
40393033481725,11:13:13.033,19.7900,100
40393055357331,11:13:13.055,19.8000,100
40393055658087,11:13:13.055,19.8000,100
40393056415254,11:13:13.056,19.8000,100
41289227521970,11:28:09.227,19.8200,1
41993331704391,11:39:53.331,19.8900,100
41993331704391,11:39:53.331,19.8900,100
41993331704391,11:39:53.331,19.9000,100
41993331704391,11:39:53.331,19.9000,100
41993331704391,11:39:53.331,19.9000,48
41993331704391,11:39:53.331,19.9000,400
41993331704391,11:39:53.331,19.9000,100
41993331704391,11:39:53.331,19.9000,200
42011363573873,11:40:11.363,19.9600,50
42015271084089,11:40:15.271,20.0000,100
42015271424651,11:40:15.271,20.0000,100
42015271463016,11:40:15.271,20.0000,100
42015271739621,11:40:15.271,20.0000,100
42015272920738,11:40:15.272,20.0000,50
42040239936111,11:40:40.239,19.9500,100
42040239936111,11:40:40.239,20.0000,100
42045706634945,11:40:45.706,20.0500,100
42060715899753,11:41:00.715,20.0500,100
42060715899753,11:41:00.715,20.0500,100
42061456622253,11:41:01.456,20.0500,100
42061457226676,11:41:01.457,20.0500,100
42081918718762,11:41:21.918,20.0900,50
42424440839485,11:47:04.440,20.1500,100
42424440839485,11:47:04.440,20.1500,25
42424440908451,11:47:04.440,20.1500,75
42424440908451,11:47:04.440,20.1500,25
42424440980657,11:47:04.440,20.1500,75
42424440980657,11:47:04.440,20.1500,25
42424441044527,11:47:04.441,20.1500,75
42424441044527,11:47:04.441,20.1500,25
42424441110656,11:47:04.441,20.1500,75
42424441110656,11:47:04.441,20.1500,25
42424441175223,11:47:04.441,20.1500,75
42430563168325,11:47:10.563,20.1800,50
42444646364324,11:47:24.646,20.1500,100
42444657154615,11:47:24.657,20.1500,50
42592639677741,11:49:52.639,19.9600,1
42592639685158,11:49:52.639,20.1100,100
42592640360606,11:49:52.640,19.9500,163
42817237698363,11:53:37.237,20.1400,1
42817237698363,11:53:37.237,20.1400,99
42817237700746,11:53:37.237,20.1400,1
42817237700746,11:53:37.237,20.1400,199
43940371031516,12:12:20.371,20.0500,100
43940371151918,12:12:20.371,20.0500,100
43959720354477,12:12:39.720,20.1300,100
44345233568683,12:19:05.233,20.2300,1
44364823328907,12:19:24.823,20.1500,100
44364823328907,12:19:24.823,20.1500,50
44364823391574,12:19:24.823,20.1500,50
44364823391574,12:19:24.823,20.1500,8
45883290572701,12:44:43.290,20.1800,1
45899667280651,12:44:59.667,20.1200,100
46406485443954,12:53:26.485,20.2400,100
46407686444273,12:53:27.686,20.2200,100
48927556280864,13:35:27.556,20.2100,1
49509994666272,13:45:09.994,20.1900,100
49513297265606,13:45:13.297,20.1550,46
49513297265606,13:45:13.297,20.2000,100
49513297265606,13:45:13.297,20.2100,100
49528755420635,13:45:28.755,20.2300,100
50433161264315,14:00:33.161,20.1500,100
50433161264315,14:00:33.161,20.1600,100
50455156039630,14:00:55.156,20.1100,1
51678418300946,14:21:18.418,20.0200,40
51981719782892,14:26:21.719,20.1400,1
53081791943359,14:44:41.791,20.1500,100
55027057846968,15:17:07.057,20.2500,50
55119688855200,15:18:39.688,20.3000,1
55401097029547,15:23:21.097,20.3000,7
55414159305928,15:23:34.159,20.3000,93
56541293301688,15:42:21.293,20.3400,100
56599921295855,15:43:19.921,20.2600,22
56599921303954,15:43:19.921,20.2600,50
56599921380184,15:43:19.921,20.2600,28
56599921380184,15:43:19.921,20.2600,72
56599922362987,15:43:19.922,20.2600,28
56700766750719,15:45:00.766,20.1900,100
56773004104662,15:46:13.004,20.1000,100
56773004106831,15:46:13.004,20.1000,100
56804311389025,15:46:44.311,20.1900,48
56804311509931,15:46:44.311,20.2000,100
57074390591738,15:51:14.390,20.2900,36
57074390591738,15:51:14.390,20.3000,30
57317579850049,15:55:17.579,20.3300,239
57338883295085,15:55:38.883,20.3300,45
57363902590101,15:56:03.902,20.3300,84
57450232894390,15:57:30.232,20.3300,100
57473982736851,15:57:53.982,20.3300,100
57473982819857,15:57:53.982,20.3300,432
57473982819857,15:57:53.982,20.3300,100
57474532569612,15:57:54.532,20.3400,49
57506802150151,15:58:26.802,20.4000,26
57522469568544,15:58:42.469,20.4200,27
57595985834151,15:59:55.985,20.5000,79
57598546085343,15:59:58.546,20.2900,100
57598546168541,15:59:58.546,20.2900,100
57598546231854,15:59:58.546,20.2900,100
57598546245619,15:59:58.546,20.2900,4
57598547843017,15:59:58.547,20.2900,29
57598547893499,15:59:58.547,20.2900,71
57598591069778,15:59:58.591,20.2900,44
57600243161799,16:00:00.243,20.2700,4051
