timestamp,time,price,volume
34200227498504,09:30:00.227,23.5800,9869
34200271871282,09:30:00.271,23.5800,1
34203713188776,09:30:03.713,23.6200,100
34234241967627,09:30:34.241,23.6100,100
34234242018632,09:30:34.242,23.6200,27
34234242152775,09:30:34.242,23.6200,100
34234242152775,09:30:34.242,23.6200,100
34234242152775,09:30:34.242,23.6150,200
34234242638727,09:30:34.242,23.6150,400
34234242638727,09:30:34.242,23.6100,200
34234242664130,09:30:34.242,23.6100,200
34234242665536,09:30:34.242,23.6100,70
34234418066178,09:30:34.418,23.6200,70
34235815151835,09:30:35.815,23.6200,100
34235818499129,09:30:35.818,23.6000,21
34235818522945,09:30:35.818,23.6000,79
34235820042001,09:30:35.820,23.6200,100
34246610921444,09:30:46.610,23.6600,579
34261515015733,09:31:01.515,23.6550,200
34265243184057,09:31:05.243,23.6550,579
34270299487073,09:31:10.299,23.6550,150
34270299488360,09:31:10.299,23.6550,200
34270299505841,09:31:10.299,23.6550,100
34270299522750,09:31:10.299,23.6400,29
34270299547780,09:31:10.299,23.6550,292
34270299547780,09:31:10.299,23.6400,71
34270299547780,09:31:10.299,23.6400,87
34270299551742,09:31:10.299,23.6400,13
34270299551742,09:31:10.299,23.6400,100
34270299551742,09:31:10.299,23.6400,79
34270299551742,09:31:10.299,23.6400,100
34270299933903,09:31:10.299,23.6400,100
34270300014389,09:31:10.300,23.6400,100
34270300014389,09:31:10.300,23.6400,100
34270301557563,09:31:10.301,23.6400,100
34276063084498,09:31:16.063,23.6450,100
34276424629775,09:31:16.424,23.6450,112
34277120949850,09:31:17.120,23.6450,100
34277611129565,09:31:17.611,23.6500,100
34277611129565,09:31:17.611,23.6500,100
34277611146063,09:31:17.611,23.6700,100
34277616388426,09:31:17.616,23.6900,100
34277616388426,09:31:17.616,23.6900,40
34290599299652,09:31:30.599,23.6550,100
34299687327153,09:31:39.687,23.6550,100
34304154923623,09:31:44.154,23.6700,15
34304154936799,09:31:44.154,23.6700,85
34304155101390,09:31:44.155,23.6700,100
34306324148264,09:31:46.324,23.6800,100
34306324267471,09:31:46.324,23.6800,100
34306324879190,09:31:46.324,23.6700,100
34306377828389,09:31:46.377,23.6700,100
34306377828389,09:31:46.377,23.6700,100
34318307012907,09:31:58.307,23.6800,100
34318307147725,09:31:58.307,23.6800,100
34318307872804,09:31:58.307,23.6800,100
34318307872804,09:31:58.307,23.6800,100
34318307872804,09:31:58.307,23.6800,100
34318307872804,09:31:58.307,23.6800,100
34318308902249,09:31:58.308,23.6700,100
34318308902249,09:31:58.308,23.6700,100
34318308942027,09:31:58.308,23.6700,200
34318308945542,09:31:58.308,23.6700,100
34318309581493,09:31:58.309,23.6600,100
34332216671088,09:32:12.216,23.6700,100
34332217461447,09:32:12.217,23.6800,100
34332217521134,09:32:12.217,23.6800,100
34334875394787,09:32:14.875,23.6700,100
34334875394787,09:32:14.875,23.6700,100
34334875502121,09:32:14.875,23.6700,700
34335876340454,09:32:15.876,23.6700,100
34347699935636,09:32:27.699,23.6650,100
34354781667148,09:32:34.781,23.6650,100
34364250597341,09:32:44.250,23.6650,100
34365270941883,09:32:45.270,23.6800,100
34366222233538,09:32:46.222,23.7000,19
34372871159757,09:32:52.871,23.6900,100
34372871159757,09:32:52.871,23.6900,100
34381357409480,09:33:01.357,23.7400,300
34381357547962,09:33:01.357,23.7400,200
34381357666188,09:33:01.357,23.7400,100
34381358063772,09:33:01.358,23.7400,100
34381358063772,09:33:01.358,23.7400,100
34381358063772,09:33:01.358,23.7300,400
34381358063772,09:33:01.358,23.7300,100
34381358063772,09:33:01.358,23.7300,100
34381490182289,09:33:01.490,23.7100,100
34381490206268,09:33:01.490,23.7100,100
34381501115752,09:33:01.501,23.7100,100
34381501115752,09:33:01.501,23.7100,100
34381501115752,09:33:01.501,23.7100,100
34381501467228,09:33:01.501,23.7100,100
34381501467228,09:33:01.501,23.7100,100
34381501467228,09:33:01.501,23.7100,100
34381501467228,09:33:01.501,23.7100,100
34383503185295,09:33:03.503,23.7300,100
34383504101882,09:33:03.504,23.7300,100
34383504101882,09:33:03.504,23.7300,100
34384141439406,09:33:04.141,23.7400,100
34384143354434,09:33:04.143,23.7600,100
34386705458785,09:33:06.705,23.7400,100
34387010340080,09:33:07.010,23.7300,100
34387010365827,09:33:07.010,23.7300,100
34387011337978,09:33:07.011,23.7200,100
34387011401892,09:33:07.011,23.7200,100
34387012118693,09:33:07.012,23.7200,100
34387012118693,09:33:07.012,23.7200,100
34387012118693,09:33:07.012,23.7200,100
34387012118693,09:33:07.012,23.7200,100
34387541819673,09:33:07.541,23.7150,200
34390997435195,09:33:10.997,23.7200,200
34391690678375,09:33:11.690,23.7200,428
34397588354097,09:33:17.588,23.7200,100
34398870928981,09:33:18.870,23.7200,100
34398870980972,09:33:18.870,23.7200,100
34398871025200,09:33:18.871,23.7200,100
34399133326950,09:33:19.133,23.7200,100
34399133372976,09:33:19.133,23.7200,100
34399322187592,09:33:19.322,23.7200,100
34406688713465,09:33:26.688,23.7200,100
34408215546171,09:33:28.215,23.7200,100
34408215603813,09:33:28.215,23.7200,100
34408215649251,09:33:28.215,23.7200,100
34408215907241,09:33:28.215,23.7200,72
34408215907241,09:33:28.215,23.7100,28
34408215932338,09:33:28.215,23.7100,72
34408217504981,09:33:28.217,23.7100,100
34408217541693,09:33:28.217,23.7100,100
34412985785796,09:33:32.985,23.6950,200
34412986450519,09:33:32.986,23.6950,200
34412987119278,09:33:32.987,23.6850,200
34420176389213,09:33:40.176,23.7100,100
34429579222117,09:33:49.579,23.7300,200
34429579270653,09:33:49.579,23.7400,100
34429580070915,09:33:49.580,23.7500,100
34429580589921,09:33:49.580,23.7500,100
34429580589921,09:33:49.580,23.7500,100
34431270547399,09:33:51.270,23.7500,100
34431270547399,09:33:51.270,23.7500,100
34434013989013,09:33:54.013,23.7400,100
34434015000324,09:33:54.015,23.7400,100
34434015000324,09:33:54.015,23.7400,100
34444291320919,09:34:04.291,23.7400,100
34444291624327,09:34:04.291,23.7500,58
34444291646733,09:34:04.291,23.7500,42
34444291646733,09:34:04.291,23.7500,33
34444291728931,09:34:04.291,23.7500,37
34444291826063,09:34:04.291,23.7500,30
34444291826063,09:34:04.291,23.7500,20
34444291826063,09:34:04.291,23.7500,54
34444292338050,09:34:04.292,23.7600,25
34444292361479,09:34:04.292,23.7600,37
34444961192539,09:34:04.961,23.7700,100
34444961192539,09:34:04.961,23.7700,100
34445002951648,09:34:05.002,23.7500,9
34445002975590,09:34:05.002,23.7500,191
34445002975590,09:34:05.002,23.7500,100
34445002975590,09:34:05.002,23.7500,817
34448493857754,09:34:08.493,23.7400,100
34451388130085,09:34:11.388,23.7500,1
34451389123286,09:34:11.389,23.7500,142
34451389128485,09:34:11.389,23.7500,57
34451389128485,09:34:11.389,23.7500,43
34451389138742,09:34:11.389,23.7500,57
34451390098479,09:34:11.390,23.7600,27
34451390115724,09:34:11.390,23.7600,100
34464795198191,09:34:24.795,23.7600,100
34471260067452,09:34:31.260,23.7500,100
34479004389058,09:34:39.004,23.7500,100
34494227013334,09:34:54.227,23.7550,100
34495836355127,09:34:55.836,23.7550,100
34495944721386,09:34:55.944,23.7550,100
34495944773959,09:34:55.944,23.7550,100
34495944815455,09:34:55.944,23.7550,100
34495944858218,09:34:55.944,23.7550,100
34495944901143,09:34:55.944,23.7550,100
34495945076029,09:34:55.945,23.7550,100
34495945114073,09:34:55.945,23.7550,100
34495945155099,09:34:55.945,23.7550,100
34495945176953,09:34:55.945,23.7550,100
34495945197810,09:34:55.945,23.7550,100
34495945441844,09:34:55.945,23.7550,100
34495945477193,09:34:55.945,23.7550,100
34495945498105,09:34:55.945,23.7550,100
34495945516337,09:34:55.945,23.7550,100
34501515947239,09:35:01.515,23.7600,100
34501516495610,09:35:01.516,23.7700,35
34501516627152,09:35:01.516,23.7700,200
34501516627152,09:35:01.516,23.7700,43
34503060741260,09:35:03.060,23.7800,15
34503060767492,09:35:03.060,23.7800,85
34503060767492,09:35:03.060,23.7800,100
34503821688716,09:35:03.821,23.7800,100
34504475002451,09:35:04.475,23.7800,20
34506703298410,09:35:06.703,23.7800,19
34511432043220,09:35:11.432,23.7700,20
34511432043220,09:35:11.432,23.7700,100
34511432044851,09:35:11.432,23.7700,120
34511432244294,09:35:11.432,23.7650,150
34511432251754,09:35:11.432,23.7600,50
34511432282061,09:35:11.432,23.7650,200
34512642109427,09:35:12.642,23.7550,100
34512642160686,09:35:12.642,23.7550,100
34512642205096,09:35:12.642,23.7550,100
34512642219971,09:35:12.642,23.7550,100
34512642249565,09:35:12.642,23.7550,100
34512642292962,09:35:12.642,23.7550,100
34512642334982,09:35:12.642,23.7550,100
34512642376941,09:35:12.642,23.7500,68
34512642402859,09:35:12.642,23.7500,20
34512642413700,09:35:12.642,23.7550,100
34512642458261,09:35:12.642,23.7500,12
34512642495379,09:35:12.642,23.7500,100
34512642495379,09:35:12.642,23.7500,100
34512642501664,09:35:12.642,23.7500,100
34512642978020,09:35:12.642,23.7500,100
34512642978020,09:35:12.642,23.7500,100
34512650169597,09:35:12.650,23.7550,100
34512651400469,09:35:12.651,23.7550,100
34519236357205,09:35:19.236,23.7600,100
34520166682637,09:35:20.166,23.7700,100
34523082769659,09:35:23.082,23.7800,81
34523082769659,09:35:23.082,23.7800,182
34523083147644,09:35:23.083,23.7800,100
34523083401301,09:35:23.083,23.7800,100
34523083401301,09:35:23.083,23.7800,100
34523083810916,09:35:23.083,23.7900,100
34523085194127,09:35:23.085,23.7800,100
34523085194127,09:35:23.085,23.7800,100
34523085194127,09:35:23.085,23.7800,100
34523087165690,09:35:23.087,23.7800,100
34523154474807,09:35:23.154,23.7700,100
34523154474807,09:35:23.154,23.7700,46
34523793586940,09:35:23.793,23.7700,54
34526424843318,09:35:26.424,23.7700,20
34526424867773,09:35:26.424,23.7700,80
34526424867773,09:35:26.424,23.7700,16
34527616853807,09:35:27.616,23.7800,19
34547513098065,09:35:47.513,23.7650,200
34547514048300,09:35:47.514,23.7600,200
34547514171819,09:35:47.514,23.7600,200
34547514172444,09:35:47.514,23.7600,200
34547514207955,09:35:47.514,23.7600,200
34547514222795,09:35:47.514,23.7600,300
34547514503196,09:35:47.514,23.7550,200
34547515609163,09:35:47.515,23.7550,200
34552437424577,09:35:52.437,23.7550,100
34552437445853,09:35:52.437,23.7550,200
34552437460143,09:35:52.437,23.7500,100
34552437460143,09:35:52.437,23.7500,100
34552437536662,09:35:52.437,23.7500,100
34552437563979,09:35:52.437,23.7500,100
34552440238554,09:35:52.440,23.7400,200
34552629939271,09:35:52.629,23.7400,97
34552630581163,09:35:52.630,23.7400,100
34552630653722,09:35:52.630,23.7400,100
34552630653722,09:35:52.630,23.7400,100
34552630653722,09:35:52.630,23.7400,100
34552630653722,09:35:52.630,23.7400,100
34552630707241,09:35:52.630,23.7400,100
34552630728682,09:35:52.630,23.7400,9
34552630750209,09:35:52.630,23.7400,36
34552630808208,09:35:52.630,23.7400,55
34552631247807,09:35:52.631,23.7400,100
34552637445868,09:35:52.637,23.7450,200
34552638056626,09:35:52.638,23.7450,200
34552665771006,09:35:52.665,23.7400,97
34566736754352,09:36:06.736,23.7500,97
34566736813971,09:36:06.736,23.7600,50
34566736814521,09:36:06.736,23.7600,20
34566736827011,09:36:06.736,23.7600,30
34566736827011,09:36:06.736,23.7600,100
34566736827011,09:36:06.736,23.7600,70
34566736829739,09:36:06.736,23.7600,30
34566736829739,09:36:06.736,23.7600,70
34566736843581,09:36:06.736,23.7600,30
34566736843581,09:36:06.736,23.7600,100
34566742578314,09:36:06.742,23.7650,100
34566742623002,09:36:06.742,23.7650,100
34566742637303,09:36:06.742,23.7650,100
34567038479302,09:36:07.038,23.7600,100
34568843004212,09:36:08.843,23.7500,100
34576824912468,09:36:16.824,23.7450,200
34578237855117,09:36:18.237,23.7450,177
34578237963326,09:36:18.237,23.7450,200
34581817987165,09:36:21.817,23.7500,73
34581821439198,09:36:21.821,23.7600,100
34581837377722,09:36:21.837,23.7600,100
34581837377722,09:36:21.837,23.7600,100
34582957471650,09:36:22.957,23.7600,100
34582957471650,09:36:22.957,23.7600,100
34593855615193,09:36:33.855,23.7400,100
34593855615193,09:36:33.855,23.7400,100
34593855668926,09:36:33.855,23.7400,100
34593855668926,09:36:33.855,23.7400,100
34593855668926,09:36:33.855,23.7400,100
34593855668926,09:36:33.855,23.7400,100
34593855764404,09:36:33.855,23.7400,100
34600716940755,09:36:40.716,23.7500,29
34604331752059,09:36:44.331,23.7500,28
34604331776491,09:36:44.331,23.7500,72
34607080609531,09:36:47.080,23.7450,100
34607102105410,09:36:47.102,23.7450,100
34609092699590,09:36:49.092,23.7400,34
34609092736570,09:36:49.092,23.7400,66
34609095554542,09:36:49.095,23.7350,200
34609095676454,09:36:49.095,23.7350,200
34609095722290,09:36:49.095,23.7350,200
34609096592012,09:36:49.096,23.7300,2
34609112107922,09:36:49.112,23.7300,28
34609157633381,09:36:49.157,23.7350,170
34609211727980,09:36:49.211,23.7350,53
34609211727980,09:36:49.211,23.7300,70
34609211727980,09:36:49.211,23.7300,47
34609211806008,09:36:49.211,23.7300,53
34609215206307,09:36:49.215,23.7300,100
34610093706798,09:36:50.093,23.7400,100
34617935117446,09:36:57.935,23.7400,100
34619819466100,09:36:59.819,23.7450,100
34619819533050,09:36:59.819,23.7400,100
34619819639168,09:36:59.819,23.7400,200
34619819639168,09:36:59.819,23.7400,100
34619819639168,09:36:59.819,23.7400,100
34619821022239,09:36:59.821,23.7400,100
34619821022239,09:36:59.821,23.7400,100
34619821022239,09:36:59.821,23.7400,100
34619821022239,09:36:59.821,23.7400,100
34622813942327,09:37:02.813,23.7400,100
34623827586725,09:37:03.827,23.7600,100
34623829408967,09:37:03.829,23.7700,100
34624071383134,09:37:04.071,23.7600,100
34640492243978,09:37:20.492,23.7500,100
34640492243978,09:37:20.492,23.7500,100
34640492243978,09:37:20.492,23.7500,100
34640492243978,09:37:20.492,23.7500,100
34676032758285,09:37:56.032,23.7200,100
34681874245962,09:38:01.874,23.7200,100
34681874245962,09:38:01.874,23.7200,100
34714646082103,09:38:34.646,23.7500,100
34714646082103,09:38:34.646,23.7500,100
34714677319998,09:38:34.677,23.7600,100
34714677319998,09:38:34.677,23.7600,100
34714677319998,09:38:34.677,23.7600,100
34718204262816,09:38:38.204,23.7700,100
34734097727905,09:38:54.097,23.7900,30
34734097742538,09:38:54.097,23.7900,16
34734097753421,09:38:54.097,23.7900,54
34734099906389,09:38:54.099,23.8000,100
34734099906389,09:38:54.099,23.8000,100
34736610026212,09:38:56.610,23.8000,52
34749134315625,09:39:09.134,23.8000,10
34749134315625,09:39:09.134,23.8000,90
34755138719504,09:39:15.138,23.8100,200
34755139142280,09:39:15.139,23.8100,100
34755139178408,09:39:15.139,23.8100,100
34755139178408,09:39:15.139,23.8100,63
34755139188289,09:39:15.139,23.8100,33
34755139201465,09:39:15.139,23.8100,4
34759213482251,09:39:19.213,23.8300,100
34759213507818,09:39:19.213,23.8300,200
34759216237082,09:39:19.216,23.8300,100
34759456894291,09:39:19.456,23.8200,100
34759933503720,09:39:19.933,23.8200,16
34759933528503,09:39:19.933,23.8200,84
34763071934938,09:39:23.071,23.8100,200
34763071934938,09:39:23.071,23.8100,300
34763071938618,09:39:23.071,23.8100,300
34763072288425,09:39:23.072,23.8100,100
34763072288425,09:39:23.072,23.8100,100
34763072288425,09:39:23.072,23.8100,100
34763072288425,09:39:23.072,23.8100,100
34763080504419,09:39:23.080,23.8200,29
34763314719904,09:39:23.314,23.8200,71
34763314719904,09:39:23.314,23.8200,100
34763314719904,09:39:23.314,23.8200,100
34763719780762,09:39:23.719,23.8300,100
34763723807715,09:39:23.723,23.8400,100
34764031074762,09:39:24.031,23.8300,100
34764031074762,09:39:24.031,23.8300,100
34769698736656,09:39:29.698,23.8200,100
34798247906541,09:39:58.247,23.8100,20
34798249098631,09:39:58.249,23.8050,300
34799077295357,09:39:59.077,23.7950,100
34799127702482,09:39:59.127,23.7950,100
34799187941546,09:39:59.187,23.7950,100
34799188364149,09:39:59.188,23.7950,100
34799189144554,09:39:59.189,23.7950,100
34799189224313,09:39:59.189,23.7950,100
34800208161343,09:40:00.208,23.7900,10
34809172123223,09:40:09.172,23.8000,100
34809172125740,09:40:09.172,23.8000,230
34809172130397,09:40:09.172,23.8000,70
34809179563027,09:40:09.179,23.8150,100
34810246397429,09:40:10.246,23.8150,200
34810721359107,09:40:10.721,23.8150,100
34819877411469,09:40:19.877,23.8150,100
34833188335024,09:40:33.188,23.8150,200
34833188337057,09:40:33.188,23.8150,200
34833188457567,09:40:33.188,23.8150,100
34833188457567,09:40:33.188,23.8100,100
34833189926304,09:40:33.189,23.8000,100
34833189994290,09:40:33.189,23.8000,100
34833189994290,09:40:33.189,23.8000,100
34840364393938,09:40:40.364,23.7950,200
34843363920807,09:40:43.363,23.7950,200
34843363978588,09:40:43.363,23.7950,200
34850344177549,09:40:50.344,23.7850,100
34858915029019,09:40:58.915,23.7750,200
34858915102965,09:40:58.915,23.7750,200
34858915126900,09:40:58.915,23.7700,100
34858915126900,09:40:58.915,23.7700,100
34860047724274,09:41:00.047,23.7650,400
34860047724274,09:41:00.047,23.7600,100
34873255280253,09:41:13.255,23.7550,100
34873255434399,09:41:13.255,23.7550,100
34873259873187,09:41:13.259,23.7400,200
34873259873187,09:41:13.259,23.7400,100
34873259873187,09:41:13.259,23.7400,100
34873259873187,09:41:13.259,23.7400,100
34873259873187,09:41:13.259,23.7400,100
34873259873187,09:41:13.259,23.7400,100
34873259957646,09:41:13.259,23.7400,100
34873259957646,09:41:13.259,23.7400,100
34873259957646,09:41:13.259,23.7400,100
34873264223473,09:41:13.264,23.7550,200
34873291391516,09:41:13.291,23.7550,100
34878018879868,09:41:18.018,23.7650,700
34882089348450,09:41:22.089,23.7650,200
34882089727531,09:41:22.089,23.7650,200
34882089757091,09:41:22.089,23.7650,109
34882089767280,09:41:22.089,23.7600,91
34882089791209,09:41:22.089,23.7600,9
34882089791209,09:41:22.089,23.7600,22
34882089800812,09:41:22.089,23.7650,109
34882089806538,09:41:22.089,23.7650,109
34882089807936,09:41:22.089,23.7650,109
34882089823787,09:41:22.089,23.7600,9
34882089831731,09:41:22.089,23.7650,109
34882089849012,09:41:22.089,23.7600,69
34882089921700,09:41:22.089,23.7600,100
34882089921700,09:41:22.089,23.7600,100
34882089921700,09:41:22.089,23.7600,100
34882089921700,09:41:22.089,23.7600,55
34883090781594,09:41:23.090,23.7600,100
34883090806066,09:41:23.090,23.7600,100
34891833261812,09:41:31.833,23.7300,200
34891833327560,09:41:31.833,23.7300,200
34891833327560,09:41:31.833,23.7300,100
34893833386174,09:41:33.833,23.7350,100
34893957644716,09:41:33.957,23.7400,100
34893957644716,09:41:33.957,23.7400,500
34893957644716,09:41:33.957,23.7400,212
34893957644716,09:41:33.957,23.7400,100
34893957644716,09:41:33.957,23.7400,588
34893958571062,09:41:33.958,23.7400,100
34898353755801,09:41:38.353,23.7400,100
34917287914415,09:41:57.287,23.7200,200
34917287914415,09:41:57.287,23.7200,100
34917841449917,09:41:57.841,23.7200,100
34917841650237,09:41:57.841,23.7200,100
34917841650237,09:41:57.841,23.7200,100
34917841650237,09:41:57.841,23.7200,100
34917841694917,09:41:57.841,23.7200,100
34917841694917,09:41:57.841,23.7200,100
34917842486081,09:41:57.842,23.7200,100
34917842486081,09:41:57.842,23.7200,100
34917893050717,09:41:57.893,23.7200,65
34924992554930,09:42:04.992,23.7200,100
34924993224724,09:42:04.993,23.7200,100
34924993224724,09:42:04.993,23.7200,100
34930651556303,09:42:10.651,23.7100,100
34933266838858,09:42:13.266,23.7100,38
34938968588579,09:42:18.968,23.7100,100
34940578744862,09:42:20.578,23.7000,100
34940578744862,09:42:20.578,23.7000,200
34941842360899,09:42:21.842,23.7000,100
34943059494992,09:42:23.059,23.7000,100
34943059494992,09:42:23.059,23.7000,30
34943059519289,09:42:23.059,23.7000,70
34943059519289,09:42:23.059,23.7000,30
34943059531659,09:42:23.059,23.7000,70
34949320296468,09:42:29.320,23.6900,4
34949320305810,09:42:29.320,23.6900,96
34949320325487,09:42:29.320,23.7000,50
34949320332916,09:42:29.320,23.7000,5
34949320350599,09:42:29.320,23.7000,45
34949320350599,09:42:29.320,23.7000,5
34949320351469,09:42:29.320,23.7000,95
34949320354128,09:42:29.320,23.7000,100
34970060213055,09:42:50.060,23.7200,100
34979251620144,09:42:59.251,23.7000,100
34979251715824,09:42:59.251,23.7000,100
34986051880875,09:43:06.051,23.7000,100
34986051880875,09:43:06.051,23.7000,100
34987052919181,09:43:07.052,23.7000,100
34989148889432,09:43:09.148,23.7100,38
34989149119116,09:43:09.149,23.7100,32
34992218931346,09:43:12.218,23.7100,100
34992218931346,09:43:12.218,23.7100,100
34993078834436,09:43:13.078,23.7000,100
34993078834436,09:43:13.078,23.7000,100
34993081316855,09:43:13.081,23.7000,100
34993150423697,09:43:13.150,23.7000,100
34993692916573,09:43:13.692,23.7000,100
34993824633546,09:43:13.824,23.7000,100
34994079797173,09:43:14.079,23.7000,100
34994084173776,09:43:14.084,23.7000,100
34994118137357,09:43:14.118,23.7000,100
34994118137357,09:43:14.118,23.7000,100
34994118137357,09:43:14.118,23.7000,100
34995080728034,09:43:15.080,23.7000,100
35013822948888,09:43:33.822,23.7000,100
35013826873913,09:43:33.826,23.7100,24
35013826911627,09:43:33.826,23.7100,76
35013826911627,09:43:33.826,23.7100,247
35013826918007,09:43:33.826,23.7100,150
35013826925066,09:43:33.826,23.7100,103
35028791964348,09:43:48.791,23.6700,100
35028791972718,09:43:48.791,23.6700,50
35028791980894,09:43:48.791,23.6700,50
35028792162667,09:43:48.792,23.6700,100
35028792162667,09:43:48.792,23.6700,56
35028846390699,09:43:48.846,23.6700,100
35028846418616,09:43:48.846,23.6700,100
35033326797264,09:43:53.326,23.6800,100
35038174749813,09:43:58.174,23.7000,100
35039113588530,09:43:59.113,23.7100,38
35040827746764,09:44:00.827,23.7100,84
35052233731150,09:44:12.233,23.7000,100
35053433704279,09:44:13.433,23.7100,100
35053435515679,09:44:13.435,23.7100,100
35053435515679,09:44:13.435,23.7100,100
35053435515679,09:44:13.435,23.7100,100
35053435515679,09:44:13.435,23.7100,100
35053453477626,09:44:13.453,23.7000,100
35053453477626,09:44:13.453,23.7000,100
35069406271983,09:44:29.406,23.7000,48
35074179380373,09:44:34.179,23.7000,52
35074179380373,09:44:34.179,23.7000,100
35074215613687,09:44:34.215,23.7100,48
35074215647865,09:44:34.215,23.7100,52
35074215647865,09:44:34.215,23.7100,100
35081567557645,09:44:41.567,23.7200,48
35098297035384,09:44:58.297,23.7300,100
35098308377295,09:44:58.308,23.7400,100
35098337741332,09:44:58.337,23.7400,100
35098337741332,09:44:58.337,23.7400,100
35098337741332,09:44:58.337,23.7400,100
35101927245193,09:45:01.927,23.7400,100
35101927750100,09:45:01.927,23.7500,100
35101927750100,09:45:01.927,23.7500,100
35101927750100,09:45:01.927,23.7500,100
35101932203442,09:45:01.932,23.7500,100
35104650021775,09:45:04.650,23.7400,100
35104650021775,09:45:04.650,23.7400,100
35104650021775,09:45:04.650,23.7400,100
35105881657316,09:45:05.881,23.7500,100
35105881830513,09:45:05.881,23.7500,100
35105881937449,09:45:05.881,23.7500,100
35105881937449,09:45:05.881,23.7500,100
35105881937449,09:45:05.881,23.7500,100
35105881937449,09:45:05.881,23.7500,100
35105882010954,09:45:05.882,23.7500,100
35105882265579,09:45:05.882,23.7500,100
35107767045530,09:45:07.767,23.7400,48
35109049700536,09:45:09.049,23.7300,100
35109050277390,09:45:09.050,23.7400,48
35109916437785,09:45:09.916,23.7400,48
35110452000212,09:45:10.452,23.7300,25
35110452251987,09:45:10.452,23.7300,75
35113554983768,09:45:13.554,23.7200,100
35113555310113,09:45:13.555,23.7200,100
35121780610726,09:45:21.780,23.7100,82
35121780612574,09:45:21.780,23.7100,18
35125071674431,09:45:25.071,23.7000,100
35147844364597,09:45:47.844,23.6900,100
35152773557783,09:45:52.773,23.6900,100
35152773557783,09:45:52.773,23.6900,100
35152773557783,09:45:52.773,23.6900,100
35152773557783,09:45:52.773,23.6900,100
35152773557783,09:45:52.773,23.6900,73
35152773563812,09:45:52.773,23.6900,27
35152773563812,09:45:52.773,23.6900,200
35153274693786,09:45:53.274,23.7000,100
35153274693786,09:45:53.274,23.7000,152
35153274697302,09:45:53.274,23.7000,48
35153274697302,09:45:53.274,23.7000,52
35153274708613,09:45:53.274,23.7000,48
35155111156684,09:45:55.111,23.7000,100
35155115128533,09:45:55.115,23.7000,100
35155115128533,09:45:55.115,23.7000,100
35155115128533,09:45:55.115,23.7000,100
35163763229291,09:46:03.763,23.7200,80
35163763528009,09:46:03.763,23.7200,20
35163763528009,09:46:03.763,23.7200,100
35166226537173,09:46:06.226,23.7200,36
35166226562544,09:46:06.226,23.7200,4
35166226656403,09:46:06.226,23.7200,60
35169063465035,09:46:09.063,23.7100,30
35169063472673,09:46:09.063,23.7100,70
35169063472673,09:46:09.063,23.7100,14
35175019635172,09:46:15.019,23.7100,100
35184246985146,09:46:24.246,23.6800,100
35184246985146,09:46:24.246,23.6800,100
35184279140273,09:46:24.279,23.6800,1
35188125536263,09:46:28.125,23.6700,1
35193853016764,09:46:33.853,23.6600,100
35243855153759,09:47:23.855,23.6700,100
35253663485966,09:47:33.663,23.6700,100
35254032482556,09:47:34.032,23.6600,100
35254032482556,09:47:34.032,23.6600,100
35255033469515,09:47:35.033,23.6500,100
35258412490249,09:47:38.412,23.6500,100
35287104239667,09:48:07.104,23.6300,100
35287104254972,09:48:07.104,23.6300,100
35287804474813,09:48:07.804,23.6300,26
35291613610103,09:48:11.613,23.6200,100
35313020269818,09:48:33.020,23.6100,100
35313020269818,09:48:33.020,23.6100,100
35324508070877,09:48:44.508,23.6100,48
35325391982437,09:48:45.391,23.6200,48
35330641267495,09:48:50.641,23.6100,7
35330641268341,09:48:50.641,23.6100,93
35339101960342,09:48:59.101,23.6000,49
35339101969926,09:48:59.101,23.6000,51
35344232747706,09:49:04.232,23.6000,51
35363054373090,09:49:23.054,23.6100,100
35363054611678,09:49:23.054,23.6100,100
35363055132058,09:49:23.055,23.6100,100
35363055132058,09:49:23.055,23.6100,100
35363055132058,09:49:23.055,23.6100,100
35363055132058,09:49:23.055,23.6100,100
35363055132058,09:49:23.055,23.6100,100
35363672439188,09:49:23.672,23.6100,100
35378898334678,09:49:38.898,23.6000,200
35384021340567,09:49:44.021,23.5800,200
35424147651568,09:50:24.147,23.5800,100
35424147651568,09:50:24.147,23.5800,100
35424147651568,09:50:24.147,23.5800,100
35447268495791,09:50:47.268,23.6000,100
35447268495791,09:50:47.268,23.6000,100
35460140541767,09:51:00.140,23.6000,42
35460140566052,09:51:00.140,23.6000,58
35460140566052,09:51:00.140,23.6000,100
35460140566052,09:51:00.140,23.6000,100
35460140566052,09:51:00.140,23.6000,100
35460140566052,09:51:00.140,23.6000,100
35460140566052,09:51:00.140,23.6000,42
35460140584532,09:51:00.140,23.6000,58
35460141116287,09:51:00.141,23.5900,18
35460141133712,09:51:00.141,23.5900,50
35460141135535,09:51:00.141,23.5900,100
35460141224304,09:51:00.141,23.5900,32
35460141224304,09:51:00.141,23.5900,26
35460141232603,09:51:00.141,23.5900,43
35460146232130,09:51:00.146,23.5900,28
35460146327115,09:51:00.146,23.5900,72
35460169421860,09:51:00.169,23.5900,100
35460169447998,09:51:00.169,23.5900,100
35460169447998,09:51:00.169,23.5900,100
35460169447998,09:51:00.169,23.5900,100
35467567208958,09:51:07.567,23.6000,100
35467567208958,09:51:07.567,23.6000,100
35467567574380,09:51:07.567,23.6100,100
35467567574380,09:51:07.567,23.6100,4
35467567774233,09:51:07.567,23.6100,164
35467567782341,09:51:07.567,23.6100,163
35467567813416,09:51:07.567,23.6100,569
35467567813416,09:51:07.567,23.6100,100
35502290016273,09:51:42.290,23.6200,75
35513791106794,09:51:53.791,23.6400,200
35533408083615,09:52:13.408,23.6400,100
35533408990296,09:52:13.408,23.6300,100
35533411671052,09:52:13.411,23.6100,20
35534011733061,09:52:14.011,23.6100,100
35534011827070,09:52:14.011,23.6100,100
35534012076211,09:52:14.012,23.6200,200
35534012076211,09:52:14.012,23.6200,100
35541020721162,09:52:21.020,23.6200,100
35541020721162,09:52:21.020,23.6200,200
35541229217163,09:52:21.229,23.6100,100
35541229315440,09:52:21.229,23.6100,100
35541229315440,09:52:21.229,23.6100,100
35541229315440,09:52:21.229,23.6100,100
35541229413182,09:52:21.229,23.6100,100
35541229537631,09:52:21.229,23.6100,100
35541229537631,09:52:21.229,23.6100,100
35541229537631,09:52:21.229,23.6100,100
35557599232699,09:52:37.599,23.6100,100
35562000585117,09:52:42.000,23.6000,100
35567020908630,09:52:47.020,23.6000,100
35567020908630,09:52:47.020,23.6000,100
35571559206173,09:52:51.559,23.6000,100
35587235828868,09:53:07.235,23.5900,100
35587365179038,09:53:07.365,23.5800,200
35587365179038,09:53:07.365,23.5800,100
35587415507887,09:53:07.415,23.5800,100
35587415507887,09:53:07.415,23.5800,100
35587480830781,09:53:07.480,23.5900,48
35587570060293,09:53:07.570,23.6000,48
35587700742340,09:53:07.700,23.5900,200
35587700742340,09:53:07.700,23.5900,100
35587896424345,09:53:07.896,23.5900,100
35587992111218,09:53:07.992,23.5900,48
35588107140373,09:53:08.107,23.5900,100
35588232245507,09:53:08.232,23.5800,100
35588340603125,09:53:08.340,23.5800,100
35588441930122,09:53:08.441,23.5800,48
35588513447961,09:53:08.513,23.5700,100
35588513795399,09:53:08.513,23.5700,70
35588514443314,09:53:08.514,23.5700,50
35591635401986,09:53:11.635,23.5900,100
35591716455502,09:53:11.716,23.5900,100
35591717033561,09:53:11.717,23.5900,100
35601004022068,09:53:21.004,23.5700,100
35606073251293,09:53:26.073,23.5800,100
35606073251293,09:53:26.073,23.5800,100
35629449926214,09:53:49.449,23.5900,22
35629449951984,09:53:49.449,23.5900,78
35629450272555,09:53:49.450,23.6000,52
35629450272555,09:53:49.450,23.6000,94
35629450273368,09:53:49.450,23.6000,6
35629450273368,09:53:49.450,23.6000,94
35629450284541,09:53:49.450,23.6000,6
35629450751592,09:53:49.450,23.6000,100
35637772618534,09:53:57.772,23.6100,100
35649315601912,09:54:09.315,23.6100,50
35649316061864,09:54:09.316,23.6100,100
35662833730095,09:54:22.833,23.6200,100
35664477655692,09:54:24.477,23.6300,10
35665398825704,09:54:25.398,23.6300,50
35665398839262,09:54:25.398,23.6300,50
35680351633637,09:54:40.351,23.6200,100
35696729594376,09:54:56.729,23.6200,100
35733550845268,09:55:33.550,23.6200,100
35733550862588,09:55:33.550,23.6100,81
35733551063906,09:55:33.551,23.6100,19
35745897481308,09:55:45.897,23.5800,100
35749702874804,09:55:49.702,23.5800,100
35756241046223,09:55:56.241,23.5600,81
35756241076265,09:55:56.241,23.5600,119
35756484049806,09:55:56.484,23.5600,200
35756484049806,09:55:56.484,23.5600,100
35756484049806,09:55:56.484,23.5600,100
35756484049806,09:55:56.484,23.5600,100
35756484049806,09:55:56.484,23.5600,1
35756484049806,09:55:56.484,23.5600,100
35756484049806,09:55:56.484,23.5600,100
35765022045492,09:56:05.022,23.5600,100
35767232882708,09:56:07.232,23.5400,100
35767232882708,09:56:07.232,23.5400,100
35806653047847,09:56:46.653,23.5700,100
35807155305928,09:56:47.155,23.5800,100
35824157354637,09:57:04.157,23.5900,100
35825293769567,09:57:05.293,23.6000,100
35833896415851,09:57:13.896,23.5900,100
35833896415851,09:57:13.896,23.5900,100
35833896415851,09:57:13.896,23.5900,100
35833896914532,09:57:13.896,23.5900,100
35863049813160,09:57:43.049,23.5900,100
35868518696983,09:57:48.518,23.5800,100
35882821922616,09:58:02.821,23.5700,100
35882822950925,09:58:02.822,23.5600,59
35882822956344,09:58:02.822,23.5600,41
35964358141164,09:59:24.358,23.5400,100
35964358141164,09:59:24.358,23.5400,29
35969801031807,09:59:29.801,23.5300,100
35970802024372,09:59:30.802,23.5100,100
35971568456833,09:59:31.568,23.5200,100
35971568456833,09:59:31.568,23.5200,4
35971568463231,09:59:31.568,23.5200,96
35971569172436,09:59:31.569,23.5300,100
35971569172436,09:59:31.569,23.5300,100
35971569172436,09:59:31.569,23.5300,100
35971569172436,09:59:31.569,23.5300,100
35971569172436,09:59:31.569,23.5300,100
35971569172436,09:59:31.569,23.5300,100
35971569172436,09:59:31.569,23.5300,100
36010786366666,10:00:10.786,23.5400,100
36010786886753,10:00:10.786,23.5300,100
36011787345006,10:00:11.787,23.5300,100
36014750543627,10:00:14.750,23.5200,100
36091137134122,10:01:31.137,23.4700,100
36092474340036,10:01:32.474,23.4900,100
36112024101547,10:01:52.024,23.5000,100
36125190045418,10:02:05.190,23.5000,100
36125237535708,10:02:05.237,23.5000,100
36141003416334,10:02:21.003,23.4900,100
36143094750606,10:02:23.094,23.4800,100
36147512829890,10:02:27.512,23.4800,100
36147513173259,10:02:27.513,23.4800,100
36147513193587,10:02:27.513,23.4800,100
36163421476902,10:02:43.421,23.4900,100
36166708956567,10:02:46.708,23.4700,100
36166761365908,10:02:46.761,23.4700,100
36166761423976,10:02:46.761,23.4700,100
36166798762084,10:02:46.798,23.4700,100
36206887137527,10:03:26.887,23.4700,100
36206988489552,10:03:26.988,23.4700,100
36207829793083,10:03:27.829,23.4700,100
36216021852141,10:03:36.021,23.4800,100
36230856016232,10:03:50.856,23.4900,9
36230856016232,10:03:50.856,23.4900,90
36230856032175,10:03:50.856,23.4900,10
36239438607948,10:03:59.438,23.5000,100
36239943840543,10:03:59.943,23.5100,100
36258023459506,10:04:18.023,23.5100,100
36258023459506,10:04:18.023,23.5100,100
36258023459506,10:04:18.023,23.5100,100
36271775857491,10:04:31.775,23.5200,100
36271775857491,10:04:31.775,23.5200,100
36271780766404,10:04:31.780,23.5100,100
36272776815862,10:04:32.776,23.5100,100
36272777689183,10:04:32.777,23.5100,100
36273161626316,10:04:33.161,23.5100,32
36273161654954,10:04:33.161,23.5100,68
36274895713928,10:04:34.895,23.5000,96
36285304035904,10:04:45.304,23.5000,100
36306671975095,10:05:06.671,23.5000,100
36308330431254,10:05:08.330,23.5000,100
36381120423583,10:06:21.120,23.4900,200
36382769983261,10:06:22.769,23.5000,100
36389054472318,10:06:29.054,23.5000,100
36389054472318,10:06:29.054,23.5000,1
36445595485918,10:07:25.595,23.5100,100
36458539140653,10:07:38.539,23.4900,100
36500315398799,10:08:20.315,23.5100,200
36560553878671,10:09:20.553,23.5300,37
36560553880133,10:09:20.553,23.5300,63
36565120212623,10:09:25.120,23.5400,1
36580081380959,10:09:40.081,23.5400,100
36583083875869,10:09:43.083,23.5400,8
36583083905348,10:09:43.083,23.5400,15
36585161644132,10:09:45.161,23.5300,9
36585161718215,10:09:45.161,23.5300,14
36585161718215,10:09:45.161,23.5300,100
36615006958949,10:10:15.006,23.5300,100
36653252195691,10:10:53.252,23.5300,94
36653252227723,10:10:53.252,23.5300,6
36661433712463,10:11:01.433,23.5400,100
36707547696226,10:11:47.547,23.5600,200
36709143247220,10:11:49.143,23.5800,3
36709143247220,10:11:49.143,23.5800,100
36709143247220,10:11:49.143,23.5800,100
36711500086965,10:11:51.500,23.5800,23
36711649353943,10:11:51.649,23.5700,42
36711649355833,10:11:51.649,23.5700,58
36711649355833,10:11:51.649,23.5700,100
36711649355833,10:11:51.649,23.5700,200
36736624572170,10:12:16.624,23.5700,100
36756178007451,10:12:36.178,23.5700,100
36947246888425,10:15:47.246,23.5500,93
36947246911230,10:15:47.246,23.5500,7
36947246911230,10:15:47.246,23.5500,100
36947246911230,10:15:47.246,23.5500,43
36947246927127,10:15:47.246,23.5500,48
36947246942794,10:15:47.246,23.5500,9
37000956690663,10:16:40.956,23.5600,23
37000957997541,10:16:40.957,23.5500,198
37000958064701,10:16:40.958,23.5500,348
37034476927390,10:17:14.476,23.5300,100
37034579861168,10:17:14.579,23.5300,100
37034579861168,10:17:14.579,23.5300,100
37034579861168,10:17:14.579,23.5300,100
37034579861168,10:17:14.579,23.5300,100
37093674004749,10:18:13.674,23.5200,100
37129561210493,10:18:49.561,23.5200,100
37129561210493,10:18:49.561,23.5200,100
37129561210493,10:18:49.561,23.5200,100
37129561210493,10:18:49.561,23.5200,100
37129561956028,10:18:49.561,23.5300,37
37129562044406,10:18:49.562,23.5300,52
37129562072925,10:18:49.562,23.5300,11
37129562072925,10:18:49.562,23.5300,100
37134243069505,10:18:54.243,23.5300,100
37134243069505,10:18:54.243,23.5300,100
37143614009030,10:19:03.614,23.5200,100
37173680440604,10:19:33.680,23.5200,9
37173680471968,10:19:33.680,23.5200,91
37173680471968,10:19:33.680,23.5200,100
37173680471968,10:19:33.680,23.5200,100
37174684584345,10:19:34.684,23.5300,100
37198145361088,10:19:58.145,23.5600,100
37210763036284,10:20:10.763,23.5700,100
37210763036284,10:20:10.763,23.5700,100
37210769069109,10:20:10.769,23.5700,100
37210769069109,10:20:10.769,23.5700,100
37210769069978,10:20:10.769,23.5700,100
37249543192966,10:20:49.543,23.5700,61
37249543218103,10:20:49.543,23.5700,39
37249543953076,10:20:49.543,23.5800,100
37249543953076,10:20:49.543,23.5800,38
37249543985694,10:20:49.543,23.5800,62
37249543985694,10:20:49.543,23.5800,100
37249543985694,10:20:49.543,23.5800,100
37249543985694,10:20:49.543,23.5800,61
37250427075985,10:20:50.427,23.5900,27
37273585521731,10:21:13.585,23.5900,1
37273585521731,10:21:13.585,23.5900,77
37273585540122,10:21:13.585,23.5900,23
37325917428694,10:22:05.917,23.6100,48
37339689792527,10:22:19.689,23.6100,85
37339992002889,10:22:19.992,23.6100,100
37460660343315,10:24:20.660,23.6100,39
37460660638711,10:24:20.660,23.6100,61
37460660638711,10:24:20.660,23.6100,39
37460660678033,10:24:20.660,23.6100,61
37460660678033,10:24:20.660,23.6100,16
37460660678033,10:24:20.660,23.6100,100
37488089826849,10:24:48.089,23.6100,122
37488089855536,10:24:48.089,23.6100,100
37537793421625,10:25:37.793,23.6100,7
37537793430826,10:25:37.793,23.6100,50
37537793432738,10:25:37.793,23.6100,100
37537793445989,10:25:37.793,23.6100,43
37537793445989,10:25:37.793,23.6100,100
37537793445989,10:25:37.793,23.6100,50
37537793448098,10:25:37.793,23.6100,50
37537793448098,10:25:37.793,23.6100,50
37537793987423,10:25:37.793,23.6100,200
37554193141822,10:25:54.193,23.6200,48
37554837005835,10:25:54.837,23.6200,100
37585600068061,10:26:25.600,23.6300,200
37585600068061,10:26:25.600,23.6300,100
37585600068061,10:26:25.600,23.6300,100
37624074958617,10:27:04.074,23.6200,100
37718597567627,10:28:38.597,23.6000,100
37775539026026,10:29:35.539,23.5900,100
37813359361269,10:30:13.359,23.5600,182
37869779447334,10:31:09.779,23.5400,100
37950238334500,10:32:30.238,23.5400,50
37950238347065,10:32:30.238,23.5400,32
37950238359264,10:32:30.238,23.5400,18
37950238359264,10:32:30.238,23.5400,100
37950240576541,10:32:30.240,23.5500,100
37950240576541,10:32:30.240,23.5500,30
37950248208763,10:32:30.248,23.5600,100
37950248234931,10:32:30.248,23.5600,100
37950248234931,10:32:30.248,23.5600,100
37950248234931,10:32:30.248,23.5600,100
37950248234931,10:32:30.248,23.5600,100
37950248234931,10:32:30.248,23.5600,100
37950249572658,10:32:30.249,23.5600,100
37950251088033,10:32:30.251,23.5600,100
37950257701813,10:32:30.257,23.5600,100
37950257701813,10:32:30.257,23.5600,100
37950257701813,10:32:30.257,23.5600,89
37950257710849,10:32:30.257,23.5600,11
37950257710849,10:32:30.257,23.5600,100
37950257710849,10:32:30.257,23.5600,100
37953918109004,10:32:33.918,23.5500,100
37953918109004,10:32:33.918,23.5500,100
37953918488499,10:32:33.918,23.5500,100
37956157447268,10:32:36.157,23.5500,50
37956157459996,10:32:36.157,23.5500,50
38003387163980,10:33:23.387,23.5500,100
38045573700724,10:34:05.573,23.5500,100
38045573740703,10:34:05.573,23.5500,50
38045573746369,10:34:05.573,23.5500,100
38045574020209,10:34:05.574,23.5500,19
38045574093476,10:34:05.574,23.5500,31
38046292587887,10:34:06.292,23.5600,100
38046292587887,10:34:06.292,23.5600,200
38054271535336,10:34:14.271,23.5300,600
38054271940873,10:34:14.271,23.5200,100
38054271940873,10:34:14.271,23.5200,7
38054271950924,10:34:14.271,23.5200,93
38054271950924,10:34:14.271,23.5200,27
38054271953873,10:34:14.271,23.5200,73
38054271953873,10:34:14.271,23.5200,27
38054275093991,10:34:14.275,23.5200,73
38054275093991,10:34:14.275,23.5200,27
38054278571194,10:34:14.278,23.5200,73
38054284765366,10:34:14.284,23.5200,1
38054284790825,10:34:14.284,23.5200,99
38054284790825,10:34:14.284,23.5200,100
38054284790825,10:34:14.284,23.5200,100
38054284790825,10:34:14.284,23.5200,100
38054284790825,10:34:14.284,23.5200,100
38054284790825,10:34:14.284,23.5200,100
38057378426300,10:34:17.378,23.5200,196
38057378502023,10:34:17.378,23.5200,4
38057378502023,10:34:17.378,23.5200,100
38076396450549,10:34:36.396,23.5150,100
38076396991453,10:34:36.396,23.5100,1
38076396991453,10:34:36.396,23.5100,99
38099396019323,10:34:59.396,23.5100,100
38099396019323,10:34:59.396,23.5100,28
38099396072660,10:34:59.396,23.5100,72
38099400529064,10:34:59.400,23.5100,100
38159516732486,10:35:59.516,23.5100,100
38159516732486,10:35:59.516,23.5100,100
38171714740923,10:36:11.714,23.5200,100
38171744584339,10:36:11.744,23.5200,48
38231613222502,10:37:11.613,23.4700,100
38231613350311,10:37:11.613,23.4700,25
38231613380536,10:37:11.613,23.4700,75
38237088142361,10:37:17.088,23.4700,100
38255933472393,10:37:35.933,23.4500,75
38255933472393,10:37:35.933,23.4500,100
38255933472393,10:37:35.933,23.4500,425
38262282122980,10:37:42.282,23.4500,100
38264109484339,10:37:44.109,23.4400,100
38264109484339,10:37:44.109,23.4400,100
38264115730621,10:37:44.115,23.4500,3
38289725229355,10:38:09.725,23.4600,100
38289725229355,10:38:09.725,23.4600,100
38289725675782,10:38:09.725,23.4700,100
38289725675782,10:38:09.725,23.4700,62
38289725677618,10:38:09.725,23.4700,38
38289725677618,10:38:09.725,23.4700,100
38289726701410,10:38:09.726,23.4700,100
38289726701410,10:38:09.726,23.4700,100
38289726701410,10:38:09.726,23.4700,100
38289726701410,10:38:09.726,23.4700,100
38289726701410,10:38:09.726,23.4700,100
38289726701410,10:38:09.726,23.4700,100
38289729853950,10:38:09.729,23.4700,100
38289730214638,10:38:09.730,23.4700,100
38289730214638,10:38:09.730,23.4700,100
38289731484479,10:38:09.731,23.4800,100
38289731484479,10:38:09.731,23.4800,46
38290253099802,10:38:10.253,23.4800,100
38290553970841,10:38:10.553,23.4800,100
38290554448589,10:38:10.554,23.4800,100
38301435130930,10:38:21.435,23.4800,100
38307208290772,10:38:27.208,23.4800,100
38307208290772,10:38:27.208,23.4800,100
38357048808882,10:39:17.048,23.4800,62
38357048876495,10:39:17.048,23.4800,38
38357048876495,10:39:17.048,23.4800,100
38357051787150,10:39:17.051,23.4800,53
38357051876559,10:39:17.051,23.4800,47
38357051876559,10:39:17.051,23.4800,100
38366526588230,10:39:26.526,23.4700,193
38366526602183,10:39:26.526,23.4700,7
38366526602183,10:39:26.526,23.4700,100
38366527308901,10:39:26.527,23.4700,200
38366527308901,10:39:26.527,23.4700,100
38366527308901,10:39:26.527,23.4700,100
38366527308901,10:39:26.527,23.4700,100
38366527308901,10:39:26.527,23.4700,100
38366527308901,10:39:26.527,23.4700,107
38366527308901,10:39:26.527,23.4700,100
38436749046159,10:40:36.749,23.4400,100
38436749453777,10:40:36.749,23.4500,100
38436749463144,10:40:36.749,23.4500,54
38436753632858,10:40:36.753,23.4500,100
38436753633385,10:40:36.753,23.4500,100
38436753739510,10:40:36.753,23.4500,100
38436753742240,10:40:36.753,23.4500,100
38468885585354,10:41:08.885,23.4500,91
38468885593621,10:41:08.885,23.4500,9
38533957092796,10:42:13.957,23.4400,100
38570318949462,10:42:50.318,23.4400,100
38570318949462,10:42:50.318,23.4400,100
38570321328314,10:42:50.321,23.4300,32
38570322406558,10:42:50.322,23.4300,200
38570322406558,10:42:50.322,23.4300,73
38624039154784,10:43:44.039,23.4100,200
38624039154784,10:43:44.039,23.4100,100
38624039154784,10:43:44.039,23.4100,100
38624039154784,10:43:44.039,23.4100,97
38624039187712,10:43:44.039,23.4100,103
38624039187712,10:43:44.039,23.4100,100
38624039187712,10:43:44.039,23.4100,100
38624039187712,10:43:44.039,23.4100,100
38630539419291,10:43:50.539,23.4100,200
38630539419291,10:43:50.539,23.4100,100
38630539419291,10:43:50.539,23.4100,100
38631379405634,10:43:51.379,23.4000,49
38631379415344,10:43:51.379,23.4000,51
38631379415344,10:43:51.379,23.4000,99
38631379432077,10:43:51.379,23.4000,1
38632444635391,10:43:52.444,23.4000,100
38632444635391,10:43:52.444,23.4000,100
38632444635391,10:43:52.444,23.4000,181
38632449877675,10:43:52.449,23.4000,100
38648212532304,10:44:08.212,23.4000,100
38651223390965,10:44:11.223,23.4100,100
38651223390965,10:44:11.223,23.4100,100
38651223456325,10:44:11.223,23.4100,51
38651223498515,10:44:11.223,23.4100,49
38657472997286,10:44:17.472,23.4200,200
38770304305650,10:46:10.304,23.4200,29
38770304335236,10:46:10.304,23.4200,71
38796023840095,10:46:36.023,23.4100,100
38828024045000,10:47:08.024,23.3800,100
38865913924291,10:47:45.913,23.3700,43
38865913940960,10:47:45.913,23.3700,57
38865913940960,10:47:45.913,23.3700,93
38865913968936,10:47:45.913,23.3700,7
38865913968936,10:47:45.913,23.3700,53
38865913977010,10:47:45.913,23.3700,47
38865913977010,10:47:45.913,23.3700,53
38914187870856,10:48:34.187,23.3800,43
38914187937002,10:48:34.187,23.3800,57
38914187937002,10:48:34.187,23.3800,100
38914188098058,10:48:34.188,23.3800,100
38925229012766,10:48:45.229,23.4000,100
38932182143278,10:48:52.182,23.4000,100
38962946612029,10:49:22.946,23.3900,100
38962954416886,10:49:22.954,23.4000,100
38962954416886,10:49:22.954,23.4000,100
38997139442375,10:49:57.139,23.3800,100
38997139442375,10:49:57.139,23.3800,100
38997139445861,10:49:57.139,23.3800,50
38997139460476,10:49:57.139,23.3800,150
38997146646347,10:49:57.146,23.3900,100
38997146646347,10:49:57.146,23.3900,7
39021144856259,10:50:21.144,23.3900,100
39021144856259,10:50:21.144,23.3900,200
39021145516782,10:50:21.145,23.3900,100
39028134278739,10:50:28.134,23.3900,100
39028138869355,10:50:28.138,23.4000,100
39028138869355,10:50:28.138,23.4000,100
39042559914261,10:50:42.559,23.3900,100
39098045486765,10:51:38.045,23.3800,100
39146267620756,10:52:26.267,23.3900,142
39146267659157,10:52:26.267,23.3900,58
39176027330482,10:52:56.027,23.4000,100
39210944485084,10:53:30.944,23.3900,100
39210944485084,10:53:30.944,23.3900,100
39210944530406,10:53:30.944,23.3800,50
39210944532916,10:53:30.944,23.3800,50
39210944534883,10:53:30.944,23.3800,50
39210944543927,10:53:30.944,23.3800,50
39210944549937,10:53:30.944,23.3800,18
39210944700602,10:53:30.944,23.3800,37
39213887336735,10:53:33.887,23.3800,100
39213887365959,10:53:33.887,23.3800,100
39213887365959,10:53:33.887,23.3800,100
39213888414618,10:53:33.888,23.3800,45
39213888414618,10:53:33.888,23.3800,100
39213911877421,10:53:33.911,23.3800,100
39213911877421,10:53:33.911,23.3800,200
39213911877421,10:53:33.911,23.3800,68
39247683644636,10:54:07.683,23.3800,100
39247683644636,10:54:07.683,23.3800,100
39247684189980,10:54:07.684,23.3900,100
39247684189980,10:54:07.684,23.3900,87
39247684195125,10:54:07.684,23.3900,13
39247684195125,10:54:07.684,23.3900,37
39247684196060,10:54:07.684,23.3900,50
39247684762584,10:54:07.684,23.3900,100
39247684762584,10:54:07.684,23.3900,100
39247685257440,10:54:07.685,23.3900,200
39247685257440,10:54:07.685,23.3900,100
39247685257440,10:54:07.685,23.3900,100
39247685257440,10:54:07.685,23.3900,100
39247685257440,10:54:07.685,23.3900,100
39247685857691,10:54:07.685,23.3900,100
39247685857691,10:54:07.685,23.3900,100
39247685857691,10:54:07.685,23.3900,80
39247685866641,10:54:07.685,23.3900,20
39283533326045,10:54:43.533,23.3700,100
39283533363266,10:54:43.533,23.3700,100
39283533363266,10:54:43.533,23.3700,100
39283533363266,10:54:43.533,23.3700,100
39283533396452,10:54:43.533,23.3700,100
39286139192810,10:54:46.139,23.3600,200
39286139228777,10:54:46.139,23.3600,100
39316259688903,10:55:16.259,23.3600,100
39316259688903,10:55:16.259,23.3600,50
39316259698604,10:55:16.259,23.3600,50
39316259705618,10:55:16.259,23.3600,100
39334217456100,10:55:34.217,23.3700,100
39334217456100,10:55:34.217,23.3700,43
39334217496933,10:55:34.217,23.3700,57
39416024229371,10:56:56.024,23.3800,50
39416024244958,10:56:56.024,23.3800,50
39416024244958,10:56:56.024,23.3800,100
39473440731235,10:57:53.440,23.3700,100
39490285449035,10:58:10.285,23.3800,100
39511889422687,10:58:31.889,23.3800,108
39511889459583,10:58:31.889,23.3800,300
39511889498682,10:58:31.889,23.3800,20
39513944646492,10:58:33.944,23.3800,100
39513944646492,10:58:33.944,23.3800,200
39513945553427,10:58:33.945,23.3800,50
39513945593730,10:58:33.945,23.3800,50
39562797911379,10:59:22.797,23.3800,100
39562797990743,10:59:22.797,23.3800,100
39590992597266,10:59:50.992,23.3700,40
39600289006891,11:00:00.289,23.3800,100
39605454749946,11:00:05.454,23.3900,100
39605454749946,11:00:05.454,23.3900,48
39633093384122,11:00:33.093,23.3900,100
39659838120592,11:00:59.838,23.3600,200
39659838667031,11:00:59.838,23.3600,100
39659838667031,11:00:59.838,23.3600,100
39659839085594,11:00:59.839,23.3600,98
39659972753914,11:00:59.972,23.3600,27
39659974639526,11:00:59.974,23.3600,200
39662829364275,11:01:02.829,23.3700,100
39662829364275,11:01:02.829,23.3700,20
39663042769726,11:01:03.042,23.3800,67
39663042772096,11:01:03.042,23.3800,33
39663043005061,11:01:03.043,23.3800,33
39663043473803,11:01:03.043,23.3800,100
39663459658312,11:01:03.459,23.3900,100
39663459658312,11:01:03.459,23.3900,100
39663459658312,11:01:03.459,23.3900,100
39663459658312,11:01:03.459,23.3900,100
39663461737582,11:01:03.461,23.3900,50
39663463494887,11:01:03.463,23.3900,50
39663463494887,11:01:03.463,23.3900,100
39663467266833,11:01:03.467,23.3900,100
39663505123595,11:01:03.505,23.4000,100
39663505123595,11:01:03.505,23.4000,100
39666852897640,11:01:06.852,23.4000,98
39666852897640,11:01:06.852,23.4000,100
39667326670073,11:01:07.326,23.3900,100
39667326670073,11:01:07.326,23.3900,15
39720556269113,11:02:00.556,23.3900,100
39722700843399,11:02:02.700,23.3900,14
39792263666738,11:03:12.263,23.3900,100
39792263666738,11:03:12.263,23.3900,100
39792263666738,11:03:12.263,23.3900,100
39795451189473,11:03:15.451,23.3800,147
39896110036519,11:04:56.110,23.3800,200
39896110036519,11:04:56.110,23.3800,100
39896110036519,11:04:56.110,23.3800,100
39965527396044,11:06:05.527,23.3600,200
39965527396044,11:06:05.527,23.3600,182
39965527396044,11:06:05.527,23.3600,100
39965527780565,11:06:05.527,23.3600,100
39965527780565,11:06:05.527,23.3600,100
39965527780565,11:06:05.527,23.3600,100
39965527780565,11:06:05.527,23.3600,100
40008907714000,11:06:48.907,23.3500,200
40022320479485,11:07:02.320,23.3700,100
40022320479485,11:07:02.320,23.3700,100
40042145591592,11:07:22.145,23.3800,100
40042145591592,11:07:22.145,23.3800,100
40225490053010,11:10:25.490,23.3800,100
40298764601030,11:11:38.764,23.3800,100
40446919406446,11:14:06.919,23.3600,96
40446920079477,11:14:06.920,23.3600,100
40446920079477,11:14:06.920,23.3600,100
40446920079477,11:14:06.920,23.3600,100
40446920079477,11:14:06.920,23.3600,100
40446920079477,11:14:06.920,23.3600,100
40446920079477,11:14:06.920,23.3600,100
40446920079477,11:14:06.920,23.3600,100
40447286299204,11:14:07.286,23.3650,200
40453599563801,11:14:13.599,23.3650,100
40453599576453,11:14:13.599,23.3650,100
40453599701660,11:14:13.599,23.3650,100
40453832375133,11:14:13.832,23.3600,100
40453832420000,11:14:13.832,23.3600,100
40459229314011,11:14:19.229,23.3600,1
40479310921718,11:14:39.310,23.3600,100
40479310921718,11:14:39.310,23.3600,100
40479311120390,11:14:39.311,23.3600,100
40501874342545,11:15:01.874,23.3700,100
40501874534135,11:15:01.874,23.3700,100
40501926578849,11:15:01.926,23.3800,100
40538361989677,11:15:38.361,23.3600,58
40538362006281,11:15:38.362,23.3600,42
40538362560791,11:15:38.362,23.3600,100
40538362648279,11:15:38.362,23.3600,100
40538362648279,11:15:38.362,23.3600,100
40538362648279,11:15:38.362,23.3600,100
40538362648279,11:15:38.362,23.3600,100
40538362648279,11:15:38.362,23.3600,100
40645180896477,11:17:25.180,23.3650,100
40645180909512,11:17:25.180,23.3650,100
40645181500638,11:17:25.181,23.3600,50
40645181526279,11:17:25.181,23.3600,50
40645181628325,11:17:25.181,23.3600,100
40645181628325,11:17:25.181,23.3600,100
40645181628325,11:17:25.181,23.3600,100
40645181628325,11:17:25.181,23.3600,100
40645181628325,11:17:25.181,23.3600,100
40645181628325,11:17:25.181,23.3600,100
40645182004947,11:17:25.182,23.3600,50
40645182133447,11:17:25.182,23.3600,50
40645182133447,11:17:25.182,23.3600,50
40680260025572,11:18:00.260,23.3700,40
40680260040871,11:18:00.260,23.3700,160
40680260040871,11:18:00.260,23.3700,75
40680260046818,11:18:00.260,23.3700,25
40680260046818,11:18:00.260,23.3700,75
40680260052654,11:18:00.260,23.3700,125
40680260052654,11:18:00.260,23.3700,100
40680260052654,11:18:00.260,23.3700,76
40680260056577,11:18:00.260,23.3700,225
40680260105307,11:18:00.260,23.3700,157
40680260367622,11:18:00.260,23.3700,100
40680260367622,11:18:00.260,23.3700,100
40680260367622,11:18:00.260,23.3700,100
40680260422701,11:18:00.260,23.3700,100
40688834540797,11:18:08.834,23.3700,50
40702531701467,11:18:22.531,23.3400,100
40702531701467,11:18:22.531,23.3400,50
40702531713648,11:18:22.531,23.3400,50
40702531713648,11:18:22.531,23.3400,100
40702531713648,11:18:22.531,23.3400,100
40703911011576,11:18:23.911,23.3400,100
40706500580521,11:18:26.500,23.3200,100
40710514716859,11:18:30.514,23.3200,43
40710516511312,11:18:30.516,23.3200,93
40715349538441,11:18:35.349,23.3200,200
40715349538441,11:18:35.349,23.3200,100
40715349538441,11:18:35.349,23.3200,100
40716911072651,11:18:36.911,23.3200,100
40722110304591,11:18:42.110,23.3000,100
40786139454256,11:19:46.139,23.2800,100
40786139454256,11:19:46.139,23.2800,100
40791027819275,11:19:51.027,23.2700,100
40798148113176,11:19:58.148,23.2600,100
40803081359265,11:20:03.081,23.2600,100
40803081375939,11:20:03.081,23.2600,50
40803081612378,11:20:03.081,23.2600,50
40803199969764,11:20:03.199,23.2600,50
40810502602450,11:20:10.502,23.2700,100
40810502602450,11:20:10.502,23.2700,100
40811337485504,11:20:11.337,23.2700,100
40836823941635,11:20:36.823,23.2700,150
40836823985751,11:20:36.823,23.2600,50
40944514941934,11:22:24.514,23.2600,100
40944516270861,11:22:24.516,23.2500,50
40944516276193,11:22:24.516,23.2500,50
40944516276193,11:22:24.516,23.2500,100
40946407269347,11:22:26.407,23.2300,100
40946948855561,11:22:26.948,23.2400,100
40952977915629,11:22:32.977,23.2300,100
40953127070348,11:22:33.127,23.2300,100
40953127098209,11:22:33.127,23.2300,100
40953127098209,11:22:33.127,23.2300,100
40986130367168,11:23:06.130,23.2400,100
40986130367168,11:23:06.130,23.2400,100
40986130494176,11:23:06.130,23.2400,87
40986130720467,11:23:06.130,23.2400,13
40986130720467,11:23:06.130,23.2400,100
40986130720467,11:23:06.130,23.2400,100
40986130720467,11:23:06.130,23.2400,100
40993452741978,11:23:13.452,23.2400,100
40997107067497,11:23:17.107,23.2500,100
40997107067497,11:23:17.107,23.2500,100
40997107528695,11:23:17.107,23.2500,100
41005379247006,11:23:25.379,23.2500,100
41005379509554,11:23:25.379,23.2500,100
41008529286312,11:23:28.529,23.2500,100
41011134558804,11:23:31.134,23.2600,100
41015075139863,11:23:35.075,23.2600,21
41021388503145,11:23:41.388,23.2600,79
41021388503145,11:23:41.388,23.2600,100
41021388503145,11:23:41.388,23.2600,21
41022397245774,11:23:42.397,23.2600,179
41022397245774,11:23:42.397,23.2600,100
41024340579695,11:23:44.340,23.2700,100
41024929642327,11:23:44.929,23.2700,100
41025430121333,11:23:45.430,23.2700,100
41030277213136,11:23:50.277,23.2600,100
41045609548392,11:24:05.609,23.2500,86
41045609575014,11:24:05.609,23.2500,14
41045609575014,11:24:05.609,23.2500,100
41045609575014,11:24:05.609,23.2500,100
41048015716340,11:24:08.015,23.2300,100
41049272040902,11:24:09.272,23.2300,200
41049272040902,11:24:09.272,23.2300,100
41049555087555,11:24:09.555,23.2300,56
41049555120734,11:24:09.555,23.2300,44
41049555120734,11:24:09.555,23.2300,100
41054477545362,11:24:14.477,23.2150,100
41054477545362,11:24:14.477,23.2100,200
41054477545362,11:24:14.477,23.2100,100
41054477723615,11:24:14.477,23.2100,100
41054477723615,11:24:14.477,23.2100,100
41054477723615,11:24:14.477,23.2100,100
41054895294062,11:24:14.895,23.2150,100
41058705679546,11:24:18.705,23.2200,100
41069213209662,11:24:29.213,23.2300,100
41073870958967,11:24:33.870,23.2300,100
41073870958967,11:24:33.870,23.2300,100
41073871392238,11:24:33.871,23.2300,100
41073871392238,11:24:33.871,23.2300,100
41073871392238,11:24:33.871,23.2300,100
41073871392238,11:24:33.871,23.2300,100
41073871392238,11:24:33.871,23.2300,100
41073871392238,11:24:33.871,23.2300,100
41075056553173,11:24:35.056,23.2400,100
41078597391107,11:24:38.597,23.2400,100
41081770904594,11:24:41.770,23.2500,42
41081770930876,11:24:41.770,23.2500,100
41081770930876,11:24:41.770,23.2500,100
41110382651032,11:25:10.382,23.2500,100
41132060331959,11:25:32.060,23.2500,33
41136589391985,11:25:36.589,23.2500,67
41136589728339,11:25:36.589,23.2500,100
41183425169959,11:26:23.425,23.2500,100
41183456057253,11:26:23.456,23.2400,100
41215048038433,11:26:55.048,23.2200,200
41215048038433,11:26:55.048,23.2200,100
41215048076421,11:26:55.048,23.2200,100
41215048091884,11:26:55.048,23.2200,100
41215048196362,11:26:55.048,23.2200,100
41215048196362,11:26:55.048,23.2200,200
41215048196362,11:26:55.048,23.2200,100
41215085587382,11:26:55.085,23.2200,100
41272987111687,11:27:52.987,23.2200,100
41272987123208,11:27:52.987,23.2200,50
41272987125127,11:27:52.987,23.2200,150
41272987125127,11:27:52.987,23.2200,100
41272987125127,11:27:52.987,23.2200,100
41284350324764,11:28:04.350,23.2300,50
41284350331503,11:28:04.350,23.2300,50
41284350331503,11:28:04.350,23.2300,50
41284350354219,11:28:04.350,23.2300,150
41285311652004,11:28:05.311,23.2400,100
41295845420634,11:28:15.845,23.2350,100
41341339337957,11:29:01.339,23.2400,100
41341340366743,11:29:01.340,23.2400,100
41521265529409,11:32:01.265,23.2400,100
41521265529409,11:32:01.265,23.2400,82
41521265601390,11:32:01.265,23.2400,218
41521265601390,11:32:01.265,23.2400,100
41521768873612,11:32:01.768,23.2500,100
41532129523633,11:32:12.129,23.2500,100
41562645728550,11:32:42.645,23.2500,100
41581853801619,11:33:01.853,23.2600,100
41691911634431,11:34:51.911,23.2700,100
41691917251448,11:34:51.917,23.2800,100
41692397889092,11:34:52.397,23.2800,100
41697089307554,11:34:57.089,23.2800,7
41697092707033,11:34:57.092,23.2800,47
41697092746195,11:34:57.092,23.2800,46
41697094667245,11:34:57.094,23.2800,100
41697096061601,11:34:57.096,23.2800,100
41705537935208,11:35:05.537,23.2800,100
41747419437959,11:35:47.419,23.2650,265
41747419448686,11:35:47.419,23.2650,135
41747419453538,11:35:47.419,23.2650,135
41747419454041,11:35:47.419,23.2650,135
41747419457420,11:35:47.419,23.2650,135
41747419516625,11:35:47.419,23.2650,400
41747419530685,11:35:47.419,23.2650,100
41747419577215,11:35:47.419,23.2650,400
41747419607928,11:35:47.419,23.2650,295
41747419607928,11:35:47.419,23.2600,105
41747428262212,11:35:47.428,23.2700,100
41747436162830,11:35:47.436,23.2700,200
41747436162830,11:35:47.436,23.2700,100
41760092003966,11:36:00.092,23.2700,2
41772474637310,11:36:12.474,23.2900,100
41789758807548,11:36:29.758,23.2900,96
41789758850211,11:36:29.758,23.2900,4
41819091126095,11:36:59.091,23.2700,100
41844663913567,11:37:24.663,23.2800,100
41948645650794,11:39:08.645,23.2900,100
41948649558628,11:39:08.649,23.2900,100
41948699094062,11:39:08.699,23.2900,100
41948699094062,11:39:08.699,23.2900,29
41948699136205,11:39:08.699,23.2900,71
41951800569342,11:39:11.800,23.2750,115
41951804594128,11:39:11.804,23.2700,81
41956873812076,11:39:16.873,23.2750,400
41968100360309,11:39:28.100,23.2800,100
41982697838665,11:39:42.697,23.2900,100
41982697838665,11:39:42.697,23.2900,26
42033103524744,11:40:33.103,23.2900,200
42033103524744,11:40:33.103,23.2900,100
42095289084210,11:41:35.289,23.2800,100
42095289084210,11:41:35.289,23.2800,96
42150108845031,11:42:30.108,23.2900,43
42150110662364,11:42:30.110,23.2900,14
42164759528530,11:42:44.759,23.2900,43
42164759528530,11:42:44.759,23.2900,20
42186288477901,11:43:06.288,23.3000,100
42186293492151,11:43:06.293,23.3000,97
42186293513006,11:43:06.293,23.3000,3
42186293513006,11:43:06.293,23.3000,100
42272957981449,11:44:32.957,23.2900,112
42272957983125,11:44:32.957,23.2900,88
42286232578070,11:44:46.232,23.2850,700
42286233141915,11:44:46.233,23.2850,700
42286284712240,11:44:46.284,23.2850,600
42286375326595,11:44:46.375,23.2850,600
42286426146056,11:44:46.426,23.2850,600
42286532246480,11:44:46.532,23.2850,600
42286644867063,11:44:46.644,23.2850,600
42286732954081,11:44:46.732,23.2850,189
42288289045372,11:44:48.289,23.2850,100
42288297006039,11:44:48.297,23.2850,100
42323404636147,11:45:23.404,23.2900,21
42323404637878,11:45:23.404,23.2900,50
42323404661409,11:45:23.404,23.2900,29
42323404661409,11:45:23.404,23.2900,21
42323404673196,11:45:23.404,23.2900,34
42323405070052,11:45:23.405,23.2900,21
42323405087292,11:45:23.405,23.2900,24
42330986000772,11:45:30.986,23.2900,100
42389305322971,11:46:29.305,23.2850,100
42389305328532,11:46:29.305,23.2800,21
42389305403838,11:46:29.305,23.2800,79
42389305813716,11:46:29.305,23.2800,100
42389305918705,11:46:29.305,23.2800,100
42389305918705,11:46:29.305,23.2800,100
42389305918705,11:46:29.305,23.2800,11
42389305944861,11:46:29.305,23.2800,15
42389306085400,11:46:29.306,23.2800,174
42389306085400,11:46:29.306,23.2800,100
42389306085400,11:46:29.306,23.2800,100
42389306085400,11:46:29.306,23.2800,100
42389306085400,11:46:29.306,23.2800,100
42389306832603,11:46:29.306,23.2800,25
42389306864094,11:46:29.306,23.2800,175
42389306864094,11:46:29.306,23.2800,100
42425335282152,11:47:05.335,23.2900,200
42425335683737,11:47:05.335,23.2900,100
42425335683737,11:47:05.335,23.2900,100
42426763367751,11:47:06.763,23.3000,100
42426765161064,11:47:06.765,23.3000,96
42426765680345,11:47:06.765,23.3000,4
42426765680345,11:47:06.765,23.3000,92
42498747435887,11:48:18.747,23.2900,96
42534862115445,11:48:54.862,23.3000,1
42581129186188,11:49:41.129,23.2900,100
42581129186188,11:49:41.129,23.2900,200
42620728865171,11:50:20.728,23.2900,200
42620728865171,11:50:20.728,23.2900,100
42689261277711,11:51:29.261,23.2800,100
42737248354867,11:52:17.248,23.2700,200
42737248594551,11:52:17.248,23.2700,100
42737337536568,11:52:17.337,23.2800,200
42754118918744,11:52:34.118,23.2800,100
42770137516980,11:52:50.137,23.2900,100
42770137516980,11:52:50.137,23.2900,100
42790702412778,11:53:10.702,23.2900,100
42859460639357,11:54:19.460,23.3000,2
42960201846381,11:56:00.201,23.2900,84
42960729620891,11:56:00.729,23.2900,16
42962882115362,11:56:02.882,23.2800,99
42965265975417,11:56:05.265,23.2800,200
42965266005645,11:56:05.266,23.2800,300
42965266012887,11:56:05.266,23.2800,8
42965266264716,11:56:05.266,23.2800,100
42965371883066,11:56:05.371,23.2800,25
43028698872229,11:57:08.698,23.2900,100
43028698872229,11:57:08.698,23.2900,20
43028698872229,11:57:08.698,23.2900,50
43028698881631,11:57:08.698,23.2900,50
43029836955901,11:57:09.836,23.3000,48
43029836970031,11:57:09.836,23.3000,50
43035174082631,11:57:15.174,23.3100,100
43035174082631,11:57:15.174,23.3100,100
43158251286908,11:59:18.251,23.3000,67
43158251290144,11:59:18.251,23.3000,33
43158251290144,11:59:18.251,23.3000,21
43158251290962,11:59:18.251,23.3000,79
43158251404050,11:59:18.251,23.2900,50
43158251407288,11:59:18.251,23.2900,50
43158254576618,11:59:18.254,23.2900,100
43158255177198,11:59:18.255,23.2900,200
43160311810448,11:59:20.311,23.2900,100
43161343350288,11:59:21.343,23.2800,96
43233275414996,12:00:33.275,23.2900,84
43233317754002,12:00:33.317,23.3000,43
43233317782280,12:00:33.317,23.3000,57
43237378409785,12:00:37.378,23.3100,100
43285758512158,12:01:25.758,23.3100,100
43305574843874,12:01:45.574,23.3000,57
43305574872649,12:01:45.574,23.3000,143
43305574872649,12:01:45.574,23.3000,200
43305574881533,12:01:45.574,23.3000,337
43305574891303,12:01:45.574,23.3000,6
43305575077469,12:01:45.575,23.3000,8
43305575077469,12:01:45.575,23.3000,8
43305575101603,12:01:45.575,23.3000,41
43311471306184,12:01:51.471,23.3000,100
43342178083271,12:02:22.178,23.3200,98
43359697183623,12:02:39.697,23.3400,100
43359697219555,12:02:39.697,23.3400,100
43359697219555,12:02:39.697,23.3400,100
43359697370225,12:02:39.697,23.3400,100
43359697370225,12:02:39.697,23.3400,100
43359774016676,12:02:39.774,23.3400,100
43383156935664,12:03:03.156,23.3500,100
43448268659043,12:04:08.268,23.3600,1
43456433723245,12:04:16.433,23.3500,7
43456434143450,12:04:16.434,23.3500,93
43456434143450,12:04:16.434,23.3500,7
43456434173698,12:04:16.434,23.3500,193
43467836313835,12:04:27.836,23.3500,100
43534529690167,12:05:34.529,23.3500,100
43534529690167,12:05:34.529,23.3500,100
43548785281117,12:05:48.785,23.3400,100
43548785829915,12:05:48.785,23.3400,5
43558239345691,12:05:58.239,23.3300,16
43560088114378,12:06:00.088,23.3300,84
43572436001295,12:06:12.436,23.3400,14
43573155109393,12:06:13.155,23.3400,86
43589817694452,12:06:29.817,23.3500,100
43683225317389,12:08:03.225,23.3700,100
43691637227207,12:08:11.637,23.3800,14
43742987113116,12:09:02.987,23.3800,286
43774897081726,12:09:34.897,23.4000,100
43774897081726,12:09:34.897,23.4000,100
43774897081726,12:09:34.897,23.4000,50
43775898010378,12:09:35.898,23.4000,100
43809254836387,12:10:09.254,23.4000,16
43809255471519,12:10:09.255,23.4000,65
43809255471519,12:10:09.255,23.4000,35
43809255529953,12:10:09.255,23.4000,65
43810492940475,12:10:10.492,23.4000,100
43995968751553,12:13:15.968,23.4000,100
43995970553801,12:13:15.970,23.3900,100
43995970553801,12:13:15.970,23.3900,11
43995970951853,12:13:15.970,23.3800,75
43995972075870,12:13:15.972,23.3800,125
43995972075870,12:13:15.972,23.3800,100
43995974598922,12:13:15.974,23.3800,100
43995974598922,12:13:15.974,23.3800,100
43996240775779,12:13:16.240,23.3800,5
43996470505882,12:13:16.470,23.3800,95
43996470505882,12:13:16.470,23.3800,100
44058120941588,12:14:18.120,23.4000,25
44060781599462,12:14:20.781,23.4000,75
44063425634518,12:14:23.425,23.4000,7
44064487809782,12:14:24.487,23.4000,193
44176885596081,12:16:16.885,23.4000,100
44176885596081,12:16:16.885,23.4000,25
44176885597872,12:16:16.885,23.4000,39
44176885639623,12:16:16.885,23.4000,36
44177754698563,12:16:17.754,23.3900,100
44177754698563,12:16:17.754,23.3900,100
44178961887627,12:16:18.961,23.3900,100
44178982076343,12:16:18.982,23.3900,100
44258406460431,12:17:38.406,23.4000,150
44270215519105,12:17:50.215,23.4100,14
44280207096916,12:18:00.207,23.4100,86
44280208172850,12:18:00.208,23.4100,100
44280208172850,12:18:00.208,23.4100,100
44280208172850,12:18:00.208,23.4100,21
44280208183130,12:18:00.208,23.4100,87
44280208226093,12:18:00.208,23.4100,13
44280208254371,12:18:00.208,23.4100,100
44280208254371,12:18:00.208,23.4100,192
44280208496364,12:18:00.208,23.4100,13
44280209414240,12:18:00.209,23.4100,187
44280210888840,12:18:00.210,23.4100,100
44282731047477,12:18:02.731,23.4000,100
44292723360561,12:18:12.723,23.3900,99
44301124864824,12:18:21.124,23.4000,200
44375419185089,12:19:35.419,23.4000,200
44375419185089,12:19:35.419,23.4000,100
44406222534353,12:20:06.222,23.4100,100
44406222534353,12:20:06.222,23.4100,90
44407771445201,12:20:07.771,23.4200,100
44407874149278,12:20:07.874,23.4200,100
44407874174241,12:20:07.874,23.4200,100
44414681169001,12:20:14.681,23.4050,100
44414682427057,12:20:14.682,23.4000,100
44414687566533,12:20:14.687,23.4000,6
44414687611651,12:20:14.687,23.4000,94
44417606050494,12:20:17.606,23.4200,24
44423044626420,12:20:23.044,23.4300,100
44458047655373,12:20:58.047,23.4400,100
44458049005084,12:20:58.049,23.4400,100
44458055216304,12:20:58.055,23.4500,100
44458055216304,12:20:58.055,23.4500,100
44458067103224,12:20:58.067,23.4500,100
44458067349172,12:20:58.067,23.4500,100
44458067349172,12:20:58.067,23.4500,100
44458067716304,12:20:58.067,23.4500,100
44458077934473,12:20:58.077,23.4600,100
44459138541120,12:20:59.138,23.4600,100
44459138541120,12:20:59.138,23.4600,100
44459138541120,12:20:59.138,23.4600,100
44460653775119,12:21:00.653,23.4500,100
44460653803024,12:21:00.653,23.4500,100
44463209659909,12:21:03.209,23.4350,100
44470193305582,12:21:10.193,23.4400,99
44486373966665,12:21:26.373,23.4400,1
44488429577603,12:21:28.429,23.4300,1
44493146755099,12:21:33.146,23.4300,99
44493147261233,12:21:33.147,23.4300,100
44493147261233,12:21:33.147,23.4300,100
44493147261233,12:21:33.147,23.4300,100
44493147261233,12:21:33.147,23.4300,100
44493147261233,12:21:33.147,23.4300,100
44493147261233,12:21:33.147,23.4300,100
44493147261233,12:21:33.147,23.4300,100
44495206792719,12:21:35.206,23.4200,5
44495218527994,12:21:35.218,23.4250,100
44512470377584,12:21:52.470,23.4300,100
44512470377584,12:21:52.470,23.4300,100
44529195516588,12:22:09.195,23.4400,100
44529579488779,12:22:09.579,23.4500,100
44529579488779,12:22:09.579,23.4500,96
44529683399937,12:22:09.683,23.4500,100
44529687376417,12:22:09.687,23.4500,100
44529688170482,12:22:09.688,23.4500,100
44529843918045,12:22:09.843,23.4500,100
44529867137025,12:22:09.867,23.4500,196
44529943769331,12:22:09.943,23.4500,4
44529943769331,12:22:09.943,23.4500,96
44529944291667,12:22:09.944,23.4500,4
44532472132441,12:22:12.472,23.4500,100
44532472132441,12:22:12.472,23.4500,100
44535487067218,12:22:15.487,23.4600,9
44546311888922,12:22:26.311,23.4700,100
44546311914832,12:22:26.311,23.4700,100
44546311914832,12:22:26.311,23.4700,100
44547302279150,12:22:27.302,23.4600,200
44547302279150,12:22:27.302,23.4600,100
44556338973503,12:22:36.338,23.4700,200
44556339017783,12:22:36.339,23.4700,100
44557482947468,12:22:37.482,23.4800,100
44562346419943,12:22:42.346,23.4700,100
44602115689303,12:23:22.115,23.4700,100
44602115692279,12:23:22.115,23.4700,100
44602115809050,12:23:22.115,23.4600,50
44603116617156,12:23:23.116,23.4600,100
44604174068513,12:23:24.174,23.4600,100
44605217156507,12:23:25.217,23.4550,196
44630114460855,12:23:50.114,23.4550,200
44630117067069,12:23:50.117,23.4550,196
44630217988632,12:23:50.217,23.4550,100
44636027264942,12:23:56.027,23.4550,100
44636083056035,12:23:56.083,23.4550,100
44636089768029,12:23:56.089,23.4550,100
44636099117729,12:23:56.099,23.4550,196
44636211638667,12:23:56.211,23.4550,12
44636211638667,12:23:56.211,23.4500,88
44636292412170,12:23:56.292,23.4500,12
44639073385394,12:23:59.073,23.4450,100
44671486068647,12:24:31.486,23.4700,3
44674861183010,12:24:34.861,23.4700,97
44689579830219,12:24:49.579,23.4700,100
44689579830219,12:24:49.579,23.4700,100
44692245215398,12:24:52.245,23.4600,100
44692245215398,12:24:52.245,23.4600,96
44692245246718,12:24:52.245,23.4600,4
44692245814011,12:24:52.245,23.4600,100
44692245814011,12:24:52.245,23.4600,100
44692245814011,12:24:52.245,23.4600,100
44692245814011,12:24:52.245,23.4600,100
44692245814011,12:24:52.245,23.4600,100
44692245814011,12:24:52.245,23.4600,100
44700251082607,12:25:00.251,23.4600,48
44700251111188,12:25:00.251,23.4600,52
44701547584458,12:25:01.547,23.4600,52
44702944260869,12:25:02.944,23.4600,100
44703088315110,12:25:03.088,23.4600,196
44705026032060,12:25:05.026,23.4600,4
44705026032060,12:25:05.026,23.4600,100
44706701358888,12:25:06.701,23.4600,100
44712086906993,12:25:12.086,23.4600,98
44719231261850,12:25:19.231,23.4600,2
44719231784887,12:25:19.231,23.4600,300
44758202611849,12:25:58.202,23.4550,100
44796531291263,12:26:36.531,23.4500,98
44796531320543,12:26:36.531,23.4500,2
44800859156392,12:26:40.859,23.4500,1
44841239350522,12:27:21.239,23.4500,100
44841239377057,12:27:21.239,23.4500,100
44841239377057,12:27:21.239,23.4500,100
44841240303404,12:27:21.240,23.4550,100
44841241096856,12:27:21.241,23.4600,100
44841518735419,12:27:21.518,23.4600,1
44880656917772,12:28:00.656,23.4600,99
44941804224787,12:29:01.804,23.4700,1
44979265129591,12:29:39.265,23.4700,36
44979265349979,12:29:39.265,23.4700,64
44992777889490,12:29:52.777,23.4700,100
44992861416014,12:29:52.861,23.4600,200
44992861416014,12:29:52.861,23.4600,200
44992861416014,12:29:52.861,23.4600,100
44995954911722,12:29:55.954,23.4550,100
44995954911722,12:29:55.954,23.4500,200
44998024902337,12:29:58.024,23.4450,100
45009420775885,12:30:09.420,23.4500,100
45046988543464,12:30:46.988,23.4600,100
45051546717937,12:30:51.546,23.4600,100
45054674795935,12:30:54.674,23.4600,200
45054674795935,12:30:54.674,23.4600,100
45054674795935,12:30:54.674,23.4600,73
45054675343891,12:30:54.675,23.4600,227
45115728569182,12:31:55.728,23.4700,100
45115728569182,12:31:55.728,23.4700,100
45122617468453,12:32:02.617,23.4700,100
45123618394113,12:32:03.618,23.4700,100
45144763175476,12:32:24.763,23.4550,155
45144763186896,12:32:24.763,23.4550,245
45144763199740,12:32:24.763,23.4550,153
45144763494920,12:32:24.763,23.4500,50
45144765068736,12:32:24.765,23.4500,100
45144765068736,12:32:24.765,23.4500,300
45168117076357,12:32:48.117,23.4500,373
45180287250962,12:33:00.287,23.4600,50
45215715517186,12:33:35.715,23.4600,200
45215715517186,12:33:35.715,23.4600,100
45215719300285,12:33:35.719,23.4600,300
45215759580799,12:33:35.759,23.4500,47
45218875472722,12:33:38.875,23.4400,100
45234477862115,12:33:54.477,23.4400,100
45234477862115,12:33:54.477,23.4400,100
45234478120923,12:33:54.478,23.4400,100
45318024459913,12:35:18.024,23.4500,200
45320270115313,12:35:20.270,23.4400,100
45360864785090,12:36:00.864,23.4300,12
45360864795553,12:36:00.864,23.4300,88
45360864795553,12:36:00.864,23.4300,12
45360864796396,12:36:00.864,23.4300,153
45360864808925,12:36:00.864,23.4300,35
45360864808925,12:36:00.864,23.4300,15
45360864840039,12:36:00.864,23.4300,35
45360864917087,12:36:00.864,23.4300,50
45367668068644,12:36:07.668,23.4300,12
45501032570221,12:38:21.032,23.4500,38
45501032805743,12:38:21.032,23.4500,62
45518457806789,12:38:38.457,23.4600,1
45525111265061,12:38:45.111,23.4500,100
45615464571887,12:40:15.464,23.4500,100
45615464571887,12:40:15.464,23.4500,100
45681680676976,12:41:21.680,23.4600,99
45681680676976,12:41:21.680,23.4600,100
45681680676976,12:41:21.680,23.4600,100
45681680802288,12:41:21.680,23.4600,100
45681680810367,12:41:21.680,23.4600,100
45709907774773,12:41:49.907,23.4600,100
45709907774773,12:41:49.907,23.4600,100
45711969291943,12:41:51.969,23.4600,100
45713392438700,12:41:53.392,23.4700,100
45713392438700,12:41:53.392,23.4700,200
45713442591023,12:41:53.442,23.4800,100
45713442591023,12:41:53.442,23.4800,100
45713442591023,12:41:53.442,23.4800,100
45713442591023,12:41:53.442,23.4800,200
45713929086838,12:41:53.929,23.4900,100
45717829900494,12:41:57.829,23.4900,100
45727122005524,12:42:07.122,23.4900,300
45765002133139,12:42:45.002,23.5000,1
45773137542653,12:42:53.137,23.5000,199
45817792303370,12:43:37.792,23.5300,1
45818923421408,12:43:38.923,23.5200,100
45818923421408,12:43:38.923,23.5200,100
45819924355766,12:43:39.924,23.5200,100
45868304329152,12:44:28.304,23.5100,38
45893324136037,12:44:53.324,23.5100,62
45909169434736,12:45:09.169,23.5200,100
45909169434736,12:45:09.169,23.5200,200
45923271515402,12:45:23.271,23.5300,100
45923271677803,12:45:23.271,23.5300,100
45950509314656,12:45:50.509,23.5300,100
45976769693650,12:46:16.769,23.5200,100
45976769693650,12:46:16.769,23.5200,100
46044726409454,12:47:24.726,23.5200,100
46130432822102,12:48:50.432,23.5000,100
46130432861080,12:48:50.432,23.5000,100
46130432862901,12:48:50.432,23.5000,73
46130432891031,12:48:50.432,23.5000,27
46174273031057,12:49:34.273,23.5100,100
46196024047960,12:49:56.024,23.5100,100
46407891440715,12:53:27.891,23.4700,61
46407891467244,12:53:27.891,23.4750,154
46407891626731,12:53:27.891,23.4700,3
46407891626731,12:53:27.891,23.4700,47
46407891678142,12:53:27.891,23.4750,100
46407891942522,12:53:27.891,23.4700,200
46407891942522,12:53:27.891,23.4700,100
46407891942522,12:53:27.891,23.4700,100
46407891942522,12:53:27.891,23.4700,100
46407891942522,12:53:27.891,23.4700,46
46407891972223,12:53:27.891,23.4700,54
46407891972223,12:53:27.891,23.4700,100
46414919413417,12:53:34.919,23.4700,79
46414919445549,12:53:34.919,23.4750,121
46418539482618,12:53:38.539,23.4700,100
46445876243217,12:54:05.876,23.4750,100
46542557627593,12:55:42.557,23.4750,400
46542557673951,12:55:42.557,23.4750,100
46542557680362,12:55:42.557,23.4750,179
46542557680362,12:55:42.557,23.4700,21
46542557707304,12:55:42.557,23.4700,79
46542557707304,12:55:42.557,23.4700,100
46542557707304,12:55:42.557,23.4700,100
46542557707304,12:55:42.557,23.4700,100
46548793576116,12:55:48.793,23.4600,100
46548793576116,12:55:48.793,23.4600,100
46548793576116,12:55:48.793,23.4600,100
46548793899043,12:55:48.793,23.4600,100
46548798773273,12:55:48.798,23.4650,100
46553479006849,12:55:53.479,23.4600,200
46560006364960,12:56:00.006,23.4700,100
46560006364960,12:56:00.006,23.4700,100
46588331927238,12:56:28.331,23.4700,38
46588331951543,12:56:28.331,23.4700,162
46588331951543,12:56:28.331,23.4700,3
46588332447885,12:56:28.332,23.4700,97
46588332447885,12:56:28.332,23.4700,100
46588332447885,12:56:28.332,23.4700,3
46734443587880,12:58:54.443,23.4700,1
46756660730974,12:59:16.660,23.4700,99
46756660730974,12:59:16.660,23.4700,1
46756660781590,12:59:16.660,23.4700,99
46796148885962,12:59:56.148,23.4800,100
46822654270418,13:00:22.654,23.4600,87
46822654288178,13:00:22.654,23.4600,113
46822654288178,13:00:22.654,23.4600,33
46822654296988,13:00:22.654,23.4600,67
46860261265664,13:01:00.261,23.4600,100
46864116364299,13:01:04.116,23.4700,100
46864116364299,13:01:04.116,23.4700,50
46864116379429,13:01:04.116,23.4700,50
46864116379429,13:01:04.116,23.4700,100
46865770155325,13:01:05.770,23.4900,200
46904268547936,13:01:44.268,23.4900,86
46904268603062,13:01:44.268,23.4900,114
46904268603062,13:01:44.268,23.4900,32
46904272614917,13:01:44.272,23.4900,95
46904272741848,13:01:44.272,23.4900,100
46904272741848,13:01:44.272,23.4900,100
46904272741848,13:01:44.272,23.4900,100
46904272742793,13:01:44.272,23.4900,405
46904272876896,13:01:44.272,23.4900,64
46904273058283,13:01:44.273,23.4900,64
46904273170293,13:01:44.273,23.4900,64
46904273203772,13:01:44.273,23.4900,108
46964054835260,13:02:44.054,23.4800,100
46973962675279,13:02:53.962,23.4800,22
47007163681646,13:03:27.163,23.4800,100
47007163719325,13:03:27.163,23.4800,78
47007163719325,13:03:27.163,23.4800,122
47007163749270,13:03:27.163,23.4800,178
47007163749270,13:03:27.163,23.4800,100
47007166136138,13:03:27.166,23.4900,100
47040016175659,13:04:00.016,23.4800,28
47040016309308,13:04:00.016,23.4800,28
47040016376212,13:04:00.016,23.4800,28
47040016445661,13:04:00.016,23.4800,16
47116614167860,13:05:16.614,23.4800,100
47160237608698,13:06:00.237,23.4800,100
47211583904339,13:06:51.583,23.4800,100
47341096561190,13:09:01.096,23.4900,2
47412685868376,13:10:12.685,23.4800,100
47412685868376,13:10:12.685,23.4800,4
47412685893251,13:10:12.685,23.4800,96
47412686481494,13:10:12.686,23.4800,100
47412686481494,13:10:12.686,23.4800,100
47412686481494,13:10:12.686,23.4800,100
47412686481494,13:10:12.686,23.4800,100
47412686481494,13:10:12.686,23.4800,200
47412686481494,13:10:12.686,23.4800,100
47412686481494,13:10:12.686,23.4800,100
47412686481494,13:10:12.686,23.4800,100
47413190690632,13:10:13.190,23.4900,11
47413190721885,13:10:13.190,23.4900,87
47413190721885,13:10:13.190,23.4900,200
47413190721885,13:10:13.190,23.4900,6
47413190727388,13:10:13.190,23.4900,94
47413242454017,13:10:13.242,23.5000,100
47413242454017,13:10:13.242,23.5000,200
47413694675098,13:10:13.694,23.5100,30
47413889569857,13:10:13.889,23.5100,8
47449936092904,13:10:49.936,23.5200,200
47568207402294,13:12:48.207,23.5200,100
47570841576794,13:12:50.841,23.5300,100
47621087839029,13:13:41.087,23.5300,100
47621087866039,13:13:41.087,23.5300,100
47621087866039,13:13:41.087,23.5300,100
47621087866039,13:13:41.087,23.5300,200
47703372345807,13:15:03.372,23.5150,100
47703373544686,13:15:03.373,23.5150,100
47703396434031,13:15:03.396,23.5100,100
47703396434031,13:15:03.396,23.5100,100
47712387745099,13:15:12.387,23.5150,100
47712387745099,13:15:12.387,23.5100,100
47712387745099,13:15:12.387,23.5100,100
47756399293201,13:15:56.399,23.5100,300
47756399293201,13:15:56.399,23.5100,100
47802868365497,13:16:42.868,23.5100,2
47895526851344,13:18:15.526,23.5100,300
47903800209718,13:18:23.800,23.5200,4
47903800246880,13:18:23.800,23.5200,96
47903800246880,13:18:23.800,23.5200,4
47903800249008,13:18:23.800,23.5200,50
47934815644693,13:18:54.815,23.5300,1
48046005610280,13:20:46.005,23.5200,100
48046005610280,13:20:46.005,23.5200,100
48046005626045,13:20:46.005,23.5200,150
48046005647210,13:20:46.005,23.5200,150
48056830402168,13:20:56.830,23.5100,100
48141177442805,13:22:21.177,23.5200,100
48187312187855,13:23:07.312,23.5000,9
48187312214570,13:23:07.312,23.5000,7
48187312214570,13:23:07.312,23.5000,4
48264036068660,13:24:24.036,23.5000,2
48264357539380,13:24:24.357,23.5000,98
48264357539380,13:24:24.357,23.5000,102
48264357573195,13:24:24.357,23.5000,2
48264357578066,13:24:24.357,23.5000,96
48264357578066,13:24:24.357,23.5000,42
48264357584109,13:24:24.357,23.5000,58
48289723190368,13:24:49.723,23.5100,100
48306989217358,13:25:06.989,23.5100,19
48306989230137,13:25:06.989,23.5100,81
48306989230137,13:25:06.989,23.5100,100
48312675917574,13:25:12.675,23.5200,4
48312675957550,13:25:12.675,23.5200,54
48312676028273,13:25:12.676,23.5200,42
48337445260459,13:25:37.445,23.5300,50
48337445283224,13:25:37.445,23.5300,7
48337445291688,13:25:37.445,23.5300,43
48445448679386,13:27:25.448,23.5300,100
48544651037560,13:29:04.651,23.5300,50
48544651050657,13:29:04.651,23.5300,50
48544651068562,13:29:04.651,23.5300,200
48544651068562,13:29:04.651,23.5300,10
48544651068562,13:29:04.651,23.5300,100
48594743156170,13:29:54.743,23.5300,100
48594743490624,13:29:54.743,23.5300,100
48594743490624,13:29:54.743,23.5300,100
48594743539508,13:29:54.743,23.5300,100
48598855411649,13:29:58.855,23.5300,20
48697557964213,13:31:37.557,23.5200,100
48697557964213,13:31:37.557,23.5200,55
48697557995740,13:31:37.557,23.5200,45
48697557995740,13:31:37.557,23.5200,62
48812241905907,13:33:32.241,23.5300,11
48832248089202,13:33:52.248,23.5300,1
48968048826610,13:36:08.048,23.5200,100
48968048826610,13:36:08.048,23.5200,52
48968048834942,13:36:08.048,23.5200,48
48968051618945,13:36:08.051,23.5100,48
48968053027033,13:36:08.053,23.5100,50
48968053029593,13:36:08.053,23.5100,2
48968053534056,13:36:08.053,23.5100,10
48968056553241,13:36:08.056,23.5100,1
48970126313437,13:36:10.126,23.5000,100
48971159044326,13:36:11.159,23.5000,10
48997730331956,13:36:37.730,23.5000,100
49050081529852,13:37:30.081,23.5000,100
49125436030008,13:38:45.436,23.5100,2
49126320193764,13:38:46.320,23.5000,100
49158541605586,13:39:18.541,23.4900,3
49158541630699,13:39:18.541,23.4900,97
49158541630699,13:39:18.541,23.4900,100
49214216699908,13:40:14.216,23.5000,100
49214216700384,13:40:14.216,23.5000,100
49233438216712,13:40:33.438,23.5100,1
49237641936424,13:40:37.641,23.5100,100
49301328909232,13:41:41.328,23.5000,100
49301328909232,13:41:41.328,23.5000,6
49301328930843,13:41:41.328,23.5000,94
49301329493484,13:41:41.329,23.5000,100
49302751422953,13:41:42.751,23.5000,14
49302751430362,13:41:42.751,23.5000,11
49322655499334,13:42:02.655,23.5000,46
49436396055596,13:43:56.396,23.5000,1
49455626717535,13:44:15.626,23.4900,2
49576462110050,13:46:16.462,23.4900,8
49576462501457,13:46:16.462,23.4900,92
49576462501457,13:46:16.462,23.4900,300
49608380708380,13:46:48.380,23.4850,100
49608380708380,13:46:48.380,23.4800,100
49608380708380,13:46:48.380,23.4800,100
49608380708380,13:46:48.380,23.4800,100
49615134289793,13:46:55.134,23.4750,100
49663338345463,13:47:43.338,23.4750,100
49680355728400,13:48:00.355,23.4750,175
49683448453947,13:48:03.448,23.4750,175
49683448652761,13:48:03.448,23.4750,137
49683448665246,13:48:03.448,23.4700,17
49683448668650,13:48:03.448,23.4750,175
49683448676176,13:48:03.448,23.4750,175
49683448687906,13:48:03.448,23.4750,63
49683448687906,13:48:03.448,23.4700,32
49683448747645,13:48:03.448,23.4700,51
49683448747645,13:48:03.448,23.4700,10
49683448989041,13:48:03.448,23.4700,65
49683449629503,13:48:03.449,23.4700,2
49683468088203,13:48:03.468,23.4700,100
49683468088203,13:48:03.468,23.4700,100
49683468129793,13:48:03.468,23.4700,100
49683468159874,13:48:03.468,23.4700,100
49730369032620,13:48:50.369,23.4750,102
49730369157610,13:48:50.369,23.4750,102
49816314138048,13:50:16.314,23.4750,196
49816314138048,13:50:16.314,23.4700,2
49816314138048,13:50:16.314,23.4700,4
49816314769499,13:50:16.314,23.4700,73
49816315403881,13:50:16.315,23.4700,23
49816315403881,13:50:16.315,23.4700,100
49816327330647,13:50:16.327,23.4700,47
49816327339397,13:50:16.327,23.4700,50
49816327349901,13:50:16.327,23.4700,3
49816327349901,13:50:16.327,23.4700,100
49816327349901,13:50:16.327,23.4700,47
49816327391142,13:50:16.327,23.4700,45
49853426176834,13:50:53.426,23.4800,100
49853426203124,13:50:53.426,23.4800,100
49853426203124,13:50:53.426,23.4800,93
49853426240601,13:50:53.426,23.4800,7
49853430146386,13:50:53.430,23.4900,100
49853430146386,13:50:53.430,23.4900,70
49853430182011,13:50:53.430,23.4900,30
49853430182011,13:50:53.430,23.4900,100
49853928307806,13:50:53.928,23.5000,45
49945206663799,13:52:25.206,23.4900,100
49983749042522,13:53:03.749,23.4900,100
49983749067326,13:53:03.749,23.4900,49
49983749396114,13:53:03.749,23.4900,51
49983749396114,13:53:03.749,23.4900,79
49983749407273,13:53:03.749,23.4900,21
49983749407273,13:53:03.749,23.4900,79
49983749430421,13:53:03.749,23.4900,100
49983750334665,13:53:03.750,23.4900,100
49983750696769,13:53:03.750,23.4900,21
50018909407923,13:53:38.909,23.4900,100
50038277188490,13:53:58.277,23.4900,20
50063678974156,13:54:23.678,23.5000,3
50096713252125,13:54:56.713,23.5000,30
50100045902616,13:55:00.045,23.5000,67
50100045902616,13:55:00.045,23.5000,57
50100045929527,13:55:00.045,23.5000,1
50100046026964,13:55:00.046,23.5000,42
50110139065310,13:55:10.139,23.5000,100
50122232126367,13:55:22.232,23.5100,96
50122232161315,13:55:22.232,23.5100,4
50122255772609,13:55:22.255,23.5200,48
50122255772609,13:55:22.255,23.5200,200
50154998597433,13:55:54.998,23.5200,100
50155003747528,13:55:55.003,23.5200,100
50155016180135,13:55:55.016,23.5200,100
50155016459060,13:55:55.016,23.5200,7
50155024378066,13:55:55.024,23.5200,93
50155024378066,13:55:55.024,23.5200,100
50160031024533,13:56:00.031,23.5200,100
50160031024533,13:56:00.031,23.5200,100
50160031024533,13:56:00.031,23.5200,100
50212758010979,13:56:52.758,23.5200,100
50212758010979,13:56:52.758,23.5200,96
50212758010979,13:56:52.758,23.5200,100
50220889821282,13:57:00.889,23.5400,1
50223845710912,13:57:03.845,23.5300,100
50242265202743,13:57:22.265,23.5200,42
50242265237574,13:57:22.265,23.5200,58
50254576748668,13:57:34.576,23.5200,100
50266683783278,13:57:46.683,23.5200,100
50266683783278,13:57:46.683,23.5200,100
50326210383632,13:58:46.210,23.5200,50
50326210757393,13:58:46.210,23.5200,5
50340048767302,13:59:00.048,23.5150,129
50340048850514,13:59:00.048,23.5100,28
50340049120951,13:59:00.049,23.5150,101
50340079152613,13:59:00.079,23.5150,101
50340079199355,13:59:00.079,23.5150,101
50340079206358,13:59:00.079,23.5150,101
50385638192628,13:59:45.638,23.5100,72
50385638192628,13:59:45.638,23.5100,27
50385638194722,13:59:45.638,23.5150,201
50385638196401,13:59:45.638,23.5150,199
50385638199291,13:59:45.638,23.5150,150
50385638202893,13:59:45.638,23.5150,201
50385638217197,13:59:45.638,23.5150,16
50385638217197,13:59:45.638,23.5100,2
50385638217197,13:59:45.638,23.5100,38
50385638225809,13:59:45.638,23.5100,51
50385638243756,13:59:45.638,23.5100,11
50385638587979,13:59:45.638,23.5000,38
50385638781783,13:59:45.638,23.5000,62
50387308199983,13:59:47.308,23.5000,8
50387308199983,13:59:47.308,23.5000,92
50387308199983,13:59:47.308,23.5000,50
50387308239260,13:59:47.308,23.5000,50
50387333437641,13:59:47.333,23.5050,100
50399581005600,13:59:59.581,23.5000,100
50399581086767,13:59:59.581,23.5000,100
50399581086767,13:59:59.581,23.5000,100
50399581346131,13:59:59.581,23.5000,19
50402708586222,14:00:02.708,23.5200,99
50402708586222,14:00:02.708,23.5200,20
50402708599660,14:00:02.708,23.5200,80
50402708599660,14:00:02.708,23.5200,49
50402708612750,14:00:02.708,23.5200,51
50402708612750,14:00:02.708,23.5200,129
50402758830887,14:00:02.758,23.5150,100
50408594261688,14:00:08.594,23.5300,100
50408594261688,14:00:08.594,23.5300,100
50408594758378,14:00:08.594,23.5400,99
50408594758378,14:00:08.594,23.5400,100
50408594758378,14:00:08.594,23.5400,100
50408594758378,14:00:08.594,23.5400,100
50408594758378,14:00:08.594,23.5400,1
50408594882626,14:00:08.594,23.5400,5
50408594973672,14:00:08.594,23.5400,94
50408605479170,14:00:08.605,23.5400,100
50408606619635,14:00:08.606,23.5600,100
50408621364878,14:00:08.621,23.5500,100
50408621364878,14:00:08.621,23.5500,100
50408621364878,14:00:08.621,23.5500,100
50408621481614,14:00:08.621,23.5500,100
50408622474476,14:00:08.622,23.5500,100
50408622474476,14:00:08.622,23.5500,200
50408641160805,14:00:08.641,23.5500,100
50408660055574,14:00:08.660,23.5500,100
50408682160867,14:00:08.682,23.5400,200
50408700143950,14:00:08.700,23.5500,100
50408896164244,14:00:08.896,23.5600,100
50408944387084,14:00:08.944,23.5600,2
50408994211021,14:00:08.994,23.5700,100
50409089575219,14:00:09.089,23.5700,100
50409089575219,14:00:09.089,23.5700,100
50409089579106,14:00:09.089,23.5700,50
50409089588480,14:00:09.089,23.5700,67
50409089608491,14:00:09.089,23.5700,30
50409332472087,14:00:09.332,23.5700,100
50409353938029,14:00:09.353,23.5700,100
50409353938029,14:00:09.353,23.5700,300
50409361485178,14:00:09.361,23.5700,300
50409380126920,14:00:09.380,23.5700,98
50409380126920,14:00:09.380,23.5700,100
50409444190781,14:00:09.444,23.5700,102
50409764761892,14:00:09.764,23.5700,100
50421593367353,14:00:21.593,23.5800,100
50421593470344,14:00:21.593,23.5900,100
50423282216534,14:00:23.282,23.5800,1
50423322302626,14:00:23.322,23.5800,99
50423324990237,14:00:23.324,23.5700,100
50423326814474,14:00:23.326,23.5700,100
50423331546712,14:00:23.331,23.5700,100
50423335849452,14:00:23.335,23.5700,100
50423338926585,14:00:23.338,23.5650,100
50423339233172,14:00:23.339,23.5650,100
50423345539246,14:00:23.345,23.5650,100
50423348039745,14:00:23.348,23.5650,100
50423363631984,14:00:23.363,23.5700,100
50423363631984,14:00:23.363,23.5700,100
50423363631984,14:00:23.363,23.5700,73
50423363645824,14:00:23.363,23.5700,27
50423428229121,14:00:23.428,23.5800,144
50423482779791,14:00:23.482,23.5800,100
50423482779791,14:00:23.482,23.5800,100
50425641475906,14:00:25.641,23.5800,144
50438530729134,14:00:38.530,23.5900,100
50438663955682,14:00:38.663,23.5900,100
50439570264215,14:00:39.570,23.6000,100
50439570264215,14:00:39.570,23.6000,28
50439570320096,14:00:39.570,23.6000,72
50441432521357,14:00:41.432,23.6100,100
50441934119364,14:00:41.934,23.6200,100
50445386478603,14:00:45.386,23.6100,100
50446710492449,14:00:46.710,23.5950,100
50446710714249,14:00:46.710,23.5950,100
50446711164300,14:00:46.711,23.5950,100
50447060554422,14:00:47.060,23.5950,100
50447060780900,14:00:47.060,23.5950,100
50447060976484,14:00:47.060,23.5950,100
50447191065149,14:00:47.191,23.5950,100
50447191146907,14:00:47.191,23.5900,100
50448178445584,14:00:48.178,23.5850,100
50448427654576,14:00:48.427,23.5800,96
50448428134248,14:00:48.428,23.5800,4
50448428223023,14:00:48.428,23.5800,100
50451618005964,14:00:51.618,23.6100,100
50470921301897,14:01:10.921,23.6000,100
50471957926779,14:01:11.957,23.6000,100
50471957926779,14:01:11.957,23.6000,42
50471981241533,14:01:11.981,23.6100,142
50480241076179,14:01:20.241,23.6000,100
50480241076179,14:01:20.241,23.6000,100
50480241153236,14:01:20.241,23.6000,100
50480243152972,14:01:20.243,23.6050,100
50480244377880,14:01:20.244,23.6000,13
50482335483593,14:01:22.335,23.5900,4
50490267501168,14:01:30.267,23.6050,100
50491841216387,14:01:31.841,23.6000,100
50493920160179,14:01:33.920,23.5900,96
50502210547777,14:01:42.210,23.5900,4
50537073741446,14:02:17.073,23.6050,100
50537825881393,14:02:17.825,23.6050,100
50537825956940,14:02:17.825,23.6050,100
50537826897863,14:02:17.826,23.6050,100
50537827438733,14:02:17.827,23.6050,100
50537827514387,14:02:17.827,23.6000,50
50537827536640,14:02:17.827,23.6050,100
50537827826679,14:02:17.827,23.6000,50
50537849142647,14:02:17.849,23.5800,96
50537849222239,14:02:17.849,23.5800,10
50540245881421,14:02:20.245,23.5800,136
50547909346891,14:02:27.909,23.5900,100
50547909346891,14:02:27.909,23.5900,100
50547909853832,14:02:27.909,23.6000,90
50566400498476,14:02:46.400,23.6000,100
50566400498476,14:02:46.400,23.6000,1
50566400545424,14:02:46.400,23.6000,99
50566400545424,14:02:46.400,23.6000,100
50566400548269,14:02:46.400,23.6000,189
50566400560183,14:02:46.400,23.6000,10
50566400565826,14:02:46.400,23.6000,10
50566400569516,14:02:46.400,23.6000,91
50566401220385,14:02:46.401,23.6100,200
50566420913880,14:02:46.420,23.6000,100
50566441381310,14:02:46.441,23.6000,100
50566441381310,14:02:46.441,23.6000,100
50566441381310,14:02:46.441,23.6000,100
50577656493215,14:02:57.656,23.6200,72
50577656505152,14:02:57.656,23.6200,28
50585476393077,14:03:05.476,23.6200,10
50585476393544,14:03:05.476,23.6200,50
50585931469393,14:03:05.931,23.6200,40
50585931469393,14:03:05.931,23.6200,10
50585931472424,14:03:05.931,23.6200,90
50585931477410,14:03:05.931,23.6100,60
50585931497328,14:03:05.931,23.6100,40
50585931497328,14:03:05.931,23.6100,60
50589036792684,14:03:09.036,23.6000,69
50589036836629,14:03:09.036,23.6000,31
50603209468935,14:03:23.209,23.6100,100
50603209468935,14:03:23.209,23.6100,100
50609785710933,14:03:29.785,23.6400,100
50650385529229,14:04:10.385,23.6500,100
50650389965993,14:04:10.389,23.6700,2
50650396179121,14:04:10.396,23.6700,98
50651273532447,14:04:11.273,23.6900,100
50651273582166,14:04:11.273,23.6800,12
50651273582166,14:04:11.273,23.6800,100
50651273676056,14:04:11.273,23.6800,24
50651273748425,14:04:11.273,23.6800,100
50660260056890,14:04:20.260,23.7000,100
50671594445443,14:04:31.594,23.7000,10
50671594458560,14:04:31.594,23.7000,90
50686547076366,14:04:46.547,23.7000,100
50686548394046,14:04:46.548,23.7400,89
50687794508310,14:04:47.794,23.7100,100
50687794508310,14:04:47.794,23.7100,100
50687795132191,14:04:47.795,23.7100,17
50687795141951,14:04:47.795,23.7100,83
50687795630817,14:04:47.795,23.7100,83
50691817543891,14:04:51.817,23.7500,17
50701358721166,14:05:01.358,23.7300,46
50701358738672,14:05:01.358,23.7300,54
50701358745615,14:05:01.358,23.7300,100
50701358745615,14:05:01.358,23.7300,200
50701358796109,14:05:01.358,23.7200,200
50701358796109,14:05:01.358,23.7200,100
50701389098628,14:05:01.389,23.7200,100
50701389098628,14:05:01.389,23.7200,100
50701594129363,14:05:01.594,23.7100,100
50704476184367,14:05:04.476,23.7100,100
50704476230839,14:05:04.476,23.7100,100
50704476333934,14:05:04.476,23.7100,100
50704476409539,14:05:04.476,23.7100,30
50706757789220,14:05:06.757,23.7200,20
50709021392696,14:05:09.021,23.7200,62
50709021436104,14:05:09.021,23.7200,18
50710953180234,14:05:10.953,23.7400,100
50715709201605,14:05:15.709,23.7150,100
50715709400528,14:05:15.709,23.7150,100
50715709632721,14:05:15.709,23.7100,100
50732112360096,14:05:32.112,23.7050,100
50732112360096,14:05:32.112,23.7000,2
50732112653884,14:05:32.112,23.7000,42
50732112653884,14:05:32.112,23.7000,56
50732112653884,14:05:32.112,23.7000,2
50733652414764,14:05:33.652,23.7000,67
50771588727760,14:06:11.588,23.6900,16
50771588753455,14:06:11.588,23.6900,84
50778043381977,14:06:18.043,23.7000,28
50778043401917,14:06:18.043,23.7000,72
50778043401917,14:06:18.043,23.7000,78
50778188323898,14:06:18.188,23.7000,100
50778188678958,14:06:18.188,23.7000,100
50778188835733,14:06:18.188,23.7000,93
50778189175005,14:06:18.189,23.7000,7
50778189175005,14:06:18.189,23.7000,93
50778189198365,14:06:18.189,23.7000,7
50778190323869,14:06:18.190,23.7200,89
50792602396721,14:06:32.602,23.7200,1
50794568954710,14:06:34.568,23.7200,1
50794569767109,14:06:34.569,23.7400,1
50794569770633,14:06:34.569,23.7400,1
50794569771905,14:06:34.569,23.7400,1
50794569773397,14:06:34.569,23.7400,1
50794569777401,14:06:34.569,23.7400,1
50794569778011,14:06:34.569,23.7400,1
50794569781876,14:06:34.569,23.7400,1
50794569783737,14:06:34.569,23.7400,1
50794569784286,14:06:34.569,23.7400,1
50794569785995,14:06:34.569,23.7400,1
50794569786526,14:06:34.569,23.7400,1
50794569788131,14:06:34.569,23.7400,1
50794569875984,14:06:34.569,23.7300,52
50794569917647,14:06:34.569,23.7300,148
50795415555293,14:06:35.415,23.7100,50
50795415556706,14:06:35.415,23.7100,50
50795415568958,14:06:35.415,23.7200,100
50814816253933,14:06:54.816,23.7000,100
50815480821422,14:06:55.480,23.6900,100
50815480821422,14:06:55.480,23.6800,64
50815480821422,14:06:55.480,23.6800,100
50815480821422,14:06:55.480,23.6800,36
50815481175230,14:06:55.481,23.6800,100
50815481175230,14:06:55.481,23.6800,41
50818579776387,14:06:58.579,23.6700,64
50818579776387,14:06:58.579,23.6700,36
50818579776387,14:06:58.579,23.6700,100
50818579965527,14:06:58.579,23.6700,100
50818579965527,14:06:58.579,23.6700,100
50818579965527,14:06:58.579,23.6700,100
50834272404640,14:07:14.272,23.6700,100
50834272404640,14:07:14.272,23.6700,100
50834272592478,14:07:14.272,23.6700,100
50834272592478,14:07:14.272,23.6700,100
50834272592478,14:07:14.272,23.6700,100
50834272592478,14:07:14.272,23.6700,100
50834272979972,14:07:14.272,23.6700,100
50834272979972,14:07:14.272,23.6700,100
50834273032928,14:07:14.273,23.6700,100
50834864813645,14:07:14.864,23.6700,100
50834866153675,14:07:14.866,23.6800,27
50846749861547,14:07:26.749,23.6700,100
50863606885836,14:07:43.606,23.6700,100
50863608322080,14:07:43.608,23.6700,100
50863799299177,14:07:43.799,23.6700,100
50863844294574,14:07:43.844,23.6700,100
50869265010589,14:07:49.265,23.6800,73
50869265035838,14:07:49.265,23.6800,27
50878898478335,14:07:58.898,23.6750,200
50878899673785,14:07:58.899,23.6750,200
50878901107024,14:07:58.901,23.6750,200
50878901107950,14:07:58.901,23.6750,200
50878918731173,14:07:58.918,23.6750,200
50878952391319,14:07:58.952,23.6750,200
50878999278073,14:07:58.999,23.6750,100
50879017762508,14:07:59.017,23.6750,200
50879090595418,14:07:59.090,23.6750,200
50879165080887,14:07:59.165,23.6750,200
50879237609494,14:07:59.237,23.6750,100
50879237609494,14:07:59.237,23.6700,100
50879237634625,14:07:59.237,23.6700,100
50880226375413,14:08:00.226,23.6600,100
50880243003370,14:08:00.243,23.6600,100
50886980871488,14:08:06.980,23.6500,100
50945271930652,14:09:05.271,23.6400,68
50945271942954,14:09:05.271,23.6400,82
50945271975435,14:09:05.271,23.6450,150
50945271985869,14:09:05.271,23.6400,82
50945272156791,14:09:05.272,23.6450,150
50945272471797,14:09:05.272,23.6400,18
50945272614714,14:09:05.272,23.6400,100
50945272614714,14:09:05.272,23.6400,100
50945272614714,14:09:05.272,23.6400,100
50954895808632,14:09:14.895,23.6450,100
50954916728611,14:09:14.916,23.6450,100
50954916743096,14:09:14.916,23.6450,100
50954916781149,14:09:14.916,23.6450,100
50954916784766,14:09:14.916,23.6400,82
50954916788015,14:09:14.916,23.6450,100
50954916789229,14:09:14.916,23.6450,100
50954916795939,14:09:14.916,23.6450,100
50954916804732,14:09:14.916,23.6450,100
50954916810813,14:09:14.916,23.6400,18
50954916829892,14:09:14.916,23.6400,18
50954916830411,14:09:14.916,23.6400,18
50954916839651,14:09:14.916,23.6400,18
50954916842900,14:09:14.916,23.6400,18
50963732978652,14:09:23.732,23.6300,61
50963732983020,14:09:23.732,23.6300,39
50963732983020,14:09:23.732,23.6300,25
50963732993595,14:09:23.732,23.6300,71
50963733003436,14:09:23.733,23.6350,139
50963733005631,14:09:23.733,23.6300,4
50963733005631,14:09:23.733,23.6300,1
50963733006474,14:09:23.733,23.6300,7
50963733026221,14:09:23.733,23.6300,75
50963733484188,14:09:23.733,23.6300,17
50963733879072,14:09:23.733,23.6200,200
50963734068516,14:09:23.734,23.6300,2
50963957516726,14:09:23.957,23.6300,100
50963957558765,14:09:23.957,23.6300,14
50965696440358,14:09:25.696,23.6350,200
50974624144456,14:09:34.624,23.6300,93
50974624157107,14:09:34.624,23.6300,7
50981591395727,14:09:41.591,23.6250,128
50981626318801,14:09:41.626,23.6200,28
51000516407518,14:10:00.516,23.6000,17
51000516839022,14:10:00.516,23.6100,76
51000517069335,14:10:00.517,23.6100,24
51000517069335,14:10:00.517,23.6100,76
51000517104131,14:10:00.517,23.6100,24
51000518809800,14:10:00.518,23.6200,100
51000518809800,14:10:00.518,23.6200,100
51000519721912,14:10:00.519,23.6250,200
51000519988727,14:10:00.519,23.6200,18
51005117599191,14:10:05.117,23.6250,201
51009500969564,14:10:09.500,23.6300,1
51009501826325,14:10:09.501,23.6300,14
51009501892372,14:10:09.501,23.6300,85
51009544821882,14:10:09.544,23.6300,86
51016944852446,14:10:16.944,23.6250,235
51016944959429,14:10:16.944,23.6250,282
51016947418815,14:10:16.947,23.6250,193
51016947447558,14:10:16.947,23.6200,82
51016947447558,14:10:16.947,23.6200,7
51016947474032,14:10:16.947,23.6250,193
51016947485788,14:10:16.947,23.6200,93
51016947628802,14:10:16.947,23.6250,100
51016947981166,14:10:16.947,23.6250,100
51016948829129,14:10:16.948,23.6200,100
51016948829129,14:10:16.948,23.6200,29
51016951637168,14:10:16.951,23.6200,200
51016951637168,14:10:16.951,23.6200,100
51016951637168,14:10:16.951,23.6200,1
51016951639668,14:10:16.951,23.6200,99
51016951639668,14:10:16.951,23.6200,1
51016951651172,14:10:16.951,23.6200,99
51016951843063,14:10:16.951,23.6200,100
51016951843063,14:10:16.951,23.6200,38
51016951935182,14:10:16.951,23.6200,52
51017350746516,14:10:17.350,23.6200,98
51021030346239,14:10:21.030,23.6200,100
51021370283035,14:10:21.370,23.6250,100
51021619107598,14:10:21.619,23.6200,300
51021619107598,14:10:21.619,23.6200,300
51021619405413,14:10:21.619,23.6200,24
51027271390704,14:10:27.271,23.6150,100
51027272998997,14:10:27.272,23.6150,100
51030967471927,14:10:30.967,23.6150,100
51030968187440,14:10:30.968,23.6150,100
