timestamp,time,price,volume
32780866716197,09:06:20.866,44.0000,10
34200604690036,09:30:00.604,43.5600,4
34207138276144,09:30:07.138,43.5600,200
34227138734054,09:30:27.138,43.5100,200
34495425279967,09:34:55.425,43.6700,1
34495425279967,09:34:55.425,43.6700,99
34495425313106,09:34:55.425,43.6700,1
34495425313106,09:34:55.425,43.6700,99
34495425377433,09:34:55.425,43.6700,100
34521139661548,09:35:21.139,43.6800,100
34603875679277,09:36:43.875,43.6700,9
34609138093902,09:36:49.138,43.6100,250
34620139673348,09:37:00.139,43.6100,200
34645140303253,09:37:25.140,43.6300,300
34650138489830,09:37:30.138,43.6300,300
34668138493018,09:37:48.138,43.6400,300
34734139705979,09:38:54.139,43.6700,300
34735139082417,09:38:55.139,43.6700,200
34748138232964,09:39:08.138,43.6800,100
34748138232964,09:39:08.138,43.6700,200
34763138606733,09:39:23.138,43.6800,200
34763138606733,09:39:23.138,43.6700,100
34776138232505,09:39:36.138,43.7200,100
34776138232505,09:39:36.138,43.7200,50
34781137882015,09:39:41.137,43.7200,150
34781643098286,09:39:41.643,43.7900,100
34781649942062,09:39:41.649,43.8200,100
34856136740198,09:40:56.136,43.7200,400
34861138811470,09:41:01.138,43.6900,300
34864140330351,09:41:04.140,43.6800,101
34868138148209,09:41:08.138,43.6700,300
34873137969027,09:41:13.137,43.6800,300
34878137894553,09:41:18.137,43.6600,300
34883139181367,09:41:23.139,43.6600,300
34888137229181,09:41:28.137,43.6500,400
34893145263005,09:41:33.145,43.6500,300
34897139172439,09:41:37.139,43.6300,300
34898855778476,09:41:38.855,43.6400,43
34899282848884,09:41:39.282,43.6400,66
34902139187883,09:41:42.139,43.6200,200
34993138604138,09:43:13.138,43.6300,50
34998139083153,09:43:18.139,43.6300,50
35011140621650,09:43:31.140,43.6400,50
35014139045121,09:43:34.139,43.6400,50
35019138228202,09:43:39.138,43.6300,50
35032139772762,09:43:52.139,43.6000,150
35037138655331,09:43:57.138,43.6000,300
35042142262869,09:44:02.142,43.5900,300
35045214664107,09:44:05.214,43.6000,100
35045214735993,09:44:05.214,43.6000,100
35046138075067,09:44:06.138,43.6000,100
35051138692835,09:44:11.138,43.5600,100
35114138664658,09:45:14.138,43.5700,100
35117490299737,09:45:17.490,43.6200,38
35118138837454,09:45:18.138,43.5700,100
35123138654930,09:45:23.138,43.5700,100
35128138336298,09:45:28.138,43.5700,100
35133138399064,09:45:33.138,43.5700,100
35135138967761,09:45:35.138,43.5800,100
35140137945150,09:45:40.137,43.5800,100
35145138079299,09:45:45.138,43.5800,100
35150138393840,09:45:50.138,43.5800,100
35153138763947,09:45:53.138,43.5800,100
35225138362965,09:47:05.138,43.5800,100
35226139087056,09:47:06.139,43.5800,100
35228138624168,09:47:08.138,43.5800,100
35230138447220,09:47:10.138,43.5800,100
35231138149475,09:47:11.138,43.5700,100
35233138585332,09:47:13.138,43.5700,100
35235139004518,09:47:15.139,43.5700,100
35236138187737,09:47:16.138,43.5700,100
35238138422227,09:47:18.138,43.5700,100
35240138660040,09:47:20.138,43.5700,100
35241138145410,09:47:21.138,43.5700,100
35242580576290,09:47:22.580,43.5600,79
35242580606349,09:47:22.580,43.5600,21
35242580608103,09:47:22.580,43.5600,21
35243138553264,09:47:23.138,43.5700,100
35245138446623,09:47:25.138,43.5700,100
35246138925592,09:47:26.138,43.5700,100
35248138699303,09:47:28.138,43.5700,100
35250139701052,09:47:30.139,43.5700,100
35251138726370,09:47:31.138,43.5700,100
35260888825982,09:47:40.888,43.5700,100
35280505235834,09:48:00.505,43.5500,101
35288137510141,09:48:08.137,43.5200,700
35333140748454,09:48:53.140,43.4900,71
35338138773112,09:48:58.138,43.4900,100
35343139193594,09:49:03.139,43.4900,100
35348139631861,09:49:08.139,43.4900,100
35353138148071,09:49:13.138,43.4900,101
35372139064039,09:49:32.139,43.5100,100
35375137695450,09:49:35.137,43.5100,100
35380137910795,09:49:40.137,43.5100,100
35392138282926,09:49:52.138,43.5100,78
35422139295559,09:50:22.139,43.5100,200
35427137351092,09:50:27.137,43.5200,100
35427137351092,09:50:27.137,43.5200,1
35437138036646,09:50:37.138,43.5300,101
35442137585230,09:50:42.137,43.5300,101
35494138411268,09:51:34.138,43.5300,100
35494717014745,09:51:34.717,43.5800,19
35504139087864,09:51:44.139,43.5300,100
35509139274612,09:51:49.139,43.5300,78
35514138874356,09:51:54.138,43.5300,78
35519138794112,09:51:59.138,43.5300,78
35529137606309,09:52:09.137,43.5300,178
35546142834176,09:52:26.142,43.5200,178
35553068621372,09:52:33.068,43.5200,100
35562138543011,09:52:42.138,43.5200,100
35567137996387,09:52:47.137,43.5100,100
35575137528655,09:52:55.137,43.5200,200
35652138834752,09:54:12.138,43.5200,100
35662137221988,09:54:22.137,43.5200,200
35667137746348,09:54:27.137,43.5200,100
35707137828788,09:55:07.137,43.5300,100
35733055316902,09:55:33.055,43.5400,400
35737236318717,09:55:37.236,43.5500,100
35746137107151,09:55:46.137,43.5300,600
35766139199633,09:56:06.139,43.5300,40
35766139199633,09:56:06.139,43.5300,40
35769138078964,09:56:09.138,43.5200,100
35774138113636,09:56:14.138,43.5100,100
35779137937886,09:56:19.137,43.5100,100
35794138407673,09:56:34.138,43.5100,200
35799138244244,09:56:39.138,43.5100,100
35820138550062,09:57:00.138,43.5100,200
35825137756212,09:57:05.137,43.5100,200
35830137314382,09:57:10.137,43.5100,100
35830137314382,09:57:10.137,43.5000,100
35835137792239,09:57:15.137,43.5000,80
35835137792239,09:57:15.137,43.4900,120
35840137247035,09:57:20.137,43.5000,200
35845137775050,09:57:25.137,43.5000,200
35860138741061,09:57:40.138,43.5000,100
35869138013361,09:57:49.138,43.5000,100
35913136841113,09:58:33.136,43.5000,200
35918136893137,09:58:38.136,43.5000,200
35975137152889,09:59:35.137,43.5000,200
35978137430766,09:59:38.137,43.5000,200
35981138620935,09:59:41.138,43.5000,200
35986166857905,09:59:46.166,43.4700,100
35991139065292,09:59:51.139,43.4700,100
35996138721909,09:59:56.138,43.4700,100
36002138598460,10:00:02.138,43.4800,400
36007137881517,10:00:07.137,43.4800,400
36007137881517,10:00:07.137,43.4700,200
36011126067663,10:00:11.126,43.4700,600
36012139104411,10:00:12.139,43.4700,200
36012139104411,10:00:12.139,43.4500,400
36021138172342,10:00:21.138,43.4600,100
36026138700447,10:00:26.138,43.4600,100
36031137216091,10:00:31.137,43.4600,200
36036137980252,10:00:36.137,43.4600,100
36041137393619,10:00:41.137,43.4600,100
36046137343841,10:00:46.137,43.4700,500
36051138575516,10:00:51.138,43.4700,300
36051138575516,10:00:51.138,43.4600,200
36056946471057,10:00:56.946,43.5500,99
36066139071276,10:01:06.139,43.4800,100
36077138154194,10:01:17.138,43.4900,100
36077138154194,10:01:17.138,43.4800,100
36082137950355,10:01:22.137,43.4800,100
36087160342475,10:01:27.160,43.4800,100
36092137886840,10:01:32.137,43.4800,200
36102137648654,10:01:42.137,43.4800,100
36115171005694,10:01:55.171,43.5450,100
36124139095127,10:02:04.139,43.5200,200
36129138409477,10:02:09.138,43.5200,100
36134138529502,10:02:14.138,43.5300,100
36157137944792,10:02:37.137,43.5200,100
36162138559245,10:02:42.138,43.5200,100
36177138274722,10:02:57.138,43.5100,100
36188137868826,10:03:08.137,43.5000,200
36193066595934,10:03:13.066,43.5100,200
36193138268734,10:03:13.138,43.5100,100
36198138567711,10:03:18.138,43.5100,100
36202138549667,10:03:22.138,43.5100,100
36207549741113,10:03:27.549,43.5000,100
36212138204476,10:03:32.138,43.5000,100
36217138641650,10:03:37.138,43.5000,100
36222138358339,10:03:42.138,43.5000,100
36227138550643,10:03:47.138,43.5100,100
36231237638335,10:03:51.237,43.5900,100
36232138095144,10:03:52.138,43.5200,100
36242138500741,10:04:02.138,43.5300,200
36247137989247,10:04:07.137,43.5300,100
36252138010122,10:04:12.138,43.5300,100
36252138223319,10:04:12.138,43.5300,30
36259524868276,10:04:19.524,43.5300,170
36262138510170,10:04:22.138,43.5000,70
36265138387500,10:04:25.138,43.5000,100
36268138299430,10:04:28.138,43.5000,100
36269138674445,10:04:29.138,43.5000,100
36274138773938,10:04:34.138,43.4800,100
36279137950333,10:04:39.137,43.4800,100
36289138570588,10:04:49.138,43.4800,100
36294138954026,10:04:54.138,43.4800,100
36294139157237,10:04:54.139,43.4800,30
36297907235808,10:04:57.907,43.4800,100
36299139945631,10:04:59.139,43.4800,30
36299140380890,10:04:59.140,43.4800,100
36299143019141,10:04:59.143,43.4800,100
36302142562486,10:05:02.142,43.4800,70
36302142752379,10:05:02.142,43.4800,30
36304142374226,10:05:04.142,43.4800,70
36304142571227,10:05:04.142,43.4800,30
36305140543762,10:05:05.140,43.4800,40
36305140543762,10:05:05.140,43.4400,30
36307137884316,10:05:07.137,43.4400,200
36310138783333,10:05:10.138,43.4400,100
36315138423096,10:05:15.138,43.4100,200
36318138512578,10:05:18.138,43.4000,100
36323138631731,10:05:23.138,43.4000,100
36331139006951,10:05:31.139,43.4000,200
36339139079487,10:05:39.139,43.3900,200
36344138240175,10:05:44.138,43.3900,200
36347138602837,10:05:47.138,43.3900,100
36352137929803,10:05:52.137,43.3900,100
36367138818679,10:06:07.138,43.3900,200
36382137775635,10:06:22.137,43.4300,100
36387139232939,10:06:27.139,43.4400,100
36390138228127,10:06:30.138,43.4400,100
36395138758733,10:06:35.138,43.4400,100
36412137183284,10:06:52.137,43.4500,100
36422138032219,10:07:02.138,43.4600,100
36450138988854,10:07:30.138,43.4400,100
36474138573498,10:07:54.138,43.3900,100
36479138697820,10:07:59.138,43.4000,100
36484139016679,10:08:04.139,43.4000,100
36489138918240,10:08:09.138,43.4000,100
36494138157395,10:08:14.138,43.4000,100
36499137921457,10:08:19.137,43.4000,100
36504137900205,10:08:24.137,43.4000,100
36514137848278,10:08:34.137,43.4100,100
36519137651656,10:08:39.137,43.4100,100
36536138779438,10:08:56.138,43.4100,100
36564137934597,10:09:24.137,43.4200,1
36564524133611,10:09:24.524,43.4200,100
36569138432478,10:09:29.138,43.4100,100
36574137912049,10:09:34.137,43.4000,100
36579137723040,10:09:39.137,43.4000,101
36584138059820,10:09:44.138,43.4100,100
36589137651233,10:09:49.137,43.4100,101
36594137035718,10:09:54.137,43.4100,101
36597138460481,10:09:57.138,43.4100,101
36600138618510,10:10:00.138,43.4100,101
36607138407475,10:10:07.138,43.4100,101
36617138339792,10:10:17.138,43.4300,100
36622137965234,10:10:22.137,43.4300,101
36627137950643,10:10:27.137,43.4200,101
36653139324636,10:10:53.139,43.4200,101
36658138898014,10:10:58.138,43.4200,101
36663139444128,10:11:03.139,43.4200,100
36668138262696,10:11:08.138,43.4100,101
36696905578471,10:11:36.905,43.4500,75
36696905586045,10:11:36.905,43.4500,25
36704139933157,10:11:44.139,43.4300,100
36707138450013,10:11:47.138,43.4300,100
36717138207354,10:11:57.138,43.4400,101
36852137870377,10:14:12.137,43.4400,100
36853139112924,10:14:13.139,43.4400,100
36855138271724,10:14:15.138,43.4400,100
36888138197523,10:14:48.138,43.4300,100
36893137898144,10:14:53.137,43.4300,100
36898138204660,10:14:58.138,43.4300,100
36903137989909,10:15:03.137,43.4300,99
36903137989909,10:15:03.137,43.4300,1
36913138211709,10:15:13.138,43.4000,1
37178031602750,10:19:38.031,43.4300,45
37182521888218,10:19:42.521,43.4300,355
37190168673460,10:19:50.168,43.4400,200
37194255476867,10:19:54.255,43.4600,300
37289137378491,10:21:29.137,43.4400,300
37339725082846,10:22:19.725,43.4700,100
37405189054959,10:23:25.189,43.5000,100
37405190109552,10:23:25.190,43.5000,100
37405190156585,10:23:25.190,43.5000,100
37405190165098,10:23:25.190,43.5000,100
37409207767198,10:23:29.207,43.5000,70
37410135159693,10:23:30.135,43.5000,185
37410135197364,10:23:30.135,43.5000,107
37410135232498,10:23:30.135,43.5000,69
37410135393665,10:23:30.135,43.5000,107
37410135423150,10:23:30.135,43.5000,62
37442137339521,10:24:02.137,43.4500,800
37447139260260,10:24:07.139,43.4500,200
37450137372492,10:24:10.137,43.4700,600
37455140000332,10:24:15.140,43.4700,300
37465138018381,10:24:25.138,43.4700,300
37497135250996,10:24:57.135,43.4800,200
37498098422742,10:24:58.098,43.4700,100
37498098468957,10:24:58.098,43.4700,100
37527137385750,10:25:27.137,43.4700,400
37527137661047,10:25:27.137,43.4700,100
37585640306765,10:26:25.640,43.4800,277
37585640514525,10:26:25.640,43.4800,100
37585640539742,10:26:25.640,43.4800,23
37586138563920,10:26:26.138,43.4800,200
37803058547706,10:30:03.058,43.4800,600
37812388576726,10:30:12.388,43.4800,100
37812388636360,10:30:12.388,43.4800,100
37813146710498,10:30:13.146,43.4900,300
37875577297505,10:31:15.577,43.4900,100
37878619954760,10:31:18.619,43.4900,100
37931194068873,10:32:11.194,43.5100,100
37973894654530,10:32:53.894,43.5200,100
37976865370561,10:32:56.865,43.5200,100
37999366820823,10:33:19.366,43.5200,100
38003585027684,10:33:23.585,43.5200,100
38069136725378,10:34:29.136,43.5100,30
38085287263792,10:34:45.287,43.5000,100
38088131903638,10:34:48.131,43.4950,100
38089137337243,10:34:49.137,43.4900,200
38103974894286,10:35:03.974,43.5200,100
38132197090533,10:35:32.197,43.5300,100
38134957928940,10:35:34.957,43.5300,100
38154283817095,10:35:54.283,43.5400,32
38154824446582,10:35:54.824,43.5400,68
38207342049106,10:36:47.342,43.5500,100
38207342055708,10:36:47.342,43.5500,100
38207347830752,10:36:47.347,43.5500,200
38214496197416,10:36:54.496,43.5600,200
38237138530037,10:37:17.138,43.5500,30
38282353549062,10:38:02.353,43.5000,100
38316351497468,10:38:36.351,43.5300,100
38316351813604,10:38:36.351,43.5300,100
38316351873905,10:38:36.351,43.5300,100
38319109038909,10:38:39.109,43.5400,300
38332138265568,10:38:52.138,43.5300,100
38358640554097,10:39:18.640,43.5500,100
38377525983890,10:39:37.525,43.5400,100
38377525983890,10:39:37.525,43.5500,100
38377525983890,10:39:37.525,43.5500,100
38377526792344,10:39:37.526,43.5500,97
38377526797683,10:39:37.526,43.5500,3
38377526968498,10:39:37.526,43.5500,100
38377526968498,10:39:37.526,43.5500,100
38377527297778,10:39:37.527,43.5500,100
38377527383670,10:39:37.527,43.5500,100
38377527385621,10:39:37.527,43.5500,100
38377527557806,10:39:37.527,43.5500,100
38381139508258,10:39:41.139,43.5500,100
38381139686982,10:39:41.139,43.5500,100
38382135129326,10:39:42.135,43.5600,36
38382135143406,10:39:42.135,43.5600,70
38382135148274,10:39:42.135,43.5600,63
38382135682042,10:39:42.135,43.5600,100
38383178344334,10:39:43.178,43.5600,31
38384668818373,10:39:44.668,43.5700,200
38432464905244,10:40:32.464,43.5600,263
38432464979895,10:40:32.464,43.5600,100
38432465292753,10:40:32.465,43.5600,37
38485007831250,10:41:25.007,43.5100,400
38485768894486,10:41:25.768,43.5100,100
38495893532215,10:41:35.893,43.5100,100
38515136935571,10:41:55.136,43.5000,200
38515251387671,10:41:55.251,43.5100,100
38518585260453,10:41:58.585,43.5000,600
38518683756132,10:41:58.683,43.5000,100
38532792327958,10:42:12.792,43.5050,100
38660238826125,10:44:20.238,43.4950,100
38743900578722,10:45:43.900,43.5000,100
38823853386350,10:47:03.853,43.5100,100
38823853461620,10:47:03.853,43.5100,100
38833137366606,10:47:13.137,43.4900,400
38833137366606,10:47:13.137,43.4900,100
38833197995827,10:47:13.197,43.5000,100
38944337447076,10:49:04.337,43.4900,100
38949706238425,10:49:09.706,43.4900,100
38965310162217,10:49:25.310,43.4800,100
39119389483944,10:51:59.389,43.5100,100
39192138606340,10:53:12.138,43.5000,30
39192138675892,10:53:12.138,43.5000,70
39234921775812,10:53:54.921,43.4900,100
39260227021683,10:54:20.227,43.4800,100
39268633813662,10:54:28.633,43.4900,100
39310320866457,10:55:10.320,43.5200,125
39351135698442,10:55:51.135,43.5200,100
39357135623895,10:55:57.135,43.5200,100
39402143843059,10:56:42.143,43.5100,200
39456226343594,10:57:36.226,43.5200,67
39493895925452,10:58:13.895,43.5100,100
39499693616131,10:58:19.693,43.5100,100
39502490261615,10:58:22.490,43.5050,100
39511641215845,10:58:31.641,43.5000,100
39514396950449,10:58:34.396,43.5000,100
39617138571600,11:00:17.138,43.5100,100
39662914599243,11:01:02.914,43.5100,188
39662914737081,11:01:02.914,43.5100,112
39662955393966,11:01:02.955,43.5200,100
39662957049963,11:01:02.957,43.5200,100
39663460094511,11:01:03.460,43.5300,100
39663460094511,11:01:03.460,43.5300,100
39808379225487,11:03:28.379,43.5500,30
39881005916397,11:04:41.005,43.5500,100
39922401128940,11:05:22.401,43.5500,30
39991144123289,11:06:31.144,43.5300,100
39996390945335,11:06:36.390,43.5300,100
40042137765765,11:07:22.137,43.5300,29
40069142496175,11:07:49.142,43.5300,28
40085198682880,11:08:05.198,43.5300,100
40106395399173,11:08:26.395,43.5250,100
40125923931347,11:08:45.923,43.5300,100
40233785461258,11:10:33.785,43.5400,100
40257561581835,11:10:57.561,43.5300,100
40262199006251,11:11:02.199,43.5300,100
40276509656947,11:11:16.509,43.5200,100
40307477274503,11:11:47.477,43.5100,600
40308464381656,11:11:48.464,43.5200,100
40325684163878,11:12:05.684,43.5300,126
40325684175109,11:12:05.684,43.5300,24
40325684177157,11:12:05.684,43.5300,124
40423654688747,11:13:43.654,43.5200,100
40442932274269,11:14:02.932,43.5200,100
40553419846918,11:15:53.419,43.5400,100
40622136910922,11:17:02.136,43.5400,30
40622136963517,11:17:02.136,43.5400,30
40637136890551,11:17:17.136,43.5400,30
40735502169011,11:18:55.502,43.5300,100
40735509692992,11:18:55.509,43.5300,100
40743633270246,11:19:03.633,43.5400,100
40777115949014,11:19:37.115,43.5100,200
40869673004714,11:21:09.673,43.5200,23
40921164120207,11:22:01.164,43.4800,200
41019138341842,11:23:39.138,43.4200,100
41022138182073,11:23:42.138,43.4200,100
41050196243273,11:24:10.196,43.4400,100
41146138422426,11:25:46.138,43.4300,100
41146138422426,11:25:46.138,43.4200,200
41151137459197,11:25:51.137,43.4200,300
41151137459197,11:25:51.137,43.4200,100
41156136992096,11:25:56.136,43.4200,40
41156136992096,11:25:56.136,43.4200,60
41156136992096,11:25:56.136,43.4200,100
41156136992096,11:25:56.136,43.4200,100
41156136992096,11:25:56.136,43.4200,100
41161138146176,11:26:01.138,43.4200,50
41166181674772,11:26:06.181,43.4200,40
41166181674772,11:26:06.181,43.4200,50
41166182026255,11:26:06.182,43.4200,40
41166182032263,11:26:06.182,43.4200,60
41166182762987,11:26:06.182,43.4200,40
41182138995180,11:26:22.138,43.4200,10
41182138995180,11:26:22.138,43.4200,90
41289206957185,11:28:09.206,43.4400,100
41416749595455,11:30:16.749,43.4300,200
41422139962265,11:30:22.139,43.4400,30
41422139972760,11:30:22.139,43.4400,30
41549214712314,11:32:29.214,43.4300,100
41549214766677,11:32:29.214,43.4300,100
41654631481568,11:34:14.631,43.4500,5
41654632524520,11:34:14.632,43.4500,58
41654632573584,11:34:14.632,43.4500,37
41782491971592,11:36:22.491,43.4700,100
41875137980335,11:37:55.137,43.4700,30
41925140234951,11:38:45.140,43.4500,100
41984137725651,11:39:44.137,43.4400,100
41984137725651,11:39:44.137,43.4400,100
41989139713358,11:39:49.139,43.4400,29
41989139713358,11:39:49.139,43.4400,30
41989139713358,11:39:49.139,43.4400,29
41989139713358,11:39:49.139,43.4400,100
41989139713358,11:39:49.139,43.4400,100
41989139713358,11:39:49.139,43.4400,100
41989139713358,11:39:49.139,43.4400,100
41989139713358,11:39:49.139,43.4400,12
41995137337945,11:39:55.137,43.4400,17
41995137337945,11:39:55.137,43.4400,100
41995137337945,11:39:55.137,43.4400,100
41995137337945,11:39:55.137,43.4400,100
41995137337945,11:39:55.137,43.4400,83
42019168207954,11:40:19.168,43.4500,100
42234330937340,11:43:54.330,43.5000,200
42241136184356,11:44:01.136,43.5100,100
42261307165175,11:44:21.307,43.5100,100
42261307224083,11:44:21.307,43.5100,100
42261369750432,11:44:21.369,43.5100,100
42309374000603,11:45:09.374,43.5200,100
42309387359366,11:45:09.387,43.5300,100
42315138277073,11:45:15.138,43.5300,100
42320138345175,11:45:20.138,43.5300,30
42438136289397,11:47:18.136,43.5300,190
42443136687600,11:47:23.136,43.5300,10
42443136687600,11:47:23.136,43.5200,100
42443136687600,11:47:23.136,43.5200,90
42486638297605,11:48:06.638,43.5400,100
42490930321568,11:48:10.930,43.5350,100
42495232500171,11:48:15.232,43.5350,100
42561137189730,11:49:21.137,43.4850,300
42571137798817,11:49:31.137,43.4800,54
42793499520915,11:53:13.499,43.4800,100
42848136756362,11:54:08.136,43.4700,500
42853138778065,11:54:13.138,43.4700,29
42853138778065,11:54:13.138,43.4700,30
42853138778065,11:54:13.138,43.4700,29
42952138368860,11:55:52.138,43.4600,30
43003138439507,11:56:43.138,43.4700,100
43223136682097,12:00:23.136,43.5100,100
43356750965574,12:02:36.750,43.5000,110
44558456704088,12:22:38.456,43.5300,45
44701731444454,12:25:01.731,43.5000,100
44814136280894,12:26:54.136,43.4900,1000
44819138469950,12:26:59.138,43.5000,100
44865156690106,12:27:45.156,43.4800,200
45185262776861,12:33:05.262,43.4500,100
45266139333021,12:34:26.139,43.4200,100
45296464879002,12:34:56.464,43.4400,100
45335137952446,12:35:35.137,43.4400,30
45357137491148,12:35:57.137,43.4400,30
45535137679977,12:38:55.137,43.4600,100
45535137679977,12:38:55.137,43.4600,100
45796137152990,12:43:16.137,43.4600,100
45796137152990,12:43:16.137,43.4600,100
45796137152990,12:43:16.137,43.4600,100
46067092180250,12:47:47.092,43.4800,100
46072250956816,12:47:52.250,43.4800,100
46076648636311,12:47:56.648,43.4800,100
46323711450484,12:52:03.711,43.5050,100
46464384299585,12:54:24.384,43.5100,100
46659242374170,12:57:39.242,43.5200,100
46729086299535,12:58:49.086,43.5200,100
46853137607046,13:00:53.137,43.5200,100
46853137607046,13:00:53.137,43.5200,100
46858137254154,13:00:58.137,43.5200,29
46858137254154,13:00:58.137,43.5200,29
46858137254154,13:00:58.137,43.5200,30
46858137254154,13:00:58.137,43.5200,100
46858137254154,13:00:58.137,43.5200,100
46858137254154,13:00:58.137,43.5200,100
46858137254154,13:00:58.137,43.5200,29
46858137254154,13:00:58.137,43.5200,29
46858137254154,13:00:58.137,43.5200,100
47010194873996,13:03:30.194,43.5300,100
47018137272812,13:03:38.137,43.5300,100
47023137428092,13:03:43.137,43.5300,100
47070135994786,13:04:30.135,43.5300,100
47116620647292,13:05:16.620,43.5300,100
47224137695477,13:07:04.137,43.5300,88
47224137695477,13:07:04.137,43.5300,12
47391443878560,13:09:51.443,43.5500,100
47391446907774,13:09:51.446,43.5500,100
47711302974525,13:15:11.302,43.5200,51
47725827827360,13:15:25.827,43.5200,100
48126693511730,13:22:06.693,43.5300,100
48132244961746,13:22:12.244,43.5300,100
48186043213109,13:23:06.043,43.5400,100
48238138018848,13:23:58.138,43.5400,30
48256539910153,13:24:16.539,43.5400,100
48840310408022,13:34:00.310,43.5800,100
49005485373601,13:36:45.485,43.5800,100
49009756408070,13:36:49.756,43.5800,100
49014058474018,13:36:54.058,43.5800,100
49018360329996,13:36:58.360,43.5800,39
49109356729172,13:38:29.356,43.5800,200
49118938810406,13:38:38.938,43.5800,200
49914739731695,13:51:54.739,43.5600,100
50466710710181,14:01:06.710,43.7400,100
50466943841919,14:01:06.943,43.7400,100
50466943841919,14:01:06.943,43.7400,63
50466943848769,14:01:06.943,43.7400,37
50466943848769,14:01:06.943,43.7400,88
50466943855795,14:01:06.943,43.7400,12
50515718492296,14:01:55.718,43.7700,63
50515718492296,14:01:55.718,43.7700,37
50517851207359,14:01:57.851,43.7700,63
50517851207359,14:01:57.851,43.7700,37
50517851207359,14:01:57.851,43.7700,88
50517851207359,14:01:57.851,43.7700,12
50517851207359,14:01:57.851,43.7700,63
50517851207359,14:01:57.851,43.7700,37
50523931228222,14:02:03.931,43.7500,100
50525894289759,14:02:05.894,43.7500,100
50538836886292,14:02:18.836,43.7200,37
50538836886292,14:02:18.836,43.7200,56
50538836938371,14:02:18.836,43.7200,32
50538836938371,14:02:18.836,43.7200,8
50538837056930,14:02:18.837,43.7200,55
50538837056930,14:02:18.837,43.7200,38
50538837135545,14:02:18.837,43.7200,25
50538837135545,14:02:18.837,43.7200,12
50538837135545,14:02:18.837,43.7200,37
50538837135545,14:02:18.837,43.7200,19
50547138521315,14:02:27.138,43.7200,37
50547138521315,14:02:27.138,43.7200,37
50547138521315,14:02:27.138,43.7200,8
50547138521315,14:02:27.138,43.7200,32
50547138521315,14:02:27.138,43.7200,55
50547138521315,14:02:27.138,43.7200,75
50547138521315,14:02:27.138,43.7200,25
50547138521315,14:02:27.138,43.7200,31
50552137364294,14:02:32.137,43.7100,200
50557137310052,14:02:37.137,43.7100,200
50562137909163,14:02:42.137,43.7000,200
50567137431569,14:02:47.137,43.7000,200
50572137773325,14:02:52.137,43.7000,100
50629537628001,14:03:49.537,43.7600,8
50629537628001,14:03:49.537,43.7600,37
50629537628001,14:03:49.537,43.7600,75
50629537628001,14:03:49.537,43.7600,43
50629537835250,14:03:49.537,43.7600,12
50629537835250,14:03:49.537,43.7600,37
50629537835250,14:03:49.537,43.7600,31
50629537835250,14:03:49.537,43.7600,32
50629537835250,14:03:49.537,43.7600,6
50629537835250,14:03:49.537,43.7600,45
50629866219733,14:03:49.866,43.7600,55
50629866219733,14:03:49.866,43.7600,56
50629866219733,14:03:49.866,43.7600,44
50660472234694,14:04:20.472,43.7900,100
50663137961243,14:04:23.137,43.7900,100
50663137961243,14:04:23.137,43.7900,100
50663137961243,14:04:23.137,43.7900,100
50668138445600,14:04:28.138,43.8000,100
50668138445600,14:04:28.138,43.7900,100
50668138445600,14:04:28.138,43.7900,100
50728092179130,14:05:28.092,43.8500,100
50732063819221,14:05:32.063,43.8500,163
50732063833090,14:05:32.063,43.8500,137
50732063833090,14:05:32.063,43.8400,26
50732063835086,14:05:32.063,43.8400,74
50732063835086,14:05:32.063,43.8400,47
50732063835980,14:05:32.063,43.8400,53
50732063835980,14:05:32.063,43.8400,100
50732063835980,14:05:32.063,43.8400,8
50732063837255,14:05:32.063,43.8400,40
50732064179006,14:05:32.064,43.8400,52
50732064179006,14:05:32.064,43.8400,26
50732064179006,14:05:32.064,43.8400,74
50732143076926,14:05:32.143,43.8400,40
50732143076926,14:05:32.143,43.8400,40
50732143076926,14:05:32.143,43.8400,40
50732143076926,14:05:32.143,43.8400,40
50732143076926,14:05:32.143,43.8400,100
50732143076926,14:05:32.143,43.8400,100
50732143076926,14:05:32.143,43.8400,40
50737144102082,14:05:37.144,43.8400,60
50737144102082,14:05:37.144,43.8400,40
50749846118630,14:05:49.846,43.8600,82
50749850158800,14:05:49.850,43.8600,618
50749850158800,14:05:49.850,43.8600,100
50749850158800,14:05:49.850,43.8600,82
50749850191850,14:05:49.850,43.8600,100
50749850193934,14:05:49.850,43.8600,40
50749850195878,14:05:49.850,43.8600,78
50759242248346,14:05:59.242,43.8600,22
50759242248346,14:05:59.242,43.8600,58
50759244500408,14:05:59.244,43.8600,2
50759244500408,14:05:59.244,43.8600,40
50759244500408,14:05:59.244,43.8600,60
50759244500408,14:05:59.244,43.8600,20
50759244525116,14:05:59.244,43.8600,41
50759390313727,14:05:59.390,43.8600,39
50764138018583,14:06:04.138,43.8400,200
50769138073442,14:06:09.138,43.8400,200
50769138073442,14:06:09.138,43.8300,100
50774137222751,14:06:14.137,43.8300,200
50779137507934,14:06:19.137,43.8300,200
50779137507934,14:06:19.137,43.8300,100
50819033226984,14:06:59.033,43.8700,100
50832190924989,14:07:12.190,43.8700,41
50832190933957,14:07:12.190,43.8700,59
50832190933957,14:07:12.190,43.8700,23
50832190945174,14:07:12.190,43.8700,77
50832190945174,14:07:12.190,43.8700,45
50832191143560,14:07:12.191,43.8700,40
50832191265668,14:07:12.191,43.8700,15
50832191265668,14:07:12.191,43.8700,41
50832191265668,14:07:12.191,43.8700,59
50832191265668,14:07:12.191,43.8700,23
50832191265668,14:07:12.191,43.8700,62
50832576631025,14:07:12.576,43.8700,15
50832576631025,14:07:12.576,43.8700,26
50832801726196,14:07:12.801,43.8700,19
50832801726196,14:07:12.801,43.8700,40
50832801726196,14:07:12.801,43.8700,23
50832801726196,14:07:12.801,43.8700,18
50832801780552,14:07:12.801,43.8700,41
50832801780552,14:07:12.801,43.8700,15
50832801780552,14:07:12.801,43.8700,41
50832801780552,14:07:12.801,43.8700,3
50832801807157,14:07:12.801,43.8700,59
50832801807157,14:07:12.801,43.8700,41
50832848516203,14:07:12.848,43.8700,23
50832848516203,14:07:12.848,43.8700,17
50833017940722,14:07:13.017,43.8700,2
50833017940722,14:07:13.017,43.8700,38
50833018630964,14:07:13.018,43.8700,20
50833018630964,14:07:13.018,43.8700,15
50833018630964,14:07:13.018,43.8700,41
50833018630964,14:07:13.018,43.8700,18
50922639117045,14:08:42.639,43.7900,100
50922639117045,14:08:42.639,43.8000,600
50922639141894,14:08:42.639,43.8000,700
51117546969717,14:11:57.546,43.8600,100
51117546969717,14:11:57.546,43.8700,100
51117547012059,14:11:57.547,43.8700,100
51117547012059,14:11:57.547,43.8700,200
51117547028871,14:11:57.547,43.8700,100
51117547033234,14:11:57.547,43.8700,100
51117547222703,14:11:57.547,43.8700,100
51130960820601,14:12:10.960,43.8800,300
51130960820601,14:12:10.960,43.8800,100
51132190039138,14:12:12.190,43.8900,2
51132190090565,14:12:12.190,43.8900,100
51132190122147,14:12:12.190,43.8900,100
51132190213516,14:12:12.190,43.8900,40
51132190536687,14:12:12.190,43.8900,40
51132191084082,14:12:12.191,43.8900,118
51132198873997,14:12:12.198,43.9000,400
51132198908024,14:12:12.198,43.9000,100
51132404305287,14:12:12.404,43.9000,200
51132699951074,14:12:12.699,43.9000,400
51132699991003,14:12:12.699,43.9000,100
51132700500655,14:12:12.700,43.9000,200
51136411884468,14:12:16.411,43.9200,100
51136411884468,14:12:16.411,43.9400,100
51136411884468,14:12:16.411,43.9400,100
51136411884468,14:12:16.411,43.9500,400
51137913708244,14:12:17.913,43.9600,500
51281334553740,14:14:41.334,43.9800,100
51400374157179,14:16:40.374,44.0000,10
51429651236522,14:17:09.651,44.0000,90
51429651236522,14:17:09.651,44.0000,200
51485171605078,14:18:05.171,43.9900,500
51485171605078,14:18:05.171,43.9900,100
51546874895640,14:19:06.874,43.9800,200
51546874977739,14:19:06.874,43.9800,100
51549404354066,14:19:09.404,43.9900,100
51660139395303,14:21:00.139,44.0200,82
51660203217487,14:21:00.203,44.0200,18
51660203217487,14:21:00.203,44.0200,64
51771622745951,14:22:51.622,44.1000,300
51771622745951,14:22:51.622,44.1000,100
51933048531231,14:25:33.048,44.0600,41
51933049216096,14:25:33.049,44.0600,59
52013601375760,14:26:53.601,44.0600,100
52013601494434,14:26:53.601,44.0600,100
52013616255503,14:26:53.616,44.0600,40
52041974741389,14:27:21.974,44.0600,40
52041974875271,14:27:21.974,44.0600,20
52116407095739,14:28:36.407,43.9600,100
52130409158963,14:28:50.409,43.9600,100
52136971130007,14:28:56.971,43.9800,300
52168388117544,14:29:28.388,44.0100,100
52168388181594,14:29:28.388,44.0100,100
52168388746349,14:29:28.388,44.0100,122
52223405467568,14:30:23.405,43.9800,100
52230193378564,14:30:30.193,43.9900,100
52330407633737,14:32:10.407,43.9300,100
52334407100125,14:32:14.407,43.9300,100
52338407175745,14:32:18.407,43.9400,100
52338407175745,14:32:18.407,43.9400,11
52499406864537,14:34:59.406,43.9800,100
52499406864537,14:34:59.406,43.9800,100
52515770707857,14:35:15.770,44.0100,100
52531934419835,14:35:31.934,44.0100,100
52531934419835,14:35:31.934,44.0100,100
52537407041990,14:35:37.407,44.0100,100
52537407041990,14:35:37.407,44.0000,100
52537407041990,14:35:37.407,44.0000,100
52537407041990,14:35:37.407,44.0000,100
52543406843351,14:35:43.406,44.0000,29
52543406843351,14:35:43.406,44.0000,100
52543406843351,14:35:43.406,44.0000,100
52543406843351,14:35:43.406,44.0000,100
52543406843351,14:35:43.406,44.0000,71
52558017703367,14:35:58.017,44.0000,29
52558017703367,14:35:58.017,44.0000,29
52558017703367,14:35:58.017,44.0000,53
52558126086554,14:35:58.126,44.0000,47
52558126086554,14:35:58.126,44.0000,100
52558126086554,14:35:58.126,44.0000,1
52563848213489,14:36:03.848,44.0000,36
52563848225711,14:36:03.848,44.0000,37
52563878117192,14:36:03.878,44.0000,26
52563878117192,14:36:03.878,44.0000,11
52563878125081,14:36:03.878,44.0000,37
52564417712374,14:36:04.417,44.0000,5
52564417712374,14:36:04.417,44.0000,69
52564418399422,14:36:04.418,44.0000,31
52564418399422,14:36:04.418,44.0000,47
52564418399422,14:36:04.418,44.0000,1
52564418399422,14:36:04.418,44.0000,36
52564418399422,14:36:04.418,44.0000,37
52564418399422,14:36:04.418,44.0000,26
52565579032375,14:36:05.579,43.9900,29
52565579032375,14:36:05.579,43.9900,100
52606700231860,14:36:46.700,43.9700,100
52606700351002,14:36:46.700,43.9700,100
52638939263744,14:37:18.939,43.9900,100
52638939314634,14:37:18.939,43.9900,100
52638939323682,14:37:18.939,43.9900,100
52691407213857,14:38:11.407,44.0000,100
52691407213857,14:38:11.407,44.0000,100
52691407213857,14:38:11.407,44.0000,100
52691407213857,14:38:11.407,44.0000,100
52728224995016,14:38:48.224,44.0100,200
52728344577922,14:38:48.344,44.0200,100
52728404367665,14:38:48.404,44.0200,100
52741205594854,14:39:01.205,44.0400,100
52741207971367,14:39:01.207,44.0400,10
52741207971367,14:39:01.207,44.0400,40
52741207971367,14:39:01.207,44.0400,100
52741207971367,14:39:01.207,44.0400,40
52763279058987,14:39:23.279,44.0400,100
52763279058987,14:39:23.279,44.0400,48
52780405091534,14:39:40.405,44.0600,100
52780405390926,14:39:40.405,44.0700,100
52808715406827,14:40:08.715,44.0700,52
52808715406827,14:40:08.715,44.0700,22
52809552724815,14:40:09.552,44.0700,37
52905406868441,14:41:45.406,44.0700,41
52905406868441,14:41:45.406,44.0700,100
52905406868441,14:41:45.406,44.0700,48
52905406868441,14:41:45.406,44.0700,100
52905406868441,14:41:45.406,44.0700,11
52979456175596,14:42:59.456,44.0900,100
52979456205303,14:42:59.456,44.0900,11
52983583756257,14:43:03.583,44.0900,30
52995042419931,14:43:15.042,44.0800,37
52995042612458,14:43:15.042,44.0800,37
52995073820466,14:43:15.073,44.0800,26
52995073820466,14:43:15.073,44.0800,11
52996038172444,14:43:16.038,44.0800,89
52996038172444,14:43:16.038,44.0800,100
52996038172444,14:43:16.038,44.0800,100
52996038172444,14:43:16.038,44.0800,11
53075407798838,14:44:35.407,44.0600,89
53075407798838,14:44:35.407,44.0600,11
53075407798838,14:44:35.407,44.0600,89
53075407798838,14:44:35.407,44.0600,100
53075407798838,14:44:35.407,44.0600,11
53160539343772,14:46:00.539,44.0600,100
53188258985583,14:46:28.258,44.0900,100
53188258985583,14:46:28.258,44.0900,48
53188258992550,14:46:28.258,44.0900,58
53190793074225,14:46:30.793,44.1000,100
53282407683481,14:48:02.407,44.1000,30
53282407699246,14:48:02.407,44.1000,30
53288407231980,14:48:08.407,44.1000,30
53299300571393,14:48:19.300,44.1000,19
53299300585617,14:48:19.300,44.1000,81
53299300585617,14:48:19.300,44.1000,67
53299302241595,14:48:19.302,44.1000,33
53299405292947,14:48:19.405,44.1000,60
53299405292947,14:48:19.405,44.1000,100
53299405292947,14:48:19.405,44.1000,100
53299405292947,14:48:19.405,44.1000,40
53299407099678,14:48:19.407,44.1000,60
53299407099678,14:48:19.407,44.1000,100
53299407099678,14:48:19.407,44.1000,100
53299407099678,14:48:19.407,44.1000,100
53299407099678,14:48:19.407,44.1000,40
53305407848332,14:48:25.407,44.1000,40
53305407848332,14:48:25.407,44.1000,40
53305407848332,14:48:25.407,44.1000,20
53358407907489,14:49:18.407,44.1000,40
53358407907489,14:49:18.407,44.1000,40
53358407907489,14:49:18.407,44.1000,20
53374408123740,14:49:34.408,44.1000,11
53374408123740,14:49:34.408,44.1000,19
53374408123740,14:49:34.408,44.0800,100
53380406823937,14:49:40.406,44.0800,40
53380406823937,14:49:40.406,44.0800,10
53426406934755,14:50:26.406,44.0800,50
53426408271097,14:50:26.408,44.0800,50
53432408066018,14:50:32.408,44.0800,50
53432408066018,14:50:32.408,44.0800,50
53458407972777,14:50:58.407,44.0900,100
53464407427796,14:51:04.407,44.0900,40
53464407427796,14:51:04.407,44.0900,60
53464407777263,14:51:04.407,44.0900,40
53464407789135,14:51:04.407,44.0900,40
53488407229418,14:51:28.407,44.0600,20
53488410269459,14:51:28.410,44.0600,20
53507900505050,14:51:47.900,44.0600,60
53537100305029,14:52:17.100,44.0700,111
53542005424636,14:52:22.005,44.0700,189
53542010721705,14:52:22.010,44.0700,100
53543406579651,14:52:23.406,44.0800,200
53543407793931,14:52:23.407,44.0700,100
53543407793931,14:52:23.407,44.0700,100
53543407793931,14:52:23.407,44.0700,100
53547573641363,14:52:27.573,44.0800,100
53549408112573,14:52:29.408,44.0800,100
53549408112573,14:52:29.408,44.0800,100
53549408112573,14:52:29.408,44.0800,100
53549410672211,14:52:29.410,44.0800,42
53766413403987,14:56:06.413,44.1300,100
53789712115274,14:56:29.712,44.1300,100
53800933499918,14:56:40.933,44.1400,200
53804407977993,14:56:44.407,44.1300,100
53804407977993,14:56:44.407,44.1400,100
53804407977993,14:56:44.407,44.1400,33
53804438584930,14:56:44.438,44.1400,100
53804438584930,14:56:44.438,44.1400,11
54141708236069,15:02:21.708,44.1400,70
54205407369706,15:03:25.407,44.1300,1
54205407369706,15:03:25.407,44.1300,99
54305408077405,15:05:05.408,44.1000,30
54327407064023,15:05:27.407,44.0900,100
54327407064023,15:05:27.407,44.0900,100
54333407411542,15:05:33.407,44.0900,29
54333407411542,15:05:33.407,44.0900,29
54333407411542,15:05:33.407,44.0900,30
54333407411542,15:05:33.407,44.0900,100
54333407411542,15:05:33.407,44.0900,29
54338407536558,15:05:38.407,44.0900,29
54338407536558,15:05:38.407,44.0900,30
54338407536558,15:05:38.407,44.0900,100
54338407536558,15:05:38.407,44.0900,29
54344406816797,15:05:44.406,44.0900,35
54344406816797,15:05:44.406,44.0900,36
54344406816797,15:05:44.406,44.0900,49
54352650365073,15:05:52.650,44.0900,51
54352650365073,15:05:52.650,44.0900,35
54362407771852,15:06:02.407,44.1000,29
54362407771852,15:06:02.407,44.1000,88
54362407771852,15:06:02.407,44.1000,83
54428088126799,15:07:08.088,44.0800,100
54440408981511,15:07:20.408,44.0700,30
54480341952333,15:08:00.341,44.0800,33
54480341965511,15:08:00.341,44.0800,133
54480341986698,15:08:00.341,44.0800,34
54480342008338,15:08:00.342,44.0800,100
54480489551849,15:08:00.489,44.0900,100
54551408021760,15:09:11.408,44.0600,100
54566408169577,15:09:26.408,44.0300,30
54572408372793,15:09:32.408,44.0300,100
54572408372793,15:09:32.408,44.0300,100
54641650965709,15:10:41.650,44.0300,29
54641650965709,15:10:41.650,44.0300,30
54641650965709,15:10:41.650,44.0300,100
54641650965709,15:10:41.650,44.0300,100
54641650965709,15:10:41.650,44.0300,60
54641650965709,15:10:41.650,44.0300,40
54641650965709,15:10:41.650,44.0300,20
54641650965709,15:10:41.650,44.0300,9
54643477066269,15:10:43.477,44.0300,60
54643477066269,15:10:43.477,44.0300,40
54643478837555,15:10:43.478,44.0300,60
54643478837555,15:10:43.478,44.0300,40
54648408219583,15:10:48.408,44.0300,20
54648408219583,15:10:48.408,44.0300,40
54648408219583,15:10:48.408,44.0300,60
54648408219583,15:10:48.408,44.0300,80
54648801670795,15:10:48.801,44.0300,50
54648801670795,15:10:48.801,44.0300,20
54692411152569,15:11:32.411,43.9600,30
54698407902885,15:11:38.407,43.9600,20
54704407635089,15:11:44.407,43.9600,20
54788407571895,15:13:08.407,43.9600,20
54806930429293,15:13:26.930,43.9800,100
54967556710279,15:16:07.556,44.0100,100
55010485393522,15:16:50.485,44.0400,100
55010489343248,15:16:50.489,44.0500,300
55010493250079,15:16:50.493,44.0600,100
55010493474320,15:16:50.493,44.0600,100
55010493507475,15:16:50.493,44.0600,10
55010497398991,15:16:50.497,44.0600,100
55010497398991,15:16:50.497,44.0600,100
55010497398991,15:16:50.497,44.0600,100
55010497398991,15:16:50.497,44.0600,100
55051771382459,15:17:31.771,44.0500,57
55052404493499,15:17:32.404,44.0500,34
55052404558688,15:17:32.404,44.0500,100
55052404723626,15:17:32.404,44.0500,9
55268406842411,15:21:08.406,44.0200,30
55282909917485,15:21:22.909,44.0400,17
55282910123424,15:21:22.910,44.0400,34
55565151312970,15:26:05.151,44.0200,66
55673128143751,15:27:53.128,44.0100,66
55673144093122,15:27:53.144,44.0100,100
55680408181245,15:28:00.408,44.0100,30
55698844401742,15:28:18.844,44.0300,100
55713407712578,15:28:33.407,44.0400,36
55713407712578,15:28:33.407,44.0400,4
55994058940752,15:33:14.058,44.0000,100
55996335258960,15:33:16.335,44.0000,100
55998636167884,15:33:18.636,44.0000,100
56123864828315,15:35:23.864,44.0000,10
56168571626499,15:36:08.571,44.0200,100
56172408301520,15:36:12.408,44.0000,100
56177409579674,15:36:17.409,44.0000,37
56177409579674,15:36:17.409,44.0000,37
56177409579674,15:36:17.409,44.0000,100
56198406029778,15:36:38.406,44.0000,38
56198406029778,15:36:38.406,44.0000,22
56202406215469,15:36:42.406,44.0000,78
56202406215469,15:36:42.406,43.9900,88
56430405702214,15:40:30.405,44.0200,100
56430405702214,15:40:30.405,44.0200,100
56430405702214,15:40:30.405,44.0200,91
56436409017945,15:40:36.409,44.0200,9
56662763062642,15:44:22.763,43.9900,100
56665786198446,15:44:25.786,43.9900,100
56667543251923,15:44:27.543,43.9900,200
56688406349839,15:44:48.406,43.9900,100
56710478289403,15:45:10.478,44.0000,100
56744832506658,15:45:44.832,44.0100,100
56768522202388,15:46:08.522,44.0200,142
56837623578843,15:47:17.623,44.0200,160
56908278334476,15:48:28.278,44.0200,100
56913482082100,15:48:33.482,44.0200,100
56914755752087,15:48:34.755,44.0200,100
56916056268257,15:48:36.056,44.0200,100
56917356864888,15:48:37.356,44.0200,100
56918657402922,15:48:38.657,44.0200,100
56919957991767,15:48:39.957,44.0200,100
56989387112804,15:49:49.387,44.0300,100
57171410864784,15:52:51.410,43.9900,30
57171410901339,15:52:51.410,43.9900,30
57246335949821,15:54:06.335,43.9900,100
57300940554908,15:55:00.940,44.0100,100
57310217200137,15:55:10.217,44.0200,60
57314795246364,15:55:14.795,44.0200,29
57314795250555,15:55:14.795,44.0200,11
57331406965210,15:55:31.406,44.0100,100
57344005020416,15:55:44.005,44.0300,100
57361408473456,15:56:01.408,44.0300,100
57361408473456,15:56:01.408,44.0300,71
57361408473456,15:56:01.408,44.0300,29
57363699283596,15:56:03.699,44.0300,59
57446821232991,15:57:26.821,44.0200,100
57465409837781,15:57:45.409,44.0100,100
57465410057094,15:57:45.410,44.0100,30
57465410247214,15:57:45.410,44.0100,15
57547408213367,15:59:07.408,44.0100,100
57547408213367,15:59:07.408,44.0100,100
57553419381041,15:59:13.419,44.0000,100
57556913669487,15:59:16.913,44.0000,100
57556913669487,15:59:16.913,44.0000,100
57559902086627,15:59:19.902,43.9900,40
57560409913276,15:59:20.409,43.9900,100
57562409275012,15:59:22.409,43.9900,60
57562409275012,15:59:22.409,43.9800,40
57563408578352,15:59:23.408,43.9800,60
57563408578352,15:59:23.408,43.9800,140
57564409437588,15:59:24.409,43.9800,100
57564409437588,15:59:24.409,43.9800,23
57564409437588,15:59:24.409,43.9800,23
57564409437588,15:59:24.409,43.9800,30
57564409437588,15:59:24.409,43.9800,25
57564410538776,15:59:24.410,43.9800,77
57565410465200,15:59:25.410,44.0000,100
57565786553963,15:59:25.786,44.0000,100
57566409063605,15:59:26.409,43.9800,100
57566862882011,15:59:26.862,44.0000,100
57566863216623,15:59:26.863,44.0000,100
57569476387354,15:59:29.476,44.0000,100
57572408662232,15:59:32.408,44.0000,30
57574408861269,15:59:34.408,43.9900,100
57574408861269,15:59:34.408,43.9900,100
57575408612933,15:59:35.408,43.9800,100
57577408727789,15:59:37.408,43.9800,300
57578411155829,15:59:38.411,43.9800,83
57578411155829,15:59:38.411,43.9800,100
57578411155829,15:59:38.411,43.9800,100
57578411155829,15:59:38.411,43.9700,117
57579110131940,15:59:39.110,44.0000,25
57579110131940,15:59:39.110,44.0000,75
57579110131940,15:59:39.110,44.0100,26
57581416376319,15:59:41.416,44.0000,30
57582409970883,15:59:42.409,44.0000,30
57583409963023,15:59:43.409,44.0000,30
57584409467228,15:59:44.409,44.0000,30
57585411918894,15:59:45.411,44.0000,30
57586409914093,15:59:46.409,44.0000,30
57587411249212,15:59:47.411,44.0100,30
57599036195905,15:59:59.036,44.0300,100
57599036195905,15:59:59.036,44.0300,100
57599036195905,15:59:59.036,44.0100,300
57599036195905,15:59:59.036,44.0100,100
57600244478311,16:00:00.244,0.0000,0
