timestamp,time,price,volume
34200213656037,09:30:00.213,0.0000,0
34385161621720,09:33:05.161,65.4500,100
34393655059482,09:33:13.655,65.6300,100
34393655059482,09:33:13.655,65.6300,100
34393659919239,09:33:13.659,65.6300,100
34429880452318,09:33:49.880,65.5700,100
34486186799925,09:34:46.186,65.8100,100
34508002658199,09:35:08.002,65.9600,100
34508004013897,09:35:08.004,66.0000,300
34508006163620,09:35:08.006,66.0000,82
34508012230851,09:35:08.012,65.9900,42
34508012254417,09:35:08.012,65.9900,158
34523524421453,09:35:23.524,66.0600,1
34523526343652,09:35:23.526,66.0600,1
34528048344933,09:35:28.048,66.0600,1
34529249939263,09:35:29.249,66.0600,1
34530851568860,09:35:30.851,66.0700,1
34542943736196,09:35:42.943,65.9000,35
34542943762062,09:35:42.943,65.9100,100
34542943801732,09:35:42.943,65.9000,30
34542944080810,09:35:42.944,65.9000,30
34542944084513,09:35:42.944,65.8300,37
34542944113944,09:35:42.944,65.8300,63
34542944113944,09:35:42.944,65.8300,7
34542944121537,09:35:42.944,65.8300,70
34542944374947,09:35:42.944,65.8300,23
34542944374947,09:35:42.944,65.8300,77
34542944401116,09:35:42.944,65.8300,23
34556299944467,09:35:56.299,65.8200,94
34563163804064,09:36:03.163,65.8200,94
34563163804064,09:36:03.163,65.8200,6
34563163834095,09:36:03.163,65.8200,94
34563163893991,09:36:03.163,65.8300,1
34563165664396,09:36:03.165,65.8300,1
34563165664396,09:36:03.165,65.8300,100
34563165664396,09:36:03.165,65.8200,99
34566154241323,09:36:06.154,65.8200,100
34566155408242,09:36:06.155,65.8200,100
34586298687427,09:36:26.298,65.7900,1
34586298712319,09:36:26.298,65.7900,99
34603054935271,09:36:43.054,65.8300,1
34631296131184,09:37:11.296,65.7800,1
34655255898701,09:37:35.255,65.7800,1
34669283294671,09:37:49.283,65.7600,2
34669283490185,09:37:49.283,65.7600,48
34669283490185,09:37:49.283,65.7500,52
34669283542541,09:37:49.283,65.7500,48
34701295889206,09:38:21.295,65.7200,1
34733539758099,09:38:53.539,65.6500,1
34733539758099,09:38:53.539,65.6500,2
34733611275666,09:38:53.611,65.6400,1
34767598954705,09:39:27.598,65.7100,100
34767599101084,09:39:27.599,65.7200,1
34767612596883,09:39:27.612,65.7100,100
34837985366843,09:40:37.985,65.6600,2
34841742533884,09:40:41.742,65.6600,10
34853809392803,09:40:53.809,65.5800,18
34853809453865,09:40:53.809,65.5800,50
34853809502472,09:40:53.809,65.5800,50
34857733695391,09:40:57.733,65.5400,3
34857733695391,09:40:57.733,65.5400,2
34857733695391,09:40:57.733,65.5400,1
34857733695391,09:40:57.733,65.5400,1
34866027167919,09:41:06.027,65.4900,1
34866027167919,09:41:06.027,65.4900,200
34866027172675,09:41:06.027,65.4900,100
34866027202100,09:41:06.027,65.4900,100
34866027265193,09:41:06.027,65.4900,200
34866027349038,09:41:06.027,65.4900,100
34866027373113,09:41:06.027,65.4900,100
34866027397110,09:41:06.027,65.4900,100
34866027413006,09:41:06.027,65.4900,201
34866027463223,09:41:06.027,65.4900,100
34866027524322,09:41:06.027,65.5000,100
34866027757507,09:41:06.027,65.5000,100
34866027986661,09:41:06.027,65.4900,90
34866028470424,09:41:06.028,65.5000,10
34869914299352,09:41:09.914,65.5500,100
34869914326307,09:41:09.914,65.5500,100
34880411618817,09:41:20.411,65.6200,1
34880411643963,09:41:20.411,65.6200,99
34880411994795,09:41:20.411,65.6200,91
34880412217748,09:41:20.412,65.6200,15
34880412224144,09:41:20.412,65.5800,70
34880412282500,09:41:20.412,65.5700,85
34880412710609,09:41:20.412,65.6200,10
34880529497446,09:41:20.529,65.6700,1
34880663123862,09:41:20.663,65.6700,1
34880770258631,09:41:20.770,65.7100,1
34900536403539,09:41:40.536,65.5600,4
34900536403539,09:41:40.536,65.5300,46
34900536409169,09:41:40.536,65.5300,38
34900536411022,09:41:40.536,65.5300,16
34927420099706,09:42:07.420,65.4100,2
34927420099706,09:42:07.420,65.4100,3
35014239345517,09:43:34.239,65.3900,92
35017008076642,09:43:37.008,65.4700,3
35044397612968,09:44:04.397,65.3400,1
35044397676738,09:44:04.397,65.3000,16
35045351667785,09:44:05.351,65.2600,100
35045351698376,09:44:05.351,65.2600,100
35045351837647,09:44:05.351,65.2600,100
35079010365765,09:44:39.010,65.2800,2
35141010302854,09:45:41.010,65.3000,2
35155399252228,09:45:55.399,65.2600,100
35203008709195,09:46:43.008,65.2400,2
35265006679445,09:47:45.006,65.2300,3
35287886209138,09:48:07.886,65.1600,100
35287886209138,09:48:07.886,65.1500,5
35287887162731,09:48:07.887,65.1500,100
35302588498065,09:48:22.588,65.1000,1
35302588498065,09:48:22.588,65.1000,2
35370528998574,09:49:30.528,65.1900,19
35389012521317,09:49:49.012,65.1300,2
35422003893442,09:50:22.003,65.2000,100
35422003946988,09:50:22.003,65.2200,100
35422004044008,09:50:22.004,65.2200,100
35422004054947,09:50:22.004,65.2200,90
35422004173342,09:50:22.004,65.2700,100
35451013806612,09:50:51.013,65.3300,2
35467463726189,09:51:07.463,65.2400,4
35467463726189,09:51:07.463,65.2400,2
35467463726189,09:51:07.463,65.2400,1
35467463726189,09:51:07.463,65.2400,1
35467463730868,09:51:07.463,65.2400,8
35467463914000,09:51:07.463,65.2400,78
35468780748612,09:51:08.780,65.2100,100
35470254299643,09:51:10.254,65.2300,100
35552461760946,09:52:32.461,65.2100,2
35552461760946,09:52:32.461,65.2100,1
35552461760946,09:52:32.461,65.2100,97
35552461980785,09:52:32.461,65.2100,3
35552462549259,09:52:32.462,65.2100,100
35565576494301,09:52:45.576,65.1600,100
35565576556235,09:52:45.576,65.1600,1
35623439091149,09:53:43.439,65.1000,100
35623439091149,09:53:43.439,65.1000,1
35623439091149,09:53:43.439,65.1000,100
35623439433386,09:53:43.439,65.1000,100
35623439457112,09:53:43.439,65.1100,22
35623440257354,09:53:43.440,65.0600,100
35623440257354,09:53:43.440,65.0600,100
35623440681391,09:53:43.440,65.0500,83
35623440706585,09:53:43.440,65.0500,17
35623440706585,09:53:43.440,65.0500,100
35645776729058,09:54:05.776,65.1200,100
35645776793258,09:54:05.776,65.1400,100
35645777101829,09:54:05.777,65.1500,73
35645777119898,09:54:05.777,65.1500,27
35645777165750,09:54:05.777,65.1500,100
35667202914530,09:54:27.202,65.0500,2
35700070433540,09:55:00.070,65.2100,100
35700070912247,09:55:00.070,65.2100,100
35700070912247,09:55:00.070,65.2000,100
35706011004756,09:55:06.011,65.3400,2
35761370264462,09:56:01.370,65.2700,3
35801297556568,09:56:41.297,65.2100,10
35808982613359,09:56:48.982,65.2750,100
35834013780297,09:57:14.013,65.2900,2
35834015695291,09:57:14.015,65.3200,1
35845281162237,09:57:25.281,65.3300,100
35849180817263,09:57:29.180,65.3400,100
35853835761474,09:57:33.835,65.2900,1
35853835790931,09:57:33.835,65.3000,100
35866518951927,09:57:46.518,65.3800,100
35866550694004,09:57:46.550,65.3800,1
35874253257210,09:57:54.253,65.3100,100
35945242560072,09:59:05.242,65.4400,18
35949614440131,09:59:09.614,65.4150,100
35949614740910,09:59:09.614,65.3800,2
35949614740910,09:59:09.614,65.3800,100
35974243718196,09:59:34.243,65.4000,18
35974245683804,09:59:34.245,65.4100,1
35975848774275,09:59:35.848,65.3300,100
35980243918262,09:59:40.243,65.4000,18
35987855311500,09:59:47.855,65.3200,100
35987855332456,09:59:47.855,65.3200,37
35987855343767,09:59:47.855,65.3200,63
35987855350167,09:59:47.855,65.3000,16
35987855360697,09:59:47.855,65.3000,63
35987855367072,09:59:47.855,65.3000,121
36000164649654,10:00:00.164,65.3200,81
36009367493333,10:00:09.367,65.2000,31
36009444682954,10:00:09.444,65.2600,17
36009444739824,10:00:09.444,65.2600,172
36009444767019,10:00:09.444,65.2600,31
36009853322594,10:00:09.853,65.2600,7
36066279483132,10:01:06.279,65.2700,100
36066279488857,10:01:06.279,65.2800,100
36066279488857,10:01:06.279,65.3000,15
36066279491559,10:01:06.279,65.3000,2
36066279491559,10:01:06.279,65.3100,98
36066279567577,10:01:06.279,65.3100,2
36067282969838,10:01:07.282,65.3300,33
36072011069304,10:01:12.011,65.3800,3
36090372682052,10:01:30.372,65.4100,24
36090372682052,10:01:30.372,65.4100,1
36090372748544,10:01:30.372,65.4100,17
36090372912178,10:01:30.372,65.4100,82
36090372912178,10:01:30.372,65.4100,1
36090372912178,10:01:30.372,65.4100,16
36090372915400,10:01:30.372,65.4100,1
36090372947436,10:01:30.372,65.3850,100
36090372949329,10:01:30.372,65.3850,100
36090424045786,10:01:30.424,65.4100,100
36096779608831,10:01:36.779,65.3500,100
36096779608831,10:01:36.779,65.3400,4
36096779609722,10:01:36.779,65.3400,60
36096779649447,10:01:36.779,65.3400,36
36096779649447,10:01:36.779,65.3400,4
36133200261949,10:02:13.200,65.3700,2
36159984455329,10:02:39.984,65.3800,18
36166690226418,10:02:46.690,65.3200,7
36166690293868,10:02:46.690,65.3200,31
36166690302440,10:02:46.690,65.3200,9
36166690302440,10:02:46.690,65.2900,3
36166690302440,10:02:46.690,65.2900,1
36166690302440,10:02:46.690,65.2900,1
36166690302440,10:02:46.690,65.2900,2
36166690302440,10:02:46.690,65.2700,46
36166690767273,10:02:46.690,65.2700,54
36166701020417,10:02:46.701,65.2600,61
36166701529549,10:02:46.701,65.2600,7
36166703247321,10:02:46.703,65.2600,32
36168388896689,10:02:48.388,65.2300,100
36168389531995,10:02:48.389,65.2200,100
36216782627869,10:03:36.782,65.2200,100
36216782627869,10:03:36.782,65.2200,100
36257036423639,10:04:17.036,65.2200,3
36257037220553,10:04:17.037,65.2300,100
36311135843535,10:05:11.135,65.1800,70
36311135849785,10:05:11.135,65.1800,30
36311135849785,10:05:11.135,65.1600,1
36311135849785,10:05:11.135,65.1600,3
36311135854702,10:05:11.135,65.1600,34
36311135877376,10:05:11.135,65.1600,63
36311135877376,10:05:11.135,65.1600,3
36315805168727,10:05:15.805,65.1000,100
36315805168727,10:05:15.805,65.1000,76
36315805168727,10:05:15.805,65.1000,24
36329125848698,10:05:29.125,65.0800,77
36342283162796,10:05:42.283,65.1300,100
36371154573204,10:06:11.154,65.1200,100
36371154573204,10:06:11.154,65.1100,195
36373162779392,10:06:13.162,65.1000,100
36373162805209,10:06:13.162,65.1000,6
36373162805209,10:06:13.162,65.1000,19
36396438279313,10:06:36.438,65.1000,100
36396438304006,10:06:36.438,65.1000,100
36447404014249,10:07:27.404,65.1000,2
36463839026807,10:07:43.839,65.0600,100
36463839026807,10:07:43.839,65.0600,53
36463839026807,10:07:43.839,65.0600,24
36463839026807,10:07:43.839,65.0600,23
36463839054642,10:07:43.839,65.0600,77
36478261127562,10:07:58.261,65.0200,5
36478261152391,10:07:58.261,65.0200,95
36526557864105,10:08:46.557,64.9900,100
36567011099246,10:09:27.011,65.0100,3
36579876613202,10:09:39.876,65.0500,100
36579876613202,10:09:39.876,65.0600,100
36579876613202,10:09:39.876,65.0600,77
36579876620638,10:09:39.876,65.0600,23
36579876622179,10:09:39.876,65.0600,23
36579876623853,10:09:39.876,65.0600,23
36579876627223,10:09:39.876,65.0600,23
36579876628748,10:09:39.876,65.0600,31
36579876628748,10:09:39.876,65.0600,52
36579876630931,10:09:39.876,65.0600,48
36579876630931,10:09:39.876,65.0700,52
36579876636159,10:09:39.876,65.0700,48
36579876636159,10:09:39.876,65.0700,52
36579876638917,10:09:39.876,65.0700,48
36579876638917,10:09:39.876,65.0800,52
36579876652392,10:09:39.876,65.0800,18
36579876774028,10:09:39.876,65.0800,30
36714475040902,10:11:54.475,65.1000,1
36722975085916,10:12:02.975,65.1000,99
36739508791031,10:12:19.508,65.1500,1
36766001877389,10:12:46.001,65.1500,1
36791002551924,10:13:11.002,65.1500,1
36805164796491,10:13:25.164,65.1500,97
36805164796491,10:13:25.164,65.1500,100
36805165056018,10:13:25.165,65.1600,97
36805165083235,10:13:25.165,65.1600,3
36805165083235,10:13:25.165,65.1600,100
36805165095146,10:13:25.165,65.1600,5
36809647276643,10:13:29.647,65.2300,1
36809647301460,10:13:29.647,65.2300,99
36814777371534,10:13:34.777,65.2600,8
36814777399980,10:13:34.777,65.2600,92
36814777399980,10:13:34.777,65.2600,100
36830811354969,10:13:50.811,65.2600,1
36856003869608,10:14:16.003,65.2600,1
36875277992823,10:14:35.277,65.2600,1
36899077082032,10:14:59.077,65.2600,1
36929811550681,10:15:29.811,65.1800,1
36929811550681,10:15:29.811,65.1800,100
36929811550681,10:15:29.811,65.1800,99
36929811594378,10:15:29.811,65.1800,1
36929811594378,10:15:29.811,65.1800,49
36929811597161,10:15:29.811,65.1800,50
36929811598613,10:15:29.811,65.1800,40
36929811598613,10:15:29.811,65.1700,6
36929811602635,10:15:29.811,65.1700,50
36929811786371,10:15:29.811,65.1700,44
36929811786371,10:15:29.811,65.1700,1
36929811786371,10:15:29.811,65.1700,6
36929811786371,10:15:29.811,65.1700,2
36929812086894,10:15:29.812,65.1600,100
36929812086894,10:15:29.812,65.1600,49
36929812091785,10:15:29.812,65.1600,51
36929812111036,10:15:29.812,65.1500,93
36929812169216,10:15:29.812,65.1500,7
36929812169216,10:15:29.812,65.1500,42
36929812171876,10:15:29.812,65.1500,58
36929813222943,10:15:29.813,65.1900,1
36935197966850,10:15:35.197,65.1700,100
36935197966850,10:15:35.197,65.1700,100
36942854650262,10:15:42.854,65.1700,100
36945115738621,10:15:45.115,65.2200,100
36945115738621,10:15:45.115,65.2200,100
36945115738621,10:15:45.115,65.2200,100
36946855465959,10:15:46.855,65.2600,100
36946855465959,10:15:46.855,65.2600,100
36946855471930,10:15:46.855,65.2800,17
36946855473209,10:15:46.855,65.2800,70
36946855484485,10:15:46.855,65.2800,13
36946881943455,10:15:46.881,65.2600,3
36946882001513,10:15:46.882,65.2600,97
36963220473584,10:16:03.220,65.3300,100
36986959520545,10:16:26.959,65.3300,100
36986959596428,10:16:26.959,65.3300,100
36986959610157,10:16:26.959,65.3500,100
36987068620311,10:16:27.068,65.3700,100
37022904286383,10:17:02.904,65.3600,200
37029564989720,10:17:09.564,65.3600,60
37029564989720,10:17:09.564,65.3400,100
37029564989720,10:17:09.564,65.3400,40
37029565017826,10:17:09.565,65.3400,60
37029565017826,10:17:09.565,65.3400,15
37041176338012,10:17:21.176,65.3100,100
37049683341041,10:17:29.683,65.3100,100
37060096809141,10:17:40.096,65.3000,100
37060097048601,10:17:40.097,65.2600,23
37066808597597,10:17:46.808,65.2600,100
37066808621707,10:17:46.808,65.2600,100
37066810623548,10:17:46.810,65.2700,100
37066811156907,10:17:46.811,65.2900,100
37066811156907,10:17:46.811,65.2900,91
37066811166626,10:17:46.811,65.2900,9
37066811239684,10:17:46.811,65.2700,100
37066811291421,10:17:46.811,65.2700,10
37066811422515,10:17:46.811,65.2900,29
37066811432120,10:17:46.811,65.2900,71
37066811432120,10:17:46.811,65.3000,100
37066811441260,10:17:46.811,65.3000,83
37066811897558,10:17:46.811,65.3000,2
37066812038215,10:17:46.812,65.3000,15
37091684001102,10:18:11.684,65.2600,100
37091684015762,10:18:11.684,65.2400,23
37091684022151,10:18:11.684,65.2300,23
37103449135283,10:18:23.449,65.2000,1
37103449135283,10:18:23.449,65.2000,99
37104962422195,10:18:24.962,65.2000,1
37104963126638,10:18:24.963,65.1900,4
37104963131559,10:18:24.963,65.1800,74
37104963139820,10:18:24.963,65.1800,26
37114967808612,10:18:34.967,65.2000,22
37114968481222,10:18:34.968,65.2100,22
37114968481222,10:18:34.968,65.2100,128
37114968485872,10:18:34.968,65.2100,50
37114968488468,10:18:34.968,65.2100,22
37118026390582,10:18:38.026,65.1900,47
37162356223096,10:19:22.356,65.1200,2
37162401381182,10:19:22.401,65.1300,2
37169395356603,10:19:29.395,65.1400,77
37194178306870,10:19:54.178,65.1800,78
37194178310822,10:19:54.178,65.1800,22
37228605693061,10:20:28.605,65.2500,100
37228605785241,10:20:28.605,65.2500,100
37228627402298,10:20:28.627,65.2900,100
37320091323495,10:22:00.091,65.3300,100
37408407133931,10:23:28.407,65.3200,1
37422150877661,10:23:42.150,65.3300,100
37422150877661,10:23:42.150,65.3300,95
37422150877661,10:23:42.150,65.3300,4
37422150924331,10:23:42.150,65.3300,96
37422151533213,10:23:42.151,65.3600,2
37442271595203,10:24:02.271,65.3100,100
37442271713337,10:24:02.271,65.2900,17
37442271723140,10:24:02.271,65.2900,14
37442271725871,10:24:02.271,65.2800,21
37442272283811,10:24:02.272,65.2700,68
37442272287115,10:24:02.272,65.2700,32
37442377314498,10:24:02.377,65.2500,100
37442420576276,10:24:02.420,65.2400,2
37442420578120,10:24:02.420,65.2300,100
37442420976291,10:24:02.420,65.2400,100
37463403073348,10:24:23.403,65.2800,12
37481205163645,10:24:41.205,65.2900,24
37481205189730,10:24:41.205,65.2900,76
37517206690070,10:25:17.206,65.2700,100
37529611693273,10:25:29.611,65.2800,2
37529666426748,10:25:29.666,65.2800,2
37529716651422,10:25:29.716,65.2800,2
37529799372533,10:25:29.799,65.2800,2
37529949806798,10:25:29.949,65.2800,2
37530001133922,10:25:30.001,65.2800,2
37530045788497,10:25:30.045,65.2800,2
37530127656923,10:25:30.127,65.2800,2
37530155346903,10:25:30.155,65.2800,2
37530381917404,10:25:30.381,65.2800,2
37548278060326,10:25:48.278,65.3300,100
37548278063747,10:25:48.278,65.3500,31
37548278069239,10:25:48.278,65.3500,50
37548278189545,10:25:48.278,65.3300,100
37548278361944,10:25:48.278,65.3500,19
37548278410632,10:25:48.278,65.3300,100
37548751861431,10:25:48.751,65.3400,100
37548751955864,10:25:48.751,65.3500,91
37548751980638,10:25:48.751,65.3500,9
37548752008011,10:25:48.752,65.3400,100
37548752590896,10:25:48.752,65.3500,10
37549377565864,10:25:49.377,65.3500,100
37549377611361,10:25:49.377,65.3500,200
37563223050790,10:26:03.223,65.3700,20
37563223058106,10:26:03.223,65.3700,40
37563223085971,10:26:03.223,65.3700,40
37563223616026,10:26:03.223,65.3600,100
37563223616792,10:26:03.223,65.3600,100
37563223631996,10:26:03.223,65.3600,100
37570299030526,10:26:10.299,65.3600,2
37570299055690,10:26:10.299,65.3600,98
37570299055690,10:26:10.299,65.3600,100
37570299055690,10:26:10.299,65.3600,100
37570299507996,10:26:10.299,65.3500,2
37570299507996,10:26:10.299,65.3500,2
37570299507996,10:26:10.299,65.3500,1
37570299531726,10:26:10.299,65.3300,2
37570299531726,10:26:10.299,65.3300,21
37570299532831,10:26:10.299,65.3200,63
37570299535002,10:26:10.299,65.3200,37
37570299535002,10:26:10.299,65.3200,13
37570299556660,10:26:10.299,65.3200,8
37570299556660,10:26:10.299,65.3100,100
37570299556660,10:26:10.299,65.3100,21
37570388127334,10:26:10.388,65.3100,100
37570401998105,10:26:10.401,65.3000,2
37570402022204,10:26:10.402,65.3000,98
37648417584256,10:27:28.417,65.2500,100
37650969031474,10:27:30.969,65.2400,100
37654484142179,10:27:34.484,65.2700,100
37654563888547,10:27:34.563,65.2700,100
37772419870221,10:29:32.419,65.2400,2
37776779701677,10:29:36.779,65.2400,68
37776779701677,10:29:36.779,65.2400,16
37776779701677,10:29:36.779,65.2400,2
37776779701677,10:29:36.779,65.2400,1
37776779701677,10:29:36.779,65.2400,1
37776779701677,10:29:36.779,65.2400,4
37776779701677,10:29:36.779,65.2400,2
37776781233113,10:29:36.781,65.2300,4
37782580018708,10:29:42.580,65.1900,2
37803163256079,10:30:03.163,65.2600,100
37831671210186,10:30:31.671,65.2600,2
37831954513075,10:30:31.954,65.2600,2
37831954540496,10:30:31.954,65.2600,3
37831954540496,10:30:31.954,65.2600,100
37831954836296,10:30:31.954,65.2600,100
37841841847051,10:30:41.841,65.3300,100
37841841911388,10:30:41.841,65.3300,100
37842329309141,10:30:42.329,65.3300,100
37842329375874,10:30:42.329,65.3500,45
37842329400554,10:30:42.329,65.3500,55
37934140640718,10:32:14.140,65.3400,100
37934140640718,10:32:14.140,65.3400,13
37934140640718,10:32:14.140,65.3400,1
37934140640718,10:32:14.140,65.3400,68
37934140640718,10:32:14.140,65.3400,14
37934140640718,10:32:14.140,65.3400,1
37934140646790,10:32:14.140,65.3400,78
37934140646790,10:32:14.140,65.3400,22
37934140678889,10:32:14.140,65.3400,35
37934140717420,10:32:14.140,65.3300,1
37934140718784,10:32:14.140,65.3200,100
37934140770853,10:32:14.140,65.3400,100
37934140811050,10:32:14.140,65.2800,20
37934140886625,10:32:14.140,65.2700,66
37934140892560,10:32:14.140,65.2600,12
37956056620403,10:32:36.056,65.3400,100
37967477847976,10:32:47.477,65.3400,201
37967477852926,10:32:47.477,65.3800,99
37967477862582,10:32:47.477,65.3800,1
37967477862582,10:32:47.477,65.3800,65
37967477864107,10:32:47.477,65.3800,35
37967477864107,10:32:47.477,65.3800,64
37967477865997,10:32:47.477,65.3800,36
37967477906743,10:32:47.477,65.3400,100
37967477918643,10:32:47.477,65.3400,100
37967478686242,10:32:47.478,65.3800,10
38026533595662,10:33:46.533,65.3500,2
38026533595662,10:33:46.533,65.3500,1
38026533595662,10:33:46.533,65.3500,4
38026533595662,10:33:46.533,65.3500,48
38026533820541,10:33:46.533,65.2900,20
38050256880458,10:34:10.256,65.2900,17
38050257193836,10:34:10.257,65.2800,4
38052157703615,10:34:12.157,65.2500,2
38076399683916,10:34:36.399,65.2600,190
38076399685112,10:34:36.399,65.2600,44
38076399933399,10:34:36.399,65.2600,44
38076400117754,10:34:36.400,65.2600,22
38076400117754,10:34:36.400,65.2500,34
38076400117754,10:34:36.400,65.2500,100
38076400117754,10:34:36.400,65.2500,78
38076400154573,10:34:36.400,65.2500,22
38076400154573,10:34:36.400,65.2500,212
38076400285786,10:34:36.400,65.2500,100
38076400312995,10:34:36.400,65.2500,234
38076590041433,10:34:36.590,65.2200,2
38091189511923,10:34:51.189,65.2700,100
38092193642273,10:34:52.193,65.3300,100
38094139008599,10:34:54.139,65.3300,100
38105158223615,10:35:05.158,65.3500,50
38105158225562,10:35:05.158,65.3500,50
38105158234646,10:35:05.158,65.3500,70
38105158253302,10:35:05.158,65.3300,99
38105158253302,10:35:05.158,65.3500,30
38105158895029,10:35:05.158,65.3500,10
38105158898618,10:35:05.158,65.3400,100
38120724167707,10:35:20.724,65.3500,100
38120724195073,10:35:20.724,65.3500,100
38165357029934,10:36:05.357,65.3700,52
38165357050194,10:36:05.357,65.3700,46
38165357057695,10:36:05.357,65.3700,2
38165357057695,10:36:05.357,65.3700,100
38168933775992,10:36:08.933,65.4200,100
38175112284984,10:36:15.112,65.3900,4
38175112284984,10:36:15.112,65.3900,2
38175112651801,10:36:15.112,65.3900,55
38188630813061,10:36:28.630,65.3500,66
38215166563350,10:36:55.166,65.3400,18
38215166563350,10:36:55.166,65.3400,82
38234249568275,10:37:14.249,65.3400,47
38234249581333,10:37:14.249,65.3300,2
38234249934969,10:37:14.249,65.3200,10
38263198258865,10:37:43.198,65.3100,43
38266111248149,10:37:46.111,65.3000,2
38272170674549,10:37:52.170,65.3000,30
38275160868240,10:37:55.160,65.2600,3
38296662434697,10:38:16.662,65.2500,100
38298351103593,10:38:18.351,65.2800,58
38298351110443,10:38:18.351,65.2700,100
38298351110443,10:38:18.351,65.2800,31
38298351116397,10:38:18.351,65.2800,11
38298351116397,10:38:18.351,65.2800,5
38298351116397,10:38:18.351,65.2800,84
38298351233263,10:38:18.351,65.2800,116
38298351233263,10:38:18.351,65.2800,100
38298352076704,10:38:18.352,65.2900,9
38298352101433,10:38:18.352,65.2900,91
38298352442341,10:38:18.352,65.2900,100
38375166941219,10:39:35.166,65.3200,15
38375166941219,10:39:35.166,65.3200,100
38375166941219,10:39:35.166,65.3200,4
38375166941219,10:39:35.166,65.3200,1
38375166976009,10:39:35.166,65.3100,100
38375167174998,10:39:35.167,65.2900,50
38375167176578,10:39:35.167,65.2900,50
38376779766041,10:39:36.779,65.2800,100
38376779766041,10:39:36.779,65.2800,4
38398219879934,10:39:58.219,65.3000,100
38592145223596,10:43:12.145,65.3600,100
38592145223596,10:43:12.145,65.3600,100
38596005971774,10:43:16.005,65.3100,4
38596005971774,10:43:16.005,65.3100,1
38596005971774,10:43:16.005,65.3100,67
38596005971774,10:43:16.005,65.3100,1
38596005971774,10:43:16.005,65.3100,16
38596005971774,10:43:16.005,65.3100,17
38596006001300,10:43:16.006,65.3100,83
38596006191318,10:43:16.006,65.3000,4
38596006535314,10:43:16.006,65.3000,15
38603855137275,10:43:23.855,65.3000,100
38603857806381,10:43:23.857,65.3100,96
38603857808370,10:43:23.857,65.3100,4
38603857808370,10:43:23.857,65.3100,96
38603857811460,10:43:23.857,65.3100,4
38643259152599,10:44:03.259,65.3300,4
38643259385841,10:44:03.259,65.3300,1
38643259385841,10:44:03.259,65.3400,4
38643259413358,10:44:03.259,65.3500,88
38643259420717,10:44:03.259,65.3500,12
38658684816730,10:44:18.684,65.3500,4
38700616822082,10:45:00.616,65.3500,1
38700616822082,10:45:00.616,65.3700,4
38700616822082,10:45:00.616,65.3700,60
38700616828527,10:45:00.616,65.3700,39
38700616830568,10:45:00.616,65.3700,1
38700617157260,10:45:00.617,65.3800,100
38700617484117,10:45:00.617,65.3800,10
38700617787295,10:45:00.617,65.3800,10
38700617840429,10:45:00.617,65.3800,100
38700617867587,10:45:00.617,65.3800,10
38700618120690,10:45:00.618,65.3800,7
38700618649683,10:45:00.618,65.3800,100
38700618649683,10:45:00.618,65.3800,100
38812449154731,10:46:52.449,65.3600,1
38812449154731,10:46:52.449,65.3600,100
38812449154731,10:46:52.449,65.3600,100
38812449154731,10:46:52.449,65.3600,41
38812449154731,10:46:52.449,65.3600,12
38812909885038,10:46:52.909,65.3300,100
38812909885038,10:46:52.909,65.3300,100
38822313808778,10:47:02.313,65.3100,5
38822313808778,10:47:02.313,65.3100,1
38822313846894,10:47:02.313,65.2900,100
38822313884883,10:47:02.313,65.2800,100
38822313884883,10:47:02.313,65.2800,18
38822313884883,10:47:02.313,65.2800,100
38856780803025,10:47:36.780,65.2700,100
38856780968940,10:47:36.780,65.2700,100
38856780968940,10:47:36.780,65.2700,100
38866943011184,10:47:46.943,65.2800,118
38866943049085,10:47:46.943,65.2800,82
38866943295375,10:47:46.943,65.2800,100
38872041142046,10:47:52.041,65.3000,100
38922081812929,10:48:42.081,65.3200,100
38922083235570,10:48:42.083,65.3000,100
38930344333605,10:48:50.344,65.3000,100
38947254778379,10:49:07.254,65.3000,96
38947254803515,10:49:07.254,65.3000,4
38947254803515,10:49:07.254,65.3000,5
38948725784915,10:49:08.725,65.3000,100
38948725849383,10:49:08.725,65.3000,40
38949081417985,10:49:09.081,65.3100,100
38949082262188,10:49:09.082,65.3200,100
38949082838526,10:49:09.082,65.3200,19
38949089495242,10:49:09.089,65.3100,100
38949089495242,10:49:09.089,65.3100,19
38949089495242,10:49:09.089,65.3100,81
38949113009244,10:49:09.113,65.3200,100
38949933398183,10:49:09.933,65.3100,100
38954149259046,10:49:14.149,65.3100,59
38993413172949,10:49:53.413,65.3100,2
39008431070655,10:50:08.431,65.3100,98
39008431070655,10:50:08.431,65.3100,100
39008431070655,10:50:08.431,65.3100,2
39008431070655,10:50:08.431,65.3100,5
39077439798180,10:51:17.439,65.3600,100
39077439798180,10:51:17.439,65.3600,100
39078107546842,10:51:18.107,65.3600,100
39080924337747,10:51:20.924,65.3500,100
39080924337747,10:51:20.924,65.3500,19
39080924387788,10:51:20.924,65.3500,55
39080924387788,10:51:20.924,65.3500,64
39080924906974,10:51:20.924,65.3500,30
39080925391891,10:51:20.925,65.3400,100
39096876882571,10:51:36.876,65.3400,100
39115136782666,10:51:55.136,65.3600,100
39123672916971,10:52:03.672,65.3400,72
39123672929404,10:52:03.672,65.3400,28
39123672929404,10:52:03.672,65.3400,41
39123672931760,10:52:03.672,65.3400,59
39123672931760,10:52:03.672,65.3400,5
39123673780716,10:52:03.673,65.3300,25
39125025351826,10:52:05.025,65.3300,100
39129764236101,10:52:09.764,65.3200,2
39129764236101,10:52:09.764,65.3200,1
39129764236101,10:52:09.764,65.3200,1
39130299575221,10:52:10.299,65.3200,100
39130299606699,10:52:10.299,65.3200,100
39151479714133,10:52:31.479,65.3600,9
39151479943973,10:52:31.479,65.3600,91
39155935895181,10:52:35.935,65.3700,43
39155935905566,10:52:35.935,65.3700,57
39171281308004,10:52:51.281,65.3400,2
39171281308004,10:52:51.281,65.3400,5
39171281382392,10:52:51.281,65.3300,98
39171281412684,10:52:51.281,65.3300,2
39171782596804,10:52:51.782,65.3200,100
39171782930860,10:52:51.782,65.3100,100
39171782992561,10:52:51.782,65.3000,60
39171782992561,10:52:51.782,65.3000,40
39171783018244,10:52:51.783,65.3000,60
39179398061213,10:52:59.398,65.2900,32
39207823683374,10:53:27.823,65.2500,60
39207823910130,10:53:27.823,65.2500,40
39228702325625,10:53:48.702,65.2700,100
39228702853675,10:53:48.702,65.2700,100
39228710240913,10:53:48.710,65.2600,80
39228710266284,10:53:48.710,65.2600,20
39228959751173,10:53:48.959,65.2300,2
39308093091650,10:55:08.093,65.2800,100
39308093132394,10:55:08.093,65.2800,100
39336780643153,10:55:36.780,65.2700,93
39336781322582,10:55:36.781,65.2600,100
39385830033570,10:56:25.830,65.2800,100
39433924060731,10:57:13.924,65.2500,31
39433924060731,10:57:13.924,65.2500,100
39433924060731,10:57:13.924,65.2500,31
39433924066865,10:57:13.924,65.2500,19
39433924071594,10:57:13.924,65.2500,30
39434112343986,10:57:14.112,65.2500,100
39438606394849,10:57:18.606,65.2300,100
39438606424837,10:57:18.606,65.2300,21
39438606651688,10:57:18.606,65.2100,42
39438606659591,10:57:18.606,65.2100,10
39438606664763,10:57:18.606,65.2100,21
39438606675665,10:57:18.606,65.2100,7
39451785800121,10:57:31.785,65.2100,5
39451908662560,10:57:31.908,65.2000,5
39467015196557,10:57:47.015,65.1700,100
39481242725725,10:58:01.242,65.1900,59
39481242742811,10:58:01.242,65.1900,41
39481242742811,10:58:01.242,65.1900,25
39481242776251,10:58:01.242,65.1900,75
39508764403623,10:58:28.764,65.1900,100
39508764403623,10:58:28.764,65.1900,2
39508764403623,10:58:28.764,65.1900,28
39509534280673,10:58:29.534,65.1800,5
39563244302214,10:59:23.244,65.1800,100
39608738296223,11:00:08.738,65.2500,100
39608738315240,11:00:08.738,65.2600,81
39608738324730,11:00:08.738,65.2600,5
39608738442763,11:00:08.738,65.2600,14
39630017360824,11:00:30.017,65.2500,100
39630017688307,11:00:30.017,65.2500,100
39630017688307,11:00:30.017,65.2500,100
39630017693861,11:00:30.017,65.2500,46
39646983043937,11:00:46.983,65.2500,100
39662923306887,11:01:02.923,65.2700,100
39662923306887,11:01:02.923,65.2700,77
39662923324854,11:01:02.923,65.2700,23
39663463457759,11:01:03.463,65.3100,19
39663472035791,11:01:03.472,65.3100,67
39663472143991,11:01:03.472,65.3100,14
39663472143991,11:01:03.472,65.3100,43
39663472406196,11:01:03.472,65.3100,57
39666065954212,11:01:06.065,65.3250,1
39666065983286,11:01:06.065,65.3100,9
39667316178858,11:01:07.316,65.3000,100
39667316222773,11:01:07.316,65.2900,100
39720132472438,11:02:00.132,65.3400,100
39727023289993,11:02:07.023,65.3600,100
39727023289993,11:02:07.023,65.3600,100
39727023289993,11:02:07.023,65.3600,100
39727023322667,11:02:07.023,65.3600,60
39727023600090,11:02:07.023,65.3600,40
39727023629575,11:02:07.023,65.3600,100
39727023935781,11:02:07.023,65.3600,100
39727024037432,11:02:07.024,65.3600,100
39727024329157,11:02:07.024,65.4100,8
39790942866190,11:03:10.942,65.3600,100
39790942866190,11:03:10.942,65.3600,87
39790942875707,11:03:10.942,65.3600,13
39790942875707,11:03:10.942,65.3600,100
39790942875707,11:03:10.942,65.3600,4
39790942881272,11:03:10.942,65.3600,16
39790942881272,11:03:10.942,65.3600,62
39790942906652,11:03:10.942,65.3500,100
39790942906652,11:03:10.942,65.3500,20
39790942906652,11:03:10.942,65.3500,6
39790942948179,11:03:10.942,65.3500,94
39795638708403,11:03:15.638,65.3100,5
39897800486237,11:04:57.800,65.2500,24
39897800486237,11:04:57.800,65.2500,100
39900913575762,11:05:00.913,65.2600,100
39922452913540,11:05:22.452,65.2500,100
39922452966483,11:05:22.452,65.2400,1
39922452966483,11:05:22.452,65.2400,2
39922452966483,11:05:22.452,65.2400,80
39922452966483,11:05:22.452,65.2400,1
39922452975194,11:05:22.452,65.2300,20
39922453065776,11:05:22.453,65.2300,55
39922453083786,11:05:22.453,65.2300,25
39922453419461,11:05:22.453,65.2300,15
39922453751212,11:05:22.453,65.2300,14
39922455795564,11:05:22.455,65.2100,100
39937403727424,11:05:37.403,65.2600,16
39937403743248,11:05:37.403,65.2700,24
39937403747140,11:05:37.403,65.2700,76
39937403747140,11:05:37.403,65.2700,24
39937403752799,11:05:37.403,65.2700,76
40040624196848,11:07:20.624,65.3000,100
40040624223924,11:07:20.624,65.3000,100
40051561396579,11:07:31.561,65.2800,5
40051561396579,11:07:31.561,65.2800,1
40051561396579,11:07:31.561,65.2800,2
40051561396579,11:07:31.561,65.2800,1
40051561701305,11:07:31.561,65.2800,80
40051561701305,11:07:31.561,65.2800,64
40051561701305,11:07:31.561,65.2800,10
40051561701305,11:07:31.561,65.2700,46
40051561819810,11:07:31.561,65.2700,25
40051561846531,11:07:31.561,65.2700,29
40051561846531,11:07:31.561,65.2700,75
40051561876247,11:07:31.561,65.2700,25
40089760306505,11:08:09.760,65.2700,100
40089760306505,11:08:09.760,65.2700,5
40089761919628,11:08:09.761,65.2700,100
40090073765108,11:08:10.073,65.2600,3
40148388192431,11:09:08.388,65.2300,1
40148388192431,11:09:08.388,65.2300,58
40148388192431,11:09:08.388,65.2300,41
40203895915847,11:10:03.895,65.2800,100
40203896120412,11:10:03.896,65.2800,24
40203896123501,11:10:03.896,65.2800,76
40225672878093,11:10:25.672,65.3400,48
40225673196850,11:10:25.673,65.3400,52
40225673196850,11:10:25.673,65.3400,39
40225673206852,11:10:25.673,65.3400,61
40258142748794,11:10:58.142,65.3200,1
40272268873071,11:11:12.268,65.3500,100
40281066948215,11:11:21.066,65.3200,86
40281066998741,11:11:21.066,65.3200,13
40281066998741,11:11:21.066,65.3200,87
40281067013720,11:11:21.067,65.3200,13
40281067013720,11:11:21.067,65.3200,100
40281067013720,11:11:21.067,65.3200,10
40281067014924,11:11:21.067,65.3200,79
40299101552589,11:11:39.101,65.2900,2
40299101552589,11:11:39.101,65.2900,1
40299101552589,11:11:39.101,65.2900,1
40299101552589,11:11:39.101,65.2900,1
40313652259840,11:11:53.652,65.3100,100
40313652259840,11:11:53.652,65.3100,1
40313652259840,11:11:53.652,65.3100,99
40313652290389,11:11:53.652,65.3100,1
40398335358163,11:13:18.335,65.3300,100
40447897184901,11:14:07.897,65.3400,100
40447897184901,11:14:07.897,65.3400,100
40460700450524,11:14:20.700,65.3200,100
40460700477999,11:14:20.700,65.3200,100
40460700477999,11:14:20.700,65.3200,4
40460700477999,11:14:20.700,65.3200,7
40460700676050,11:14:20.700,65.3200,99
40460700679977,11:14:20.700,65.3200,1
40460700709524,11:14:20.700,65.3100,99
40472776496883,11:14:32.776,65.3200,100
40472776526290,11:14:32.776,65.3200,100
40506181706169,11:15:06.181,65.3200,100
40515873044899,11:15:15.873,65.3200,1
40518576724077,11:15:18.576,65.3100,1
40518576724077,11:15:18.576,65.3100,99
40518576749181,11:15:18.576,65.3100,1
40524129320062,11:15:24.129,65.3000,100
40524129343989,11:15:24.129,65.3000,100
40531239127155,11:15:31.239,65.2900,99
40531239154613,11:15:31.239,65.2900,1
40531239154613,11:15:31.239,65.2900,2
40582465617566,11:16:22.465,65.2800,1
40582585721887,11:16:22.585,65.2800,1
40604607606208,11:16:44.607,65.3100,100
40604607606208,11:16:44.607,65.3100,100
40604607909584,11:16:44.607,65.3100,100
40604609606904,11:16:44.609,65.3200,100
40663374571164,11:17:43.374,65.2900,27
40663374572393,11:17:43.374,65.2900,45
40663374572393,11:17:43.374,65.2900,18
40663374578278,11:17:43.374,65.2900,6
40663374648544,11:17:43.374,65.2900,11
40663374648544,11:17:43.374,65.2900,1
40663374648544,11:17:43.374,65.2900,169
40663374648544,11:17:43.374,65.2900,23
40663374673852,11:17:43.374,65.2900,77
40668691004847,11:17:48.691,65.2600,5
40668691004847,11:17:48.691,65.2600,100
40699504988517,11:18:19.504,65.2500,1
40699505483062,11:18:19.505,65.2500,1
40708020876019,11:18:28.020,65.2900,100
40708021602127,11:18:28.021,65.2900,10
40708021602127,11:18:28.021,65.3000,90
40708021607068,11:18:28.021,65.3000,10
40735785767955,11:18:55.785,65.3300,1
40757720790508,11:19:17.720,65.3000,2
40757720790508,11:19:17.720,65.3000,3
40757720802648,11:19:17.720,65.3000,8
40764112637371,11:19:24.112,65.2700,70
40764112665526,11:19:24.112,65.2700,30
40764482456054,11:19:24.482,65.2600,20
40764482480929,11:19:24.482,65.2600,80
40764482976003,11:19:24.482,65.2500,75
40764483029658,11:19:24.483,65.2500,25
40764483029658,11:19:24.483,65.2500,4
40818776321764,11:20:18.776,65.3000,1
40818776321764,11:20:18.776,65.3000,10
40833241421162,11:20:33.241,65.2600,100
40833256060243,11:20:33.256,65.2600,100
40833256060243,11:20:33.256,65.2600,100
40833256060243,11:20:33.256,65.2600,100
40838179114788,11:20:38.179,65.2600,14
40838179138885,11:20:38.179,65.2600,86
40899100160167,11:21:39.100,65.2400,1
40899100160167,11:21:39.100,65.2400,99
40899100184821,11:21:39.100,65.2400,1
40935044022881,11:22:15.044,65.2200,42
40935044022881,11:22:15.044,65.2200,55
40935044022881,11:22:15.044,65.2200,3
40943876809451,11:22:23.876,65.2500,100
40943876809451,11:22:23.876,65.2500,100
40943876809451,11:22:23.876,65.2500,100
40980775461171,11:23:00.775,65.2500,1
40988172995892,11:23:08.172,65.2400,100
40988172995892,11:23:08.172,65.2400,3
40988173026540,11:23:08.173,65.2400,100
40990561715196,11:23:10.561,65.2300,100
40990561740532,11:23:10.561,65.2300,24
41028257041777,11:23:48.257,65.2600,100
41028257096392,11:23:48.257,65.2600,100
41063776401490,11:24:23.776,65.2900,1
41110379181931,11:25:10.379,65.2800,36
41110379207218,11:25:10.379,65.2800,64
41110379207218,11:25:10.379,65.2800,1
41110380795529,11:25:10.380,65.2600,100
41118479491869,11:25:18.479,65.2400,2
41118479491869,11:25:18.479,65.2400,3
41227474986115,11:27:07.474,65.2700,100
41227486523622,11:27:07.486,65.2800,1
41228080017996,11:27:08.080,65.2800,1
41228080017996,11:27:08.080,65.2800,100
41228098142355,11:27:08.098,65.2700,100
41245453502971,11:27:25.453,65.2700,100
41256136347327,11:27:36.136,65.2600,1
41256779484486,11:27:36.779,65.2300,100
41275429079130,11:27:55.429,65.2300,10
41295319642416,11:28:15.319,65.2200,2
41295319642416,11:28:15.319,65.2200,12
41295319642416,11:28:15.319,65.2200,1
41295319642416,11:28:15.319,65.2200,1
41295319788575,11:28:15.319,65.2200,61
41295319788575,11:28:15.319,65.2200,77
41295319788575,11:28:15.319,65.2200,10
41297774609300,11:28:17.774,65.2100,1
41297774609300,11:28:17.774,65.2100,100
41348103813736,11:29:08.103,65.2100,100
41348103815196,11:29:08.103,65.2100,200
41348103833907,11:29:08.103,65.2200,54
41348104199711,11:29:08.104,65.2200,46
41348104199711,11:29:08.104,65.2200,100
41369441637390,11:29:29.441,65.2200,100
41393327119653,11:29:53.327,65.2100,95
41407135366104,11:30:07.135,65.2100,1
41407136272522,11:30:07.136,65.2100,1
41407679338145,11:30:07.679,65.2100,100
41407679845027,11:30:07.679,65.2100,100
41415298216511,11:30:15.298,65.2000,2
41415298223445,11:30:15.298,65.2000,2
41415298796754,11:30:15.298,65.2000,61
41415298919220,11:30:15.298,65.2000,100
41423979498993,11:30:23.979,65.1900,90
41423979524255,11:30:23.979,65.1900,10
41423979524255,11:30:23.979,65.1900,100
41423979524255,11:30:23.979,65.1900,21
41424808838365,11:30:24.808,65.1800,100
41430868688227,11:30:30.868,65.1700,100
41460741339415,11:31:00.741,65.1700,100
41460894473227,11:31:00.894,65.1700,100
41469719192260,11:31:09.719,65.1850,100
41477142666180,11:31:17.142,65.1950,100
41477143079242,11:31:17.143,65.1950,100
41481988642109,11:31:21.988,65.2000,100
41481989435176,11:31:21.989,65.2100,100
41484781817305,11:31:24.781,65.2200,1
41484781817305,11:31:24.781,65.2200,99
41484781843353,11:31:24.781,65.2200,1
41496780001012,11:31:36.780,65.2000,98
41496780027994,11:31:36.780,65.2000,2
41496780027994,11:31:36.780,65.2000,62
41496780352355,11:31:36.780,65.2000,100
41497007287476,11:31:37.007,65.1900,100
41497007287476,11:31:37.007,65.1900,100
41533510583592,11:32:13.510,65.1800,100
41533510583592,11:32:13.510,65.1800,3
41533510583592,11:32:13.510,65.1800,30
41534511635290,11:32:14.511,65.1800,100
41556566285760,11:32:36.566,65.1700,100
41556883499108,11:32:36.883,65.1800,100
41574964797404,11:32:54.964,65.2100,100
41602515795333,11:33:22.515,65.2200,100
41602549191384,11:33:22.549,65.2200,100
41605305934164,11:33:25.305,65.2000,66
41605305941011,11:33:25.305,65.2000,34
41625222193195,11:33:45.222,65.2200,100
41625238010827,11:33:45.238,65.2300,100
41634447109625,11:33:54.447,65.2400,22
41634447125326,11:33:54.447,65.2400,38
41634447126973,11:33:54.447,65.2400,40
41634447126973,11:33:54.447,65.2400,18
41634447135587,11:33:54.447,65.2400,82
41662572093155,11:34:22.572,65.2700,59
41662572159433,11:34:22.572,65.2700,41
41676255734143,11:34:36.255,65.2700,100
41701688875144,11:35:01.688,65.2700,100
41711158325654,11:35:11.158,65.2700,100
41718776579937,11:35:18.776,65.2700,1
41718776794622,11:35:18.776,65.2500,15
41718776794622,11:35:18.776,65.2500,17
41718776799894,11:35:18.776,65.2500,59
41718776805938,11:35:18.776,65.2500,24
41718776805938,11:35:18.776,65.2500,59
41718776822303,11:35:18.776,65.2500,41
41721931443464,11:35:21.931,65.2400,3
41721931443464,11:35:21.931,65.2400,100
41732088930723,11:35:32.088,65.2300,100
41780444973977,11:36:20.444,65.2300,5
41780445000271,11:36:20.445,65.2300,95
41780445000271,11:36:20.445,65.2300,3
41794676118042,11:36:34.676,65.2200,30
41794676342117,11:36:34.676,65.2200,45
41806061666024,11:36:46.061,65.2500,100
41806061666024,11:36:46.061,65.2500,100
41882778456259,11:38:02.778,65.2100,1
41901165492451,11:38:21.165,65.2500,60
41965858492331,11:39:25.858,65.2400,1
41966849263077,11:39:26.849,65.2300,100
41966851586661,11:39:26.851,65.2300,100
41966851617931,11:39:26.851,65.2300,100
41966853999614,11:39:26.853,65.2300,81
41966913700023,11:39:26.913,65.2300,31
41973358215670,11:39:33.358,65.2200,100
41973358215670,11:39:33.358,65.2200,100
41973358215670,11:39:33.358,65.2200,4
41973358215670,11:39:33.358,65.2200,100
41973358215670,11:39:33.358,65.2200,66
41976779957132,11:39:36.779,65.2200,68
41976779957132,11:39:36.779,65.2200,26
42006021211086,11:40:06.021,65.2600,24
42006021628118,11:40:06.021,65.2600,76
42006023000250,11:40:06.023,65.2700,60
42033029365261,11:40:33.029,65.2600,100
42033029448737,11:40:33.029,65.2600,1
42033029448737,11:40:33.029,65.2600,37
42039430738686,11:40:39.430,65.2700,100
42039749089618,11:40:39.749,65.2700,100
42068169335956,11:41:08.169,65.2900,14
42079276761713,11:41:19.276,65.2900,86
42105963744025,11:41:45.963,65.3200,100
42105963744025,11:41:45.963,65.3200,100
42105963744025,11:41:45.963,65.3200,100
42105963744025,11:41:45.963,65.3300,100
42105963744025,11:41:45.963,65.3500,20
42105963744025,11:41:45.963,65.3900,100
42105963744025,11:41:45.963,65.4500,60
42106145965032,11:41:46.145,65.4000,100
42106145989088,11:41:46.145,65.4000,4
42120079109142,11:42:00.079,65.4000,5
42120079109142,11:42:00.079,65.4100,95
42120079111119,11:42:00.079,65.4000,199
42120079114218,11:42:00.079,65.4100,5
42120079114218,11:42:00.079,65.4100,35
42120079114218,11:42:00.079,65.4100,3
42120079119437,11:42:00.079,65.4100,72
42120079122130,11:42:00.079,65.4000,117
42120079145104,11:42:00.079,65.4000,184
42120079196669,11:42:00.079,65.4100,25
42120079897065,11:42:00.079,65.4200,68
42120079927007,11:42:00.079,65.4200,32
42128889445920,11:42:08.889,65.4300,1
42128889445920,11:42:08.889,65.4300,99
42128889477202,11:42:08.889,65.4300,1
42134070650190,11:42:14.070,65.4300,100
42164750262412,11:42:44.750,65.4500,1
42164750262412,11:42:44.750,65.4500,55
42164750309272,11:42:44.750,65.4500,145
42164752579978,11:42:44.752,65.4600,100
42164753011558,11:42:44.753,65.4600,100
42172310718047,11:42:52.310,65.4500,100
42172310721688,11:42:52.310,65.4500,200
42172310721688,11:42:52.310,65.4500,100
42186983686745,11:43:06.983,65.4600,100
42196831398831,11:43:16.831,65.4700,100
42210205648963,11:43:30.205,65.4500,17
42210205660764,11:43:30.205,65.4500,83
42210205660764,11:43:30.205,65.4500,35
42210205662402,11:43:30.205,65.4500,65
42210205671525,11:43:30.205,65.4400,91
42210205990660,11:43:30.205,65.4400,8
42210206002852,11:43:30.206,65.4400,1
42210206002852,11:43:30.206,65.4400,100
42210206002852,11:43:30.206,65.4400,8
42210206113099,11:43:30.206,65.4400,92
42210206320815,11:43:30.206,65.4300,100
42210206392050,11:43:30.206,65.4300,28
42210207054129,11:43:30.207,65.4200,100
42222762168281,11:43:42.762,65.4400,100
42236571794198,11:43:56.571,65.4400,100
42236572138748,11:43:56.572,65.4300,100
42243720609516,11:44:03.720,65.4000,1
42243748679644,11:44:03.748,65.3900,2
42271128440750,11:44:31.128,65.4100,100
42305066377715,11:45:05.066,65.4200,100
42305066377715,11:45:05.066,65.4200,100
42307172202085,11:45:07.172,65.4300,1
42323085169633,11:45:23.085,65.4500,100
42323459217941,11:45:23.459,65.4600,15
42327252363501,11:45:27.252,65.4500,100
42362860728503,11:46:02.860,65.4000,1
42362860728503,11:46:02.860,65.4000,2
42362860728503,11:46:02.860,65.4000,1
42362860728503,11:46:02.860,65.4000,1
42366582031377,11:46:06.582,65.3800,3
42381861514426,11:46:21.861,65.4400,100
42443973011664,11:47:23.973,65.3800,36
42443973036349,11:47:23.973,65.3800,64
42460788970779,11:47:40.788,65.3600,1
42468323183070,11:47:48.323,65.3700,100
42478466130455,11:47:58.466,65.3800,100
42506899140703,11:48:26.899,65.3600,4
42506899140703,11:48:26.899,65.3600,96
42506899176060,11:48:26.899,65.3600,16
42506899176060,11:48:26.899,65.3600,1
42516239135810,11:48:36.239,65.3400,22
42576864947937,11:49:36.864,65.3100,2
42576864947937,11:49:36.864,65.3100,1
42597340270089,11:49:57.340,65.3300,56
42602313333663,11:50:02.313,65.3000,100
42602313566868,11:50:02.313,65.3000,15
42613443212029,11:50:13.443,65.2800,6
42665767606657,11:51:05.767,65.3100,100
42665767606657,11:51:05.767,65.3100,100
42665822258924,11:51:05.822,65.3100,27
42696779790171,11:51:36.779,65.2700,28
42696779790171,11:51:36.779,65.2600,70
42702776371034,11:51:42.776,65.2800,1
42784776577616,11:53:04.776,65.2800,1
42813485901042,11:53:33.485,65.2800,5
42843876534977,11:54:03.876,65.2800,4
42851301961354,11:54:11.301,65.3100,100
42851301961354,11:54:11.301,65.3100,100
42851301998425,11:54:11.301,65.3100,28
42851302174196,11:54:11.302,65.3100,100
42858137283076,11:54:18.137,65.3300,1
42870108605236,11:54:30.108,65.3300,1
42870121543936,11:54:30.121,65.3400,1
42905037546555,11:55:05.037,65.3400,100
42963255378651,11:56:03.255,65.3500,95
42963782615462,11:56:03.782,65.3500,1
42964434677246,11:56:04.434,65.3400,100
42964434702776,11:56:04.434,65.3400,100
42964434721447,11:56:04.434,65.3400,60
42964594375935,11:56:04.594,65.3100,100
42972017619009,11:56:12.017,65.3300,100
43012997509181,11:56:52.997,65.3400,100
43012997531800,11:56:52.997,65.3400,33
43042255642119,11:57:22.255,65.3500,1
43042335794450,11:57:22.335,65.3400,100
43051259728293,11:57:31.259,65.3200,5
43051259728293,11:57:31.259,65.3200,1
43051259745409,11:57:31.259,65.3000,10
43097722177752,11:58:17.722,65.2900,5
43097722229828,11:58:17.722,65.3300,100
43097722229828,11:58:17.722,65.3300,100
43112777202599,11:58:32.777,65.3400,1
43197105030279,11:59:57.105,65.3300,100
43201484444170,12:00:01.484,65.3500,6
43201484468306,12:00:01.484,65.3300,194
43201484573941,12:00:01.484,65.3500,88
43203008519553,12:00:03.008,65.3350,100
43203009237010,12:00:03.009,65.3350,100
43204089064056,12:00:04.089,65.3350,100
43204865212760,12:00:04.865,65.3400,10
43204865242569,12:00:04.865,65.3400,20
43204865253071,12:00:04.865,65.3400,70
43204865287013,12:00:04.865,65.3400,10
43205783040736,12:00:05.783,65.3400,1
43205783040736,12:00:05.783,65.3400,99
43205784068607,12:00:05.784,65.3400,1
43226548679247,12:00:26.548,65.3300,2
43226548679247,12:00:26.548,65.3300,1
43226548679247,12:00:26.548,65.3300,2
43226548679247,12:00:26.548,65.3300,65
43226550325642,12:00:26.550,65.3200,100
43226550352152,12:00:26.550,65.3200,6
43226559194790,12:00:26.559,65.3200,6
43226560200591,12:00:26.560,65.3300,100
43226560200591,12:00:26.560,65.3300,100
43226560200591,12:00:26.560,65.3300,100
43268090715681,12:01:08.090,65.3300,131
43268090869832,12:01:08.090,65.3300,200
43268091251420,12:01:08.091,65.3300,5
43271940151930,12:01:11.940,65.3200,38
43285738977244,12:01:25.738,65.3100,100
43315649490102,12:01:55.649,65.3000,12
43339736892195,12:02:19.736,65.3100,100
43339736892195,12:02:19.736,65.3100,92
43339736918378,12:02:19.736,65.3100,8
43339736918378,12:02:19.736,65.3100,100
43339737460616,12:02:19.737,65.3300,100
43340737851241,12:02:20.737,65.3100,100
43361195112001,12:02:41.195,65.3450,100
43362078093014,12:02:42.078,65.3500,1
43362078093014,12:02:42.078,65.3500,6
43417495652467,12:03:37.495,65.3300,100
43417495652467,12:03:37.495,65.3300,2
43417495652467,12:03:37.495,65.3300,98
43417495662115,12:03:37.495,65.3300,2
43417495662115,12:03:37.495,65.3300,1
43417495662115,12:03:37.495,65.3300,36
43430384929503,12:03:50.384,65.3300,200
43442128179161,12:04:02.128,65.3350,200
43447033677746,12:04:07.033,65.3350,200
43447128118306,12:04:07.128,65.3350,100
43447128428822,12:04:07.128,65.3350,100
43447128437615,12:04:07.128,65.3350,100
43450925662679,12:04:10.925,65.3350,100
43450925749357,12:04:10.925,65.3350,100
43452505235087,12:04:12.505,65.3350,100
43474942461492,12:04:34.942,65.3300,1
43474942461492,12:04:34.942,65.3300,6
43474942461492,12:04:34.942,65.3300,69
43480025257483,12:04:40.025,65.3300,100
43480025425811,12:04:40.025,65.3300,100
43480394928354,12:04:40.394,65.3300,100
43510933528971,12:05:10.933,65.3300,154
43510933528971,12:05:10.933,65.3400,100
43510933528971,12:05:10.933,65.3400,46
43510934104503,12:05:10.934,65.3400,100
43523839085570,12:05:23.839,65.3500,1
43536779771055,12:05:36.779,65.3300,12
43536779771055,12:05:36.779,65.3300,23
43536780137881,12:05:36.780,65.3300,77
43549766102871,12:05:49.766,65.3300,2
43549767053567,12:05:49.767,65.3300,1
43569124108683,12:06:09.124,65.3300,97
43569124108683,12:06:09.124,65.3300,103
43569124203221,12:06:09.124,65.3300,100
43599972698544,12:06:39.972,65.3200,2
43604775917916,12:06:44.775,65.3300,1
43606701276279,12:06:46.701,65.3300,100
43606821523539,12:06:46.821,65.3200,98
43606821523539,12:06:46.821,65.3200,2
43606821580263,12:06:46.821,65.3200,98
43606821580263,12:06:46.821,65.3200,2
43606821605026,12:06:46.821,65.3200,98
43606821605026,12:06:46.821,65.3200,2
43606821633733,12:06:46.821,65.3200,20
43606821633733,12:06:46.821,65.3200,80
43606821695375,12:06:46.821,65.3200,20
43606822191321,12:06:46.822,65.3200,100
43606824505847,12:06:46.824,65.3200,100
43606824509142,12:06:46.824,65.3200,25
43606824579919,12:06:46.824,65.3200,100
43606824583225,12:06:46.824,65.3200,100
43606824705650,12:06:46.824,65.3200,100
43607204712439,12:06:47.204,65.3200,100
43607204767493,12:06:47.204,65.3200,100
43607204816103,12:06:47.204,65.3200,6
43607409822797,12:06:47.409,65.3100,2
43652245302981,12:07:32.245,65.3100,95
43652245715110,12:07:32.245,65.3100,3
43652255216975,12:07:32.255,65.3100,1
43653856786327,12:07:33.856,65.3100,1
43668492085891,12:07:48.492,65.3100,99
43668492085891,12:07:48.492,65.3100,100
43668492131367,12:07:48.492,65.3100,42
43680941124416,12:08:00.941,65.3300,100
43690220560701,12:08:10.220,65.3300,1
43690220560701,12:08:10.220,65.3300,99
43690220603367,12:08:10.220,65.3300,1
43712034991861,12:08:32.034,65.3300,100
43712035332624,12:08:32.035,65.3300,100
43718065332322,12:08:38.065,65.3350,200
43718065354090,12:08:38.065,65.3350,200
43718066785648,12:08:38.066,65.3400,100
43718066785648,12:08:38.066,65.3400,100
43722523612371,12:08:42.523,65.3400,100
43730160543207,12:08:50.160,65.3400,100
43730160592172,12:08:50.160,65.3400,200
43730160631218,12:08:50.160,65.3400,200
43743047931517,12:09:03.047,65.3400,100
43743154465009,12:09:03.154,65.3400,100
43744144406409,12:09:04.144,65.3500,10
43744144506842,12:09:04.144,65.3500,90
43744144711423,12:09:04.144,65.3400,100
43744144823683,12:09:04.144,65.3400,200
43744146710732,12:09:04.146,65.3600,100
43744148656202,12:09:04.148,65.3800,39
43744148926875,12:09:04.148,65.3600,100
43744148982370,12:09:04.148,65.3800,22
43744149103018,12:09:04.149,65.3600,30
43744149159563,12:09:04.149,65.3800,17
43744149204955,12:09:04.149,65.3800,22
43744149319796,12:09:04.149,65.3700,100
43744149319796,12:09:04.149,65.3600,70
43744149319796,12:09:04.149,65.3500,100
43744159118575,12:09:04.159,65.3700,100
43744341285633,12:09:04.341,65.3850,100
43748715244368,12:09:08.715,65.3900,99
43794382367488,12:09:54.382,65.4200,168
43795381054007,12:09:55.381,65.4200,100
43802949864866,12:10:02.949,65.4200,200
43806403036209,12:10:06.403,65.4200,100
43823167226484,12:10:23.167,65.4200,200
43823167364620,12:10:23.167,65.4500,100
43823167364620,12:10:23.167,65.4500,78
43828543553771,12:10:28.543,65.4350,200
43842785922167,12:10:42.785,65.4200,100
43842785922167,12:10:42.785,65.4200,6
43842788276263,12:10:42.788,65.4200,100
43846545424530,12:10:46.545,65.4250,100
43846547121144,12:10:46.547,65.4250,200
43851777563163,12:10:51.777,65.4200,1
43855432320418,12:10:55.432,65.4200,2
43859434655781,12:10:59.434,65.4200,3
43859434655781,12:10:59.434,65.4300,97
43860173212660,12:11:00.173,65.4200,100
43860173232519,12:11:00.173,65.4300,3
43860173690726,12:11:00.173,65.4200,100
43860173877549,12:11:00.173,65.4200,100
43860435214487,12:11:00.435,65.4250,100
43901256000104,12:11:41.256,65.4200,200
43927958662848,12:12:07.958,65.4400,4
43927958688800,12:12:07.958,65.4300,296
43927958768926,12:12:07.958,65.4300,296
43927958885758,12:12:07.958,65.4400,96
43927958885758,12:12:07.958,65.4400,1
43927959241167,12:12:07.959,65.4400,69
43927959466714,12:12:07.959,65.4400,10
43927960003608,12:12:07.960,65.4400,20
43927960003608,12:12:07.960,65.4400,80
43927960227739,12:12:07.960,65.4400,20
43933781613505,12:12:13.781,65.4600,1
43981234890927,12:13:01.234,65.4300,6
43981234890927,12:13:01.234,65.4300,100
43981235159890,12:13:01.235,65.4300,28
43981235159890,12:13:01.235,65.4200,52
43981235188820,12:13:01.235,65.4200,25
43981235188820,12:13:01.235,65.4200,2
43981235188820,12:13:01.235,65.4200,1
43981610664871,12:13:01.610,65.4000,100
43981610690179,12:13:01.610,65.4000,61
44057145501539,12:14:17.145,65.4300,100
44057145501539,12:14:17.145,65.4300,100
44057145501539,12:14:17.145,65.4300,100
44057145501539,12:14:17.145,65.4300,100
44057145587825,12:14:17.145,65.4150,200
44057145991294,12:14:17.145,65.4150,100
44057145992582,12:14:17.145,65.4150,100
44057147014567,12:14:17.147,65.4300,100
44057268605201,12:14:17.268,65.4200,100
44057268656984,12:14:17.268,65.4100,100
44059354094795,12:14:19.354,65.4200,100
44060391960046,12:14:20.391,65.4000,100
44060781986568,12:14:20.781,65.4000,9
44097694810924,12:14:57.694,65.4200,1
44110570154879,12:15:10.570,65.3900,1
44110570181528,12:15:10.570,65.3900,1
44110570181528,12:15:10.570,65.3900,100
44110570181528,12:15:10.570,65.3900,100
44110570181528,12:15:10.570,65.3900,1
44117391121290,12:15:17.391,65.3600,5
44144422188315,12:15:44.422,65.3700,100
44144422188315,12:15:44.422,65.3700,100
44144423294238,12:15:44.423,65.3700,100
44144423298446,12:15:44.423,65.3700,57
44144423810374,12:15:44.423,65.3400,3
44148228114303,12:15:48.228,65.3500,200
44148229569368,12:15:48.229,65.3500,300
44148229593216,12:15:48.229,65.3500,6
44148229599016,12:15:48.229,65.3500,6
44148230026183,12:15:48.230,65.3500,100
44148238831887,12:15:48.238,65.3500,500
44148469964409,12:15:48.469,65.3500,500
44148474848566,12:15:48.474,65.3500,100
44148805035463,12:15:48.805,65.3500,400
44148810835997,12:15:48.810,65.3500,100
44148810835997,12:15:48.810,65.3500,100
44155769393080,12:15:55.769,65.3300,2
44155769393080,12:15:55.769,65.3300,98
44155769422943,12:15:55.769,65.3300,2
44155769422943,12:15:55.769,65.3300,1
44158354930254,12:15:58.354,65.3100,100
44158354930254,12:15:58.354,65.3000,100
44158356950911,12:15:58.356,65.2900,10
44158357910136,12:15:58.357,65.2900,100
44159552917967,12:15:59.552,65.3000,100
44159552917967,12:15:59.552,65.3000,100
44159553714848,12:15:59.553,65.3000,100
44159553845420,12:15:59.553,65.3000,100
44159553880656,12:15:59.553,65.3000,100
44160504922063,12:16:00.504,65.3000,100
44160504922063,12:16:00.504,65.3000,50
44160504922063,12:16:00.504,65.3000,100
44160505076185,12:16:00.505,65.3000,100
44160505076185,12:16:00.505,65.3000,100
44160505099255,12:16:00.505,65.3000,100
44160505458488,12:16:00.505,65.3000,100
44160538961466,12:16:00.538,65.3000,100
44162425888176,12:16:02.425,65.3000,100
44162425981326,12:16:02.425,65.3000,100
44162426089589,12:16:02.426,65.3000,100
44162431307471,12:16:02.431,65.3000,86
44162431332343,12:16:02.431,65.3000,14
44162431399217,12:16:02.431,65.3000,14
44162517984286,12:16:02.517,65.3000,86
44162517984286,12:16:02.517,65.3000,14
44162518054955,12:16:02.518,65.3000,86
44162564164245,12:16:02.564,65.3000,100
44162564209300,12:16:02.564,65.3000,100
44163134795190,12:16:03.134,65.3000,100
44163134944348,12:16:03.134,65.3000,100
44163134944348,12:16:03.134,65.3000,100
44163134976842,12:16:03.134,65.3000,100
44163134976842,12:16:03.134,65.3000,100
44165225785735,12:16:05.225,65.3000,100
44165250299402,12:16:05.250,65.3000,100
44165250299402,12:16:05.250,65.3000,9
44166423052751,12:16:06.423,65.2900,12
44167194687548,12:16:07.194,65.2900,100
44167196036926,12:16:07.196,65.3000,100
44169418040857,12:16:09.418,65.3000,100
44169418114755,12:16:09.418,65.3000,24
44170025250801,12:16:10.025,65.3000,76
44170025250801,12:16:10.025,65.3000,24
44177237214424,12:16:17.237,65.2700,100
44187106055647,12:16:27.106,65.2800,100
44220380557080,12:17:00.380,65.3000,76
44220380557080,12:17:00.380,65.3000,100
44220380557080,12:17:00.380,65.3000,100
44220380590137,12:17:00.380,65.3000,100
44220380683226,12:17:00.380,65.3000,100
44220380722608,12:17:00.380,65.3000,100
44220382124825,12:17:00.382,65.3000,100
44220477304037,12:17:00.477,65.3000,100
44220477304037,12:17:00.477,65.3000,100
44220477382999,12:17:00.477,65.3000,100
44220477861483,12:17:00.477,65.3000,100
44223247892361,12:17:03.247,65.3000,7
44226032057603,12:17:06.032,65.3000,93
44226032057603,12:17:06.032,65.3000,45
44226032128874,12:17:06.032,65.3000,55
44226421989686,12:17:06.421,65.2800,100
44228556054456,12:17:08.556,65.3000,100
44228557005876,12:17:08.557,65.3000,100
44228558024382,12:17:08.558,65.3000,100
44228558024382,12:17:08.558,65.3000,1800
44228739965146,12:17:08.739,65.3000,100
44228740515352,12:17:08.740,65.3000,100
44228749178448,12:17:08.749,65.3000,100
44228755119395,12:17:08.755,65.3000,100
44228755710239,12:17:08.755,65.3000,100
44228773578520,12:17:08.773,65.3000,100
44228774091893,12:17:08.774,65.3000,100
44228928407734,12:17:08.928,65.3000,100
44228929048340,12:17:08.929,65.3000,100
44229065885903,12:17:09.065,65.3000,100
44231857104566,12:17:11.857,65.2800,1
44231857104566,12:17:11.857,65.2800,160
44231857104566,12:17:11.857,65.2800,64
44231857104566,12:17:11.857,65.2800,100
44231857104566,12:17:11.857,65.2600,30
44231857104566,12:17:11.857,65.2600,79
44231858368900,12:17:11.858,65.2800,100
44231858676477,12:17:11.858,65.2800,101
44231858708601,12:17:11.858,65.2900,100
44231859831326,12:17:11.859,65.2800,100
44231859831326,12:17:11.859,65.2800,100
44231859831326,12:17:11.859,65.2700,100
44231859831326,12:17:11.859,65.2700,100
44231859831326,12:17:11.859,65.2700,100
44231859831326,12:17:11.859,65.2700,100
44231859831326,12:17:11.859,65.2700,100
44231859831326,12:17:11.859,65.2700,100
44231859831326,12:17:11.859,65.2700,100
44231859831326,12:17:11.859,65.2700,100
44231859831326,12:17:11.859,65.2700,100
44231859831326,12:17:11.859,65.2700,100
44231859831326,12:17:11.859,65.2700,100
44231859831326,12:17:11.859,65.2700,100
44231859831326,12:17:11.859,65.2600,21
44231859831326,12:17:11.859,65.2500,26
44231859831326,12:17:11.859,65.2400,2
44231859831326,12:17:11.859,65.2400,26
44231859831326,12:17:11.859,65.2300,25
44231860294777,12:17:11.860,65.2900,100
44231860320523,12:17:11.860,65.2900,100
44231860353532,12:17:11.860,65.2900,100
44231865101079,12:17:11.865,65.2500,100
44231869795911,12:17:11.869,65.2300,200
44231869795911,12:17:11.869,65.2300,100
44231875392375,12:17:11.875,65.2300,10
44231875392375,12:17:11.875,65.2200,2
44231875392375,12:17:11.875,65.2200,3
44231875392375,12:17:11.875,65.2200,100
44231875392375,12:17:11.875,65.2200,100
44231875392375,12:17:11.875,65.2200,200
44231875392375,12:17:11.875,65.2100,100
44231875392375,12:17:11.875,65.2000,100
44231875392375,12:17:11.875,65.2000,1
44231875392375,12:17:11.875,65.2000,100
44231875603934,12:17:11.875,65.2200,100
44231876156466,12:17:11.876,65.2200,100
44231887975970,12:17:11.887,65.2300,100
44231887975970,12:17:11.887,65.2300,100
44231887975970,12:17:11.887,65.2300,100
44231909341788,12:17:11.909,65.2300,100
44231909341788,12:17:11.909,65.2300,100
44231909341788,12:17:11.909,65.2300,100
44231909341788,12:17:11.909,65.2100,100
44231909341788,12:17:11.909,65.2000,11
44231910499428,12:17:11.910,65.2300,65
44231910523556,12:17:11.910,65.2300,35
44231912323615,12:17:11.912,65.2200,300
44231912323615,12:17:11.912,65.2200,100
44231912323615,12:17:11.912,65.2200,100
44231912323615,12:17:11.912,65.2200,400
44231912323615,12:17:11.912,65.2200,23
44231916714170,12:17:11.916,65.2100,100
44231916714170,12:17:11.916,65.2100,100
44231916714170,12:17:11.916,65.2100,100
44231916714170,12:17:11.916,65.2100,100
44231956368007,12:17:11.956,65.2100,100
44231956997725,12:17:11.956,65.2300,10
44231956997725,12:17:11.956,65.2400,100
44231958110027,12:17:11.958,65.2300,32
44231960345529,12:17:11.960,65.2100,100
44231960345529,12:17:11.960,65.2000,100
44231960345529,12:17:11.960,65.2000,200
44231961454637,12:17:11.961,65.2300,100
44231961454637,12:17:11.961,65.2400,70
44231965170484,12:17:11.965,65.2500,100
44231965170484,12:17:11.965,65.2600,100
44231970861385,12:17:11.970,65.2600,100
44231970861385,12:17:11.970,65.2500,200
44231970861385,12:17:11.970,65.2500,90
44231970861385,12:17:11.970,65.2500,100
44231970861385,12:17:11.970,65.2300,200
44231970861385,12:17:11.970,65.2200,100
44231970861385,12:17:11.970,65.2200,26
44231970861385,12:17:11.970,65.2200,100
44231970861385,12:17:11.970,65.2000,50
44231970861385,12:17:11.970,65.2000,100
44232155110648,12:17:12.155,65.2400,100
44232156700937,12:17:12.156,65.2200,100
44232156700937,12:17:12.156,65.2100,200
44232156700937,12:17:12.156,65.2100,87
44232159403918,12:17:12.159,65.2100,100
44232164399973,12:17:12.164,65.2200,100
44232164399973,12:17:12.164,65.2100,100
44232354525544,12:17:12.354,65.2000,100
44232354525544,12:17:12.354,65.2000,400
44232354525544,12:17:12.354,65.2000,600
44233161404150,12:17:13.161,65.2100,200
44233161404150,12:17:13.161,65.2100,200
44233167681258,12:17:13.167,65.2300,100
44233171631992,12:17:13.171,65.2200,100
44233171631992,12:17:13.171,65.2100,100
44233171631992,12:17:13.171,65.2100,400
44233171631992,12:17:13.171,65.2000,100
44233173265538,12:17:13.173,65.2200,12
44233173289934,12:17:13.173,65.2200,88
44233173289934,12:17:13.173,65.2200,110
44233174700842,12:17:13.174,65.2000,100
44233174700842,12:17:13.174,65.2000,2
44234660312391,12:17:14.660,65.1900,100
44237608794336,12:17:17.608,65.1800,1
44237608794336,12:17:17.608,65.1700,100
44242879284489,12:17:22.879,65.1500,2
44242879284489,12:17:22.879,65.1500,26
44242883958184,12:17:22.883,65.1400,5
44243213925074,12:17:23.213,65.1800,100
44243214567348,12:17:23.214,65.1800,100
44243214629754,12:17:23.214,65.1800,10
44248486066333,12:17:28.486,65.1800,200
44248486066333,12:17:28.486,65.1800,200
44249487070924,12:17:29.487,65.1800,100
44249487674858,12:17:29.487,65.1800,68
44249488280395,12:17:29.488,65.1800,32
44252554403215,12:17:32.554,65.2000,100
44252554505435,12:17:32.554,65.2100,100
44266016305587,12:17:46.016,65.2300,100
44322159602471,12:18:42.159,65.2300,200
44322159639130,12:18:42.159,65.2300,3
44332610223373,12:18:52.610,65.2400,1
44351558691114,12:19:11.558,65.2300,200
44351558733560,12:19:11.558,65.2300,200
44351558745695,12:19:11.558,65.2300,200
44351558834173,12:19:11.558,65.2600,100
44351558834173,12:19:11.558,65.2600,100
44351558886008,12:19:11.558,65.2400,100
44357338919282,12:19:17.338,65.2300,1
44358254957919,12:19:18.254,65.2300,100
44360744246481,12:19:20.744,65.2200,2
44360744246481,12:19:20.744,65.2200,1
44371096499392,12:19:31.096,65.2000,99
44375426781702,12:19:35.426,65.2200,100
44375426781702,12:19:35.426,65.2200,100
44375426781702,12:19:35.426,65.2200,70
44375426862275,12:19:35.426,65.2300,100
44375427726736,12:19:35.427,65.2300,100
44375428254452,12:19:35.428,65.2300,100
44379648084577,12:19:39.648,65.2750,100
44379648110410,12:19:39.648,65.2750,100
44379648128220,12:19:39.648,65.2750,100
44379648208549,12:19:39.648,65.2750,100
44379648287327,12:19:39.648,65.2750,100
44391220016415,12:19:51.220,65.2800,100
44391220047502,12:19:51.220,65.2800,100
44433164383261,12:20:33.164,65.2850,100
44433566175162,12:20:33.566,65.2850,100
44435023863616,12:20:35.023,65.2850,100
44435025340345,12:20:35.025,65.2850,100
44435065588560,12:20:35.065,65.2850,100
44436170244867,12:20:36.170,65.2850,100
44440101433898,12:20:40.101,65.2850,100
44440323309125,12:20:40.323,65.2700,100
44440323309125,12:20:40.323,65.2700,100
44443212539350,12:20:43.212,65.2700,47
44443212539350,12:20:43.212,65.2700,51
44446468571802,12:20:46.468,65.2700,100
44446557686398,12:20:46.557,65.2900,100
44453549764177,12:20:53.549,65.2850,200
44453549767667,12:20:53.549,65.2850,200
44453550463501,12:20:53.550,65.2900,200
44454044905943,12:20:54.044,65.2850,100
44459549122057,12:20:59.549,65.3000,30
44495661453987,12:21:35.661,65.3000,100
44497833683761,12:21:37.833,65.2900,100
44497833694291,12:21:37.833,65.2900,14
44497833694291,12:21:37.833,65.2900,86
44497833712975,12:21:37.833,65.2900,14
44499541984411,12:21:39.541,65.2750,100
44523029806492,12:22:03.029,65.2750,200
44523030258739,12:22:03.030,65.2750,100
44523030258739,12:22:03.030,65.2900,100
44523030285671,12:22:03.030,65.2900,100
44544832995426,12:22:24.832,65.3100,100
44544833012893,12:22:24.833,65.3100,100
44546150974500,12:22:26.150,65.3100,100
44547195133691,12:22:27.195,65.3400,72
44547195158973,12:22:27.195,65.3400,28
44547195769399,12:22:27.195,65.3350,100
44547196679779,12:22:27.196,65.3500,100
44547196759067,12:22:27.196,65.3500,17
44547196785599,12:22:27.196,65.3500,66
44547196817811,12:22:27.196,65.3500,17
44547197175848,12:22:27.197,65.3500,10
44564484039495,12:22:44.484,65.3500,8
44564484039495,12:22:44.484,65.3400,100
44564484039495,12:22:44.484,65.3400,91
44564484072526,12:22:44.484,65.3400,9
44564484139593,12:22:44.484,65.3300,45
44564484141149,12:22:44.484,65.3300,100
44605944629605,12:23:25.944,65.3150,200
44655006768110,12:24:15.006,65.3100,1
44667137602357,12:24:27.137,65.3100,1
44668150069353,12:24:28.150,65.2900,100
44668150069353,12:24:28.150,65.2900,100
44668150102780,12:24:28.150,65.2900,100
44668150102780,12:24:28.150,65.2900,150
44668150740763,12:24:28.150,65.2800,80
44668150904836,12:24:28.150,65.2800,20
44668150904836,12:24:28.150,65.2800,15
44668151112042,12:24:28.151,65.2800,5
44668151166883,12:24:28.151,65.2800,35
44689203979369,12:24:49.203,65.2600,10
44706716767311,12:25:06.716,65.2700,110
44706716777237,12:25:06.716,65.2700,150
44706716777953,12:25:06.716,65.2900,27
44706716789382,12:25:06.716,65.2900,55
44706717016755,12:25:06.717,65.2700,100
44706717023551,12:25:06.717,65.2700,100
44714449688847,12:25:14.449,65.2900,8
44714449713785,12:25:14.449,65.2900,92
44714449713785,12:25:14.449,65.2900,100
44714450209409,12:25:14.450,65.2800,100
44718178818365,12:25:18.178,65.2700,2
44718179389337,12:25:18.179,65.2500,5
44718179389337,12:25:18.179,65.2500,200
44718179389337,12:25:18.179,65.2500,145
44718179431346,12:25:18.179,65.2400,5
44718179625382,12:25:18.179,65.2300,93
44718179631301,12:25:18.179,65.2300,7
44718179631301,12:25:18.179,65.2300,86
44718179657388,12:25:18.179,65.2300,5
44718179663495,12:25:18.179,65.2300,425
44755308640371,12:25:55.308,65.2500,5
44761419120953,12:26:01.419,65.2600,100
44761419156109,12:26:01.419,65.2600,10
44761419156109,12:26:01.419,65.2600,90
44761419206341,12:26:01.419,65.2600,10
44761419471847,12:26:01.419,65.2800,100
44761421393383,12:26:01.421,65.2600,13
44765433972873,12:26:05.433,65.2900,100
44770895251040,12:26:10.895,65.3200,2
44785021712254,12:26:25.021,65.3200,100
44785109700539,12:26:25.109,65.3300,100
44785121553223,12:26:25.121,65.3300,100
44785121553223,12:26:25.121,65.3300,100
44785183687362,12:26:25.183,65.3300,100
44785184498426,12:26:25.184,65.3200,100
44828678791456,12:27:08.678,65.3400,100
44828678791456,12:27:08.678,65.3400,100
44828682255364,12:27:08.682,65.3200,84
44840777299217,12:27:20.777,65.3500,1
44840895343522,12:27:20.895,65.3500,2
44854808374666,12:27:34.808,65.3400,100
44854808415139,12:27:34.808,65.3400,108
44854808444132,12:27:34.808,65.3400,92
44854808444132,12:27:34.808,65.3400,200
44854808444132,12:27:34.808,65.3400,100
44854808445127,12:27:34.808,65.3400,49
44870470711640,12:27:50.470,65.3300,100
44870471621289,12:27:50.471,65.3300,100
44871232574459,12:27:51.232,65.3100,16
44875269284489,12:27:55.269,65.2700,100
44875269284489,12:27:55.269,65.2600,100
44875269284489,12:27:55.269,65.2600,33
44875269335234,12:27:55.269,65.2600,100
44875269405149,12:27:55.269,65.2500,10
44875730684724,12:27:55.730,65.2400,10
44876032997838,12:27:56.032,65.2300,4
44876033025524,12:27:56.033,65.2300,2
44876033052350,12:27:56.033,65.2300,2
44876033345176,12:27:56.033,65.2300,2
44876033910128,12:27:56.033,65.2500,80
44876034217028,12:27:56.034,65.2300,32
44876034246845,12:27:56.034,65.2300,48
44876034246845,12:27:56.034,65.2300,10
44876034246845,12:27:56.034,65.2300,10
44901193136619,12:28:21.193,65.2700,100
44916776126055,12:28:36.776,65.2700,1
44952944473081,12:29:12.944,65.2900,8
44952944475969,12:29:12.944,65.2900,92
44952944475969,12:29:12.944,65.2900,8
44952944706700,12:29:12.944,65.2900,92
44952945395928,12:29:12.945,65.2900,200
44953894924118,12:29:13.894,65.2900,2
44985615399500,12:29:45.615,65.3200,54
44988847899750,12:29:48.847,65.3200,100
44999775935077,12:29:59.775,65.3300,1
45003189054662,12:30:03.189,65.3300,100
45003193688330,12:30:03.193,65.3200,2
45003194241583,12:30:03.194,65.3100,100
45060440146410,12:31:00.440,65.3700,100
45074909382546,12:31:14.909,65.4000,100
45074909382546,12:31:14.909,65.4000,100
45074910308566,12:31:14.910,65.4000,200
45074911002369,12:31:14.911,65.4000,6
45075893876348,12:31:15.893,65.4000,2
45081775742095,12:31:21.775,65.4000,1
45081775744277,12:31:21.775,65.4100,100
45081776247373,12:31:21.776,65.4000,100
45081780939260,12:31:21.780,65.4000,100
45081780939260,12:31:21.780,65.4000,100
45082189614698,12:31:22.189,65.3900,100
45082189639368,12:31:22.189,65.3900,100
45082189639368,12:31:22.189,65.3900,12
45088482262816,12:31:28.482,65.4000,100
45088490029332,12:31:28.490,65.4000,100
45090397789863,12:31:30.397,65.4000,100
45103353967859,12:31:43.353,65.4000,24
45108552404352,12:31:48.552,65.4000,76
45135895574151,12:32:15.895,65.4000,2
45135895597689,12:32:15.895,65.3800,2
45135895597689,12:32:15.895,65.3800,2
45135895597689,12:32:15.895,65.3800,49
45135895600282,12:32:15.895,65.3800,51
45135895600282,12:32:15.895,65.3800,1
45135895606766,12:32:15.895,65.3800,51
45135895609366,12:32:15.895,65.3800,48
45135895609366,12:32:15.895,65.3800,100
45188495274778,12:33:08.495,65.3800,60
45188495304713,12:33:08.495,65.3800,40
45188495304713,12:33:08.495,65.3800,100
45188495304713,12:33:08.495,65.3800,100
45188525775521,12:33:08.525,65.4000,100
45197895747418,12:33:17.895,65.4000,1
45197895747418,12:33:17.895,65.4000,96
45197895800611,12:33:17.895,65.4000,4
45197896294666,12:33:17.896,65.4000,100
45197898091340,12:33:17.898,65.4100,200
45197898091340,12:33:17.898,65.4100,100
45197898091340,12:33:17.898,65.4000,100
45197898091340,12:33:17.898,65.4000,100
45212398356996,12:33:32.398,65.3900,100
45212398356996,12:33:32.398,65.3900,10
45212398356996,12:33:32.398,65.3900,90
45212398381082,12:33:32.398,65.3900,10
45215715110423,12:33:35.715,65.3900,2
45215716764923,12:33:35.716,65.3900,98
45244606682564,12:34:04.606,65.4000,100
45244606682564,12:34:04.606,65.4000,5
45244606682564,12:34:04.606,65.4000,32
45257966709144,12:34:17.966,65.3700,2
45280647887726,12:34:40.647,65.3900,100
45318895151860,12:35:18.895,65.3600,2
45327274087243,12:35:27.274,65.3600,1
45327274087243,12:35:27.274,65.3600,100
45341556899423,12:35:41.556,65.3400,40
45341556925462,12:35:41.556,65.3400,60
45341556925462,12:35:41.556,65.3400,100
45372203464127,12:36:12.203,65.3100,2
45372203489248,12:36:12.203,65.3100,3
45372203489248,12:36:12.203,65.3100,1
45372203489248,12:36:12.203,65.3100,9
45380892553213,12:36:20.892,65.3200,2
45403720312716,12:36:43.720,65.2900,100
45411060349161,12:36:51.060,65.3100,1
45415822711868,12:36:55.822,65.3100,5
45434411139507,12:37:14.411,65.3500,100
45440938088565,12:37:20.938,65.3700,1
45468963064851,12:37:48.963,65.3900,100
45469744040166,12:37:49.744,65.4000,100
45471208029079,12:37:51.208,65.4000,1
45471208029079,12:37:51.208,65.4000,100
45476212242282,12:37:56.212,65.3900,100
45476212267801,12:37:56.212,65.3900,100
45476212270319,12:37:56.212,65.3900,100
45550063440418,12:39:10.063,65.3500,8
45550063440418,12:39:10.063,65.3500,1
45550063440418,12:39:10.063,65.3500,79
45550063464091,12:39:10.063,65.3500,21
45550073604242,12:39:10.073,65.3300,300
45550073604242,12:39:10.073,65.3300,100
45555219444184,12:39:15.219,65.3400,100
45555380114207,12:39:15.380,65.3300,100
45555380114207,12:39:15.380,65.3300,100
45559070102357,12:39:19.070,65.3100,95
45559070126965,12:39:19.070,65.3100,105
45559070126965,12:39:19.070,65.3100,1
45572614613499,12:39:32.614,65.3000,100
45572614613499,12:39:32.614,65.2900,5
45598139785080,12:39:58.139,65.3300,100
45607767967417,12:40:07.767,65.3400,100
45607768202118,12:40:07.768,65.3400,100
45607768678650,12:40:07.768,65.3400,76
45618222460899,12:40:18.222,65.3400,24
45618222460899,12:40:18.222,65.3400,76
45621019458027,12:40:21.019,65.3400,24
45621019458027,12:40:21.019,65.3400,76
45626552638795,12:40:26.552,65.3400,24
45626552638795,12:40:26.552,65.3400,76
45632400609798,12:40:32.400,65.3400,24
45632400609798,12:40:32.400,65.3400,76
45638889607179,12:40:38.889,65.3400,24
45638889607179,12:40:38.889,65.3400,76
45638889669941,12:40:38.889,65.3400,24
45638889669941,12:40:38.889,65.3400,76
45638889689258,12:40:38.889,65.3400,24
45638889976160,12:40:38.889,65.3400,76
45638889976160,12:40:38.889,65.3400,24
45638890750178,12:40:38.890,65.3400,76
45638890750178,12:40:38.890,65.3400,100
45638890827877,12:40:38.890,65.3400,176
45638890855672,12:40:38.890,65.3400,100
45638890864547,12:40:38.890,65.3400,200
45638891436124,12:40:38.891,65.3400,24
45638892184767,12:40:38.892,65.3400,76
45638892184767,12:40:38.892,65.3400,100
45638892184767,12:40:38.892,65.3400,100
45638892184767,12:40:38.892,65.3400,100
45638892184767,12:40:38.892,65.3400,24
45638892849459,12:40:38.892,65.3300,2
45638892849459,12:40:38.892,65.3300,100
45638892849459,12:40:38.892,65.3300,100
45638892849459,12:40:38.892,65.3300,98
45638892877484,12:40:38.892,65.3300,2
45640274798922,12:40:40.274,65.3100,1
45640274798922,12:40:40.274,65.3100,10
45650278603855,12:40:50.278,65.3100,100
45684900024742,12:41:24.900,65.3200,2
45736786996486,12:42:16.786,65.3200,1
45745894201888,12:42:25.894,65.3200,2
45777958470897,12:42:57.958,65.3400,100
45786543176590,12:43:06.543,65.3400,100
45807905667627,12:43:27.905,65.3300,2
45817711106654,12:43:37.711,65.3400,100
45827051227055,12:43:47.051,65.3300,1
45827051227055,12:43:47.051,65.3300,100
45843964273311,12:44:03.964,65.3200,100
45843964273311,12:44:03.964,65.3200,11
45843964536907,12:44:03.964,65.3200,89
45843964536907,12:44:03.964,65.3200,2
45843964536907,12:44:03.964,65.3200,10
45844429571421,12:44:04.429,65.3200,40
45844429582157,12:44:04.429,65.3200,60
45919235199336,12:45:19.235,65.3200,100
45967642444940,12:46:07.642,65.2900,100
45967642444940,12:46:07.642,65.2900,11
45967642669034,12:46:07.642,65.2800,100
45967643637214,12:46:07.643,65.2800,10
45967645707461,12:46:07.645,65.2800,1
45979323585869,12:46:19.323,65.2800,5
45985351664841,12:46:25.351,65.2700,99
45985351750699,12:46:25.351,65.2700,1
46016685295357,12:46:56.685,65.2800,100
46016685301555,12:46:56.685,65.2800,100
46016685558554,12:46:56.685,65.2900,100
46053011503959,12:47:33.011,65.3200,2
46055871675453,12:47:35.871,65.3200,100
46055871907377,12:47:35.871,65.3200,100
46109750064953,12:48:29.750,65.3000,2
46147908209273,12:49:07.908,65.3100,1
46147908964859,12:49:07.908,65.3000,1
46147908964859,12:49:07.908,65.3000,1
46147908964859,12:49:07.908,65.3000,1
46147908964859,12:49:07.908,65.3000,2
46148681156326,12:49:08.681,65.2900,100
46185388166333,12:49:45.388,65.3000,5
46199885035683,12:49:59.885,65.2900,172
46199885035683,12:49:59.885,65.2900,28
46199885064769,12:49:59.885,65.2900,72
46199885064769,12:49:59.885,65.2900,100
46199891821435,12:49:59.891,65.2800,10
46200680785350,12:50:00.680,65.2700,2
46200680785350,12:50:00.680,65.2700,98
46200680852524,12:50:00.680,65.2700,2
46202324300447,12:50:02.324,65.2700,100
46208356843900,12:50:08.356,65.2800,100
46214516437094,12:50:14.516,65.2900,2
46214516463491,12:50:14.516,65.2900,98
46214516463491,12:50:14.516,65.2900,100
46283921228020,12:51:23.921,65.2800,100
46283921259746,12:51:23.921,65.2800,100
46284800515295,12:51:24.800,65.2600,100
46284800580370,12:51:24.800,65.2600,13
46284801793147,12:51:24.801,65.2500,10
46284801793147,12:51:24.801,65.2500,100
46328941973941,12:52:08.941,65.2700,100
46328941973941,12:52:08.941,65.2700,100
46328941981623,12:52:08.941,65.2700,100
46341349707638,12:52:21.349,65.2500,1
46341451794757,12:52:21.451,65.2500,100
46350364189615,12:52:30.364,65.2600,2
46350366743599,12:52:30.366,65.2500,100
46350681508119,12:52:30.681,65.2400,10
46350681508119,12:52:30.681,65.2400,101
46350681508119,12:52:30.681,65.2400,8
46350681508119,12:52:30.681,65.2400,81
46350681536459,12:52:30.681,65.2400,52
46350681536459,12:52:30.681,65.2400,100
46350682114003,12:52:30.682,65.2300,5
46350682114003,12:52:30.682,65.2300,26
46351994176592,12:52:31.994,65.2300,100
46351994176592,12:52:31.994,65.2300,5
46351994189386,12:52:31.994,65.2300,95
46368839630087,12:52:48.839,65.2400,100
46368839649317,12:52:48.839,65.2400,2
46369604648954,12:52:49.604,65.2400,98
46369604648954,12:52:49.604,65.2400,100
46369604648954,12:52:49.604,65.2400,100
46369604648954,12:52:49.604,65.2400,100
46369604648954,12:52:49.604,65.2400,100
46369604648954,12:52:49.604,65.2400,100
46369604648954,12:52:49.604,65.2400,47
46369604684431,12:52:49.604,65.2400,53
46370022278405,12:52:50.022,65.2300,38
46403548000710,12:53:23.548,65.2400,100
46410324061636,12:53:30.324,65.2400,2
46412313970894,12:53:32.313,65.2300,13
46412314096956,12:53:32.314,65.2300,32
46437232659356,12:53:57.232,65.2500,100
46454322623367,12:54:14.322,65.2300,100
46454322651420,12:54:14.322,65.2300,14
46459978553521,12:54:19.978,65.2300,5
46459978553521,12:54:19.978,65.2500,95
46459978583775,12:54:19.978,65.2500,5
46505816728091,12:55:05.816,65.2600,100
46505816981319,12:55:05.816,65.2600,12
46505817006042,12:55:05.817,65.2600,88
46505817006042,12:55:05.817,65.2600,100
46505817006042,12:55:05.817,65.2600,100
46505817752974,12:55:05.817,65.2600,12
46505818199763,12:55:05.818,65.2600,88
46507118796860,12:55:07.118,65.2600,98
46507809283333,12:55:07.809,65.2700,100
46531570509568,12:55:31.570,65.2200,5
46534391738625,12:55:34.391,65.2100,100
46534391762785,12:55:34.391,65.2100,100
46537924531396,12:55:37.924,65.1900,2
46537924531396,12:55:37.924,65.1900,98
46537924538755,12:55:37.924,65.1900,2
46537924773927,12:55:37.924,65.1800,2
46569254290917,12:56:09.254,65.2000,88
46569254292753,12:56:09.254,65.2000,2
46569254360781,12:56:09.254,65.2000,10
46569254433095,12:56:09.254,65.2000,12
46569254637933,12:56:09.254,65.2000,12
46589620993467,12:56:29.620,65.2000,2
46602754683246,12:56:42.754,65.2100,2
46602756108394,12:56:42.756,65.2100,90
46604620161263,12:56:44.620,65.2100,100
46604620257247,12:56:44.620,65.2100,8
46604620257247,12:56:44.620,65.2100,100
46604620257247,12:56:44.620,65.2100,37
46604620300601,12:56:44.620,65.2100,63
46605677815166,12:56:45.677,65.2100,98
46605677842213,12:56:45.677,65.2100,2
46605677842213,12:56:45.677,65.2100,15
46605678820297,12:56:45.678,65.2000,100
46606776571202,12:56:46.776,65.1800,2
46620005650845,12:57:00.005,65.1900,100
46628796536425,12:57:08.796,65.2300,100
46656780346340,12:57:36.780,65.2200,2
46656782201164,12:57:36.782,65.2100,100
46656782201164,12:57:36.782,65.2100,100
46656782348627,12:57:36.782,65.2100,5
46704471838946,12:58:24.471,65.1900,2
46704471838946,12:58:24.471,65.1900,1
46704471838946,12:58:24.471,65.1900,15
46739441101359,12:58:59.441,65.2200,100
46753037349780,12:59:13.037,65.2400,100
46753037349780,12:59:13.037,65.2400,43
46778020076319,12:59:38.020,65.2200,2
46808040928150,13:00:08.040,65.2300,1
46808041467654,13:00:08.041,65.2200,1
46808041493013,13:00:08.041,65.2200,99
46808041493013,13:00:08.041,65.2200,200
46808041724276,13:00:08.041,65.2100,15
46809880908692,13:00:09.880,65.2100,100
46809880908692,13:00:09.880,65.2100,1
46809880938741,13:00:09.880,65.2100,99
46834901643883,13:00:34.901,65.1900,100
46834902019639,13:00:34.902,65.1800,100
46840966539551,13:00:40.966,65.1700,100
46875681587672,13:01:15.681,65.1800,1
46875681587672,13:01:15.681,65.1800,63
46875681614227,13:01:15.681,65.1800,37
46875681970426,13:01:15.681,65.1800,100
46892853054189,13:01:32.853,65.1800,5
46892853054189,13:01:32.853,65.1900,95
46892853285845,13:01:32.853,65.1900,5
46892853285845,13:01:32.853,65.1900,91
46892853297057,13:01:32.853,65.1900,9
46892853297057,13:01:32.853,65.1900,100
46892853297057,13:01:32.853,65.1900,11
46892853304369,13:01:32.853,65.1900,47
46892853310926,13:01:32.853,65.1900,42
46915014772061,13:01:55.014,65.1800,1
46915014772061,13:01:55.014,65.1800,17
46915014803670,13:01:55.014,65.1700,74
46915014809213,13:01:55.014,65.1700,43
46915014911298,13:01:55.014,65.1700,4
46927772093478,13:02:07.772,65.1900,100
46951008011697,13:02:31.008,65.2000,2
46982400705382,13:03:02.400,65.1900,96
46982400707423,13:03:02.400,65.1900,4
46982400759259,13:03:02.400,65.2000,4
46982403579411,13:03:02.403,65.2000,30
46982405760835,13:03:02.405,65.2000,30
46985376681277,13:03:05.376,65.2000,35
46985381612030,13:03:05.381,65.2000,1
46985381612030,13:03:05.381,65.2000,99
46985425747521,13:03:05.425,65.2000,1
46985425747521,13:03:05.425,65.2000,99
47014669187095,13:03:34.669,65.2000,2
47014669187095,13:03:34.669,65.2000,100
47014669187095,13:03:34.669,65.2000,98
47014669508775,13:03:34.669,65.2000,2
47032973683750,13:03:52.973,65.1900,1
47032973683750,13:03:52.973,65.1900,1
47032973683750,13:03:52.973,65.1900,1
47032973683750,13:03:52.973,65.1900,16
47032973683750,13:03:52.973,65.1900,73
47032973687518,13:03:52.973,65.1900,27
47033681466358,13:03:53.681,65.1800,93
47033681466358,13:03:53.681,65.1800,7
47033681493028,13:03:53.681,65.1800,93
47075031806723,13:04:35.031,65.1700,2
47107122997357,13:05:07.122,65.1800,96
47107123003885,13:05:07.123,65.1800,4
47107123003885,13:05:07.123,65.1800,83
47107123003885,13:05:07.123,65.1800,100
47107123003885,13:05:07.123,65.1800,100
47107123032848,13:05:07.123,65.1800,200
47107679976438,13:05:07.679,65.2000,100
47129037142924,13:05:29.037,65.2000,2
47130807162234,13:05:30.807,65.2000,1
47131327867236,13:05:31.327,65.1900,100
47131327905159,13:05:31.327,65.1900,100
47131485937498,13:05:31.485,65.1800,2
47131959936625,13:05:31.959,65.1700,100
47132616306740,13:05:32.616,65.1800,100
47195241924222,13:06:35.241,65.1900,22
47195241949626,13:06:35.241,65.1900,78
47195261173879,13:06:35.261,65.2000,100
47206097515847,13:06:46.097,65.2000,2
47206097515847,13:06:46.097,65.2000,96
47206097542167,13:06:46.097,65.2000,4
47206097542167,13:06:46.097,65.2000,41
47206099451903,13:06:46.099,65.1900,1
47206099451903,13:06:46.099,65.1900,1
47248013929485,13:07:28.013,65.1900,2
47285355288321,13:08:05.355,65.1800,100
47285355288321,13:08:05.355,65.1800,100
47285355288321,13:08:05.355,65.1800,35
47285355305098,13:08:05.355,65.1800,100
47285356447572,13:08:05.356,65.1700,100
47285356472472,13:08:05.356,65.1700,1
47285356472472,13:08:05.356,65.1700,14
47285356472472,13:08:05.356,65.1700,1
47295358391526,13:08:15.358,65.1700,100
47341422732128,13:09:01.422,65.2000,23
47341423213688,13:09:01.423,65.2000,77
47341423213688,13:09:01.423,65.2000,88
47341423219650,13:09:01.423,65.2000,12
47341423219650,13:09:01.423,65.2000,100
47341424977958,13:09:01.424,65.1900,100
47341424977958,13:09:01.424,65.1900,100
47371228091909,13:09:31.228,65.1900,2
47371232062985,13:09:31.232,65.1900,1
47376781937445,13:09:36.781,65.1800,2
47376784670042,13:09:36.784,65.1700,100
47376784670042,13:09:36.784,65.1700,100
47376784670042,13:09:36.784,65.1700,100
47376784670042,13:09:36.784,65.1700,1
47397714669908,13:09:57.714,65.1500,1
47397714669908,13:09:57.714,65.1500,9
47406628751518,13:10:06.628,65.1400,10
47406778883157,13:10:06.778,65.1500,40
47410234971268,13:10:10.234,65.1300,100
47410234971268,13:10:10.234,65.1300,16
47410234971268,13:10:10.234,65.1300,115
47410740804404,13:10:10.740,65.1200,100
47412398726008,13:10:12.398,65.1100,5
47412398726008,13:10:12.398,65.1100,100
47412398726008,13:10:12.398,65.1100,100
47412398726008,13:10:12.398,65.1100,100
47415557569243,13:10:15.557,65.1200,70
47415558052939,13:10:15.558,65.1300,100
47444778431671,13:10:44.778,65.1300,100
47444779004571,13:10:44.779,65.1200,1
47445185469714,13:10:45.185,65.1200,100
47445185495328,13:10:45.185,65.1200,64
47448676110231,13:10:48.676,65.1200,100
47448676110231,13:10:48.676,65.1200,100
47448676110231,13:10:48.676,65.1200,100
47448676763842,13:10:48.676,65.1200,100
47462287479078,13:11:02.287,65.1300,100
47462287479078,13:11:02.287,65.1300,100
47462287479078,13:11:02.287,65.1300,100
47462287892598,13:11:02.287,65.1300,100
47462290338537,13:11:02.290,65.1300,59
47462290338537,13:11:02.290,65.1300,41
47462290390334,13:11:02.290,65.1300,100
47462290405137,13:11:02.290,65.1300,59
47488015376111,13:11:28.015,65.1300,2
47488015476249,13:11:28.015,65.1100,1
47488015476249,13:11:28.015,65.1100,31
47488016820155,13:11:28.016,65.1100,14
47489247998701,13:11:29.247,65.1000,100
47496779878886,13:11:36.779,65.0900,2
47496781942543,13:11:36.781,65.0800,1
47496781942543,13:11:36.781,65.0800,100
47550281607089,13:12:30.281,65.0900,1
47550281607089,13:12:30.281,65.0900,2
47582837029222,13:13:02.837,65.0700,5
47582837029222,13:13:02.837,65.0700,100
47582837029222,13:13:02.837,65.0700,24
47582837040866,13:13:02.837,65.0700,65
47582837064855,13:13:02.837,65.0600,1
47582837064855,13:13:02.837,65.0600,8
47582837240941,13:13:02.837,65.0600,5
47582837361802,13:13:02.837,65.0600,87
47583681684065,13:13:03.681,65.0500,5
47584680550984,13:13:04.680,65.0400,2
47584680550984,13:13:04.680,65.0400,98
47588782512406,13:13:08.782,65.0400,98
47588782584662,13:13:08.782,65.0400,4
47588814121394,13:13:08.814,65.0300,5
47591172278252,13:13:11.172,65.0200,5
47591172278252,13:13:11.172,65.0200,93
47591172442493,13:13:11.172,65.0200,7
47643918637292,13:14:03.918,65.0400,100
47643918637292,13:14:03.918,65.0400,44
47643918643536,13:14:03.918,65.0400,56
47652371364528,13:14:12.371,65.0300,100
47652371391545,13:14:12.371,65.0300,100
47652371391545,13:14:12.371,65.0300,16
47654463482354,13:14:14.463,65.0200,8
47668148478335,13:14:28.148,65.0000,2
47668148478335,13:14:28.148,65.0000,30
47704939152419,13:15:04.939,64.9900,1
47710213690606,13:15:10.213,65.0000,100
47715995357566,13:15:15.995,65.0200,100
47715996576015,13:15:15.996,65.0200,100
47715996828993,13:15:15.996,65.0300,100
47716961976827,13:15:16.961,65.0200,46
47716961981071,13:15:16.961,65.0200,46
47716962436834,13:15:16.962,65.0200,8
47719536853678,13:15:19.536,65.0300,2
47719536853678,13:15:19.536,65.0300,100
47719536948885,13:15:19.536,65.0300,18
47768897874564,13:16:08.897,65.0300,100
47768897874564,13:16:08.897,65.0300,19
47768897874564,13:16:08.897,65.0300,22
47768897884169,13:16:08.897,65.0300,281
47768897900671,13:16:08.897,65.0300,97
47768898625133,13:16:08.898,65.0200,2
47768898625133,13:16:08.898,65.0200,198
47768898629857,13:16:08.898,65.0200,82
47770423593425,13:16:10.423,65.0200,5
47855748427844,13:17:35.748,65.0500,139
47855748427844,13:17:35.748,65.0600,100
47855748427844,13:17:35.748,65.0600,100
47855748427844,13:17:35.748,65.0600,61
47855748463172,13:17:35.748,65.0600,39
47855748463172,13:17:35.748,65.0600,100
47855836345254,13:17:35.836,65.0600,100
47855849659659,13:17:35.849,65.0700,100
47855849659659,13:17:35.849,65.0800,100
47857011640895,13:17:37.011,65.0800,2
47857375870127,13:17:37.375,65.0600,1
47923328584452,13:18:43.328,65.1000,100
47923328613184,13:18:43.328,65.1100,88
47923328619095,13:18:43.328,65.1100,12
47923330482977,13:18:43.330,65.1000,4
47924013811135,13:18:44.013,65.1200,2
47924013950528,13:18:44.013,65.1300,50
47950141631406,13:19:10.141,65.1400,1
47989789280451,13:19:49.789,65.1200,1
47989789280451,13:19:49.789,65.1200,2
47989789292172,13:19:49.789,65.1100,100
47989789299501,13:19:49.789,65.1100,100
47989789299501,13:19:49.789,65.1100,100
47989789299501,13:19:49.789,65.1100,42
47989789308259,13:19:49.789,65.1100,58
47992152899636,13:19:52.152,65.1000,16
47993108835268,13:19:53.108,65.0900,100
47993277018605,13:19:53.277,65.0800,100
47993277043752,13:19:53.277,65.0800,100
47993277043752,13:19:53.277,65.0800,100
47993277043752,13:19:53.277,65.0800,100
47994276788480,13:19:54.276,65.0500,2
47994276788480,13:19:54.276,65.0500,98
47994276813169,13:19:54.276,65.0500,2
47994276813169,13:19:54.276,65.0500,127
47994277428447,13:19:54.277,65.0500,100
48028010847963,13:20:28.010,65.0600,2
48028333500772,13:20:28.333,65.0300,5
48028333500772,13:20:28.333,65.0300,100
48028333500772,13:20:28.333,65.0300,17
48028333500772,13:20:28.333,65.0300,21
48028835194303,13:20:28.835,65.0300,100
48028835218803,13:20:28.835,65.0300,100
48029277449795,13:20:29.277,65.0100,10
48029278256446,13:20:29.278,65.0000,5
48029355213405,13:20:29.355,64.9800,10
48029355809597,13:20:29.355,64.9700,5
48031800667316,13:20:31.800,64.9900,100
48031800667316,13:20:31.800,64.9900,100
48045850590189,13:20:45.850,64.9800,1
48078985306919,13:21:18.985,64.9800,2
48078985306919,13:21:18.985,64.9800,1
48079014005088,13:21:19.014,64.9900,10
48079277481074,13:21:19.277,64.9600,10
48093444860761,13:21:33.444,64.9900,100
48097147458496,13:21:37.147,64.9900,100
48142685560904,13:22:22.685,64.9800,100
48142685564616,13:22:22.685,64.9800,17
48180524252533,13:23:00.524,64.9600,124
48180525985490,13:23:00.525,64.9500,5
48195329780671,13:23:15.329,64.9400,100
48196823663945,13:23:16.823,64.9100,85
48196823692351,13:23:16.823,64.9100,15
48196855330229,13:23:16.855,64.9100,1
48196855372400,13:23:16.855,64.9100,13
48196856841983,13:23:16.856,64.9300,100
48198036710259,13:23:18.036,64.9400,100
48207546399627,13:23:27.546,64.9300,100
48207546628392,13:23:27.546,64.9200,100
48207551207043,13:23:27.551,64.9000,2
48207551207043,13:23:27.551,64.9000,98
48207551232899,13:23:27.551,64.9000,102
48207552876598,13:23:27.552,64.8900,10
48207552876598,13:23:27.552,64.8900,21
48207754743217,13:23:27.754,64.9000,100
48207754743217,13:23:27.754,64.9000,100
48207755390126,13:23:27.755,64.9000,200
48211145806135,13:23:31.145,64.9200,29
48211146822194,13:23:31.146,64.9300,100
48211155656501,13:23:31.155,64.9400,5
48213633986666,13:23:33.633,64.9300,100
48213634012392,13:23:33.634,64.9300,36
48258288194158,13:24:18.288,64.9600,100
48258288194158,13:24:18.288,64.9600,1
48258288194158,13:24:18.288,64.9600,42
48258288207535,13:24:18.288,64.9600,58
48258288211085,13:24:18.288,64.9600,47
48258288229054,13:24:18.288,64.9600,53
48258288229054,13:24:18.288,64.9600,1
48258288368089,13:24:18.288,64.9600,99
48275021758259,13:24:35.021,64.9900,2
48291848872943,13:24:51.848,64.9900,1
48311267762237,13:25:11.267,65.0200,100
48311268108695,13:25:11.268,65.0300,100
48328009952522,13:25:28.009,65.0300,2
48360796059945,13:26:00.796,65.0300,1
48360963170795,13:26:00.963,65.0300,100
48388078220072,13:26:28.078,65.0300,2
48391753615102,13:26:31.753,65.0300,100
48395428985687,13:26:35.428,65.0400,8
48434495267149,13:27:14.495,65.0400,92
48436584866870,13:27:16.584,65.0400,1
48436584866870,13:27:16.584,65.0400,2
48436584866870,13:27:16.584,65.0400,1
48436584866870,13:27:16.584,65.0400,3
48436584866870,13:27:16.584,65.0400,1
48436584866870,13:27:16.584,65.0400,1
48436586460771,13:27:16.586,65.0500,1
48508008972604,13:28:28.008,65.0400,2
48524777853223,13:28:44.777,65.0400,1
48576780061210,13:29:36.780,65.0200,98
48576780087200,13:29:36.780,65.0200,2
48576780087200,13:29:36.780,65.0200,100
48576780087200,13:29:36.780,65.0200,100
48576780087200,13:29:36.780,65.0200,150
48576780746890,13:29:36.780,65.0100,17
48577277580611,13:29:37.277,64.9900,100
48577277604423,13:29:37.277,64.9900,100
48614129971474,13:30:14.129,65.0200,100
48614129971474,13:30:14.129,65.0200,28
48614130586295,13:30:14.130,65.0200,6
48617774543159,13:30:17.774,65.0200,100
48617774674062,13:30:17.774,65.0200,100
48617774676558,13:30:17.774,65.0200,100
48617775470270,13:30:17.775,65.0200,100
48630418936956,13:30:30.418,65.0200,100
48630418936956,13:30:30.418,65.0200,100
48630419935477,13:30:30.419,65.0100,19
48644078149145,13:30:44.078,65.0100,100
48647233025165,13:30:47.233,64.9900,100
48647233467904,13:30:47.233,64.9800,100
48647233467904,13:30:47.233,64.9800,32
48647234602825,13:30:47.234,64.9800,1
48667759912871,13:31:07.759,65.0200,1
48678157826332,13:31:18.157,65.0200,100
48681386907644,13:31:21.386,65.0200,29
48681386907644,13:31:21.386,65.0200,71
48681386933686,13:31:21.386,65.0200,29
48703011366146,13:31:43.011,65.0100,1
48720580360913,13:32:00.580,65.0100,100
48797467895314,13:33:17.467,65.0300,78
48797467904706,13:33:17.467,65.0300,22
48994375653392,13:36:34.375,65.0400,5
48994375653392,13:36:34.375,65.0500,41
48994377590307,13:36:34.377,65.0500,59
48994377590307,13:36:34.377,65.0500,100
48996665190502,13:36:36.665,65.0400,100
48996665190502,13:36:36.665,65.0400,100
48996665577870,13:36:36.665,65.0300,100
48996665759806,13:36:36.665,65.0300,100
48996666015125,13:36:36.666,65.0200,1
48996666015125,13:36:36.666,65.0200,1
48996666015125,13:36:36.666,65.0200,1
48996666015125,13:36:36.666,65.0200,100
48996666015125,13:36:36.666,65.0200,97
48996715893919,13:36:36.715,65.0200,99
48996715917662,13:36:36.715,65.0200,1
48996715917662,13:36:36.715,65.0200,100
49039286795461,13:37:19.286,65.0000,17
49039286795461,13:37:19.286,65.0000,103
49039286795461,13:37:19.286,65.0000,19
49039287026484,13:37:19.287,64.9900,100
49039287026484,13:37:19.287,64.9900,39
49039287050636,13:37:19.287,64.9900,49
49039287060120,13:37:19.287,64.9900,12
49039287466144,13:37:19.287,64.9900,2
49053598550723,13:37:33.598,64.9700,5
49116207632786,13:38:36.207,65.0000,100
49176780050996,13:39:36.780,64.9600,10
49176780050996,13:39:36.780,64.9600,18
49176780050996,13:39:36.780,64.9600,65
49176780050996,13:39:36.780,64.9600,1
49176780050996,13:39:36.780,64.9600,7
49176780050996,13:39:36.780,64.9600,98
49176780104087,13:39:36.780,64.9600,2
49176780104087,13:39:36.780,64.9600,100
49176780104087,13:39:36.780,64.9600,100
49177286826056,13:39:37.286,64.9500,100
49177286826056,13:39:37.286,64.9500,100
49177286852291,13:39:37.286,64.9500,100
49186505203072,13:39:46.505,64.9500,39
49204332765921,13:40:04.332,64.9700,88
49204332791587,13:40:04.332,64.9700,12
49204332791587,13:40:04.332,64.9700,100
49204332795093,13:40:04.332,64.9700,112
49204332850112,13:40:04.332,64.9700,88
49204332850112,13:40:04.332,64.9700,24
49204333376636,13:40:04.333,64.9700,76
49204333457298,13:40:04.333,64.9700,1
49204333479841,13:40:04.333,64.9700,99
49204333853007,13:40:04.333,64.9800,100
49232432191920,13:40:32.432,65.0200,60
49232434795317,13:40:32.434,65.0200,40
49325804087598,13:42:05.804,65.0100,76
49325804099801,13:42:05.804,65.0100,17
49325804099801,13:42:05.804,65.0100,20
49325804099801,13:42:05.804,65.0100,4
49325804168140,13:42:05.804,65.0100,96
49325804622244,13:42:05.804,65.0000,16
49351050032491,13:42:31.050,64.9900,50
49390682413335,13:43:10.682,65.0000,28
49410878888658,13:43:30.878,65.0000,72
49410878888658,13:43:30.878,65.0000,100
49410878888658,13:43:30.878,65.0000,28
49410878915798,13:43:30.878,65.0000,72
49410885186366,13:43:30.885,64.9900,100
49410885242761,13:43:30.885,64.9800,200
49411881581961,13:43:31.881,64.9900,62
49411881606924,13:43:31.881,64.9900,38
49451414095589,13:44:11.414,65.0000,100
49451414095589,13:44:11.414,65.0000,29
49451414100241,13:44:11.414,65.0000,44
49451414117687,13:44:11.414,65.0000,27
49522794082269,13:45:22.794,65.0000,5
49548374336974,13:45:48.374,65.0200,100
49548374560456,13:45:48.374,65.0200,89
49548374608503,13:45:48.374,65.0200,11
49548374608503,13:45:48.374,65.0200,100
49548374608503,13:45:48.374,65.0200,100
49548374608503,13:45:48.374,65.0200,100
49548374608503,13:45:48.374,65.0200,44
49548374614088,13:45:48.374,65.0200,49
49548374692407,13:45:48.374,65.0200,7
49572884668426,13:46:12.884,65.0500,100
49589702593169,13:46:29.702,65.0400,100
49589703120038,13:46:29.703,65.0400,2
49589703120038,13:46:29.703,65.0400,1
49589703120038,13:46:29.703,65.0400,1
49589703120038,13:46:29.703,65.0400,1
49589703122375,13:46:29.703,65.0400,5
49589703159752,13:46:29.703,65.0400,5
49589703229518,13:46:29.703,65.0400,95
49589703405770,13:46:29.703,65.0400,41
49697070550954,13:48:17.070,65.0900,48
49697070576569,13:48:17.070,65.0900,52
49697070650033,13:48:17.070,65.0900,41
49724580208043,13:48:44.580,65.0800,100
49724580844824,13:48:44.580,65.0800,100
49724582058025,13:48:44.582,65.0700,20
49744031750982,13:49:04.031,65.0600,100
49744031982571,13:49:04.031,65.0600,100
49744031982571,13:49:04.031,65.0600,100
49744032213195,13:49:04.032,65.0600,100
49744032213195,13:49:04.032,65.0600,11
49744032229910,13:49:04.032,65.0500,15
49771292367587,13:49:31.292,65.0600,100
49771292367587,13:49:31.292,65.0600,61
49774080231892,13:49:34.080,65.0600,100
49809508842866,13:50:09.508,65.0900,100
49809526785984,13:50:09.526,65.1100,100
49855835419404,13:50:55.835,65.1200,5
50010408352571,13:53:30.408,65.1500,100
50010410361666,13:53:30.410,65.1400,100
50010410361666,13:53:30.410,65.1400,100
50010410396413,13:53:30.410,65.1400,1
50010410396413,13:53:30.410,65.1400,2
50010410396413,13:53:30.410,65.1400,1
50010410396413,13:53:30.410,65.1400,9
50010410396413,13:53:30.410,65.1400,87
50010410449909,13:53:30.410,65.1400,13
50010410449909,13:53:30.410,65.1400,87
50010410478019,13:53:30.410,65.1400,13
50010410478019,13:53:30.410,65.1400,87
50010411359092,13:53:30.411,65.1500,200
50055288077703,13:54:15.288,65.2000,41
50055288108596,13:54:15.288,65.2000,59
50060054547268,13:54:20.054,65.1900,100
50060054547268,13:54:20.054,65.1900,6
50060054547268,13:54:20.054,65.1900,94
50129492384541,13:55:29.492,65.1700,11
50129492384541,13:55:29.492,65.1700,1
50129492384541,13:55:29.492,65.1700,1
50129492384541,13:55:29.492,65.1700,1
50144077062876,13:55:44.077,65.1700,76
50156097616092,13:55:56.097,65.1600,100
50172960357488,13:56:12.960,65.1600,5
50258096319048,13:57:38.096,65.1700,1
50258096319048,13:57:38.096,65.1700,1
50258096319048,13:57:38.096,65.1700,10
50258096319048,13:57:38.096,65.1700,1
50310987750287,13:58:30.987,65.1500,44
50310987751732,13:58:30.987,65.1500,44
50310987757953,13:58:30.987,65.1500,12
50310987757953,13:58:30.987,65.1500,11
50310987757953,13:58:30.987,65.1500,1
50331669683066,13:58:51.669,65.1400,100
50331669683066,13:58:51.669,65.1400,100
50331678641184,13:58:51.678,65.1300,100
50331678671526,13:58:51.678,65.1200,100
50331678694075,13:58:51.678,65.1200,62
50331678711844,13:58:51.678,65.1200,38
50331678711844,13:58:51.678,65.1200,100
50331679472506,13:58:51.679,65.1100,5
50331679472506,13:58:51.679,65.1100,5
50331679472506,13:58:51.679,65.1100,100
50331681206702,13:58:51.681,65.1100,10
50331681725667,13:58:51.681,65.1100,100
50331682186901,13:58:51.682,65.1100,15
50331682647087,13:58:51.682,65.1000,10
50331682647087,13:58:51.682,65.1000,15
50331685501496,13:58:51.685,65.1000,90
50331685526290,13:58:51.685,65.1000,10
50333997575784,13:58:53.997,65.1000,15
50333997575784,13:58:53.997,65.1000,6
50333998171552,13:58:53.998,65.0900,5
50333998171552,13:58:53.998,65.0900,5
50333999049964,13:58:53.999,65.0800,2
50335742928314,13:58:55.742,65.0700,10
50335742976282,13:58:55.742,65.0700,97
50402698295890,14:00:02.698,65.1800,48
50402698369987,14:00:02.698,65.1800,52
50402698369987,14:00:02.698,65.1800,3
50402701784854,14:00:02.701,65.1900,100
50402701784854,14:00:02.701,65.1700,45
50402702019620,14:00:02.702,65.1700,55
50402702019620,14:00:02.702,65.1700,45
50402722315694,14:00:02.722,65.1700,55
50402722375517,14:00:02.722,65.1600,100
50407780704714,14:00:07.780,65.3400,100
50407780833689,14:00:07.780,65.3400,100
50407780929879,14:00:07.780,65.3400,100
50407781015174,14:00:07.781,65.3400,100
50407781017112,14:00:07.781,65.3400,100
50407781077073,14:00:07.781,65.3400,100
50407781095354,14:00:07.781,65.3400,100
50407781174289,14:00:07.781,65.3400,100
50407781878571,14:00:07.781,65.3400,100
50407781925443,14:00:07.781,65.3400,100
50407782111134,14:00:07.782,65.3400,15
50407782454987,14:00:07.782,65.3400,85
50407782454987,14:00:07.782,65.3400,100
50407782454987,14:00:07.782,65.3400,34
50408567819734,14:00:08.567,65.3300,100
50423336589171,14:00:23.336,65.2600,100
50423336589171,14:00:23.336,65.2500,3
50423336590724,14:00:23.336,65.2500,97
50423336590724,14:00:23.336,65.2400,51
50423336592320,14:00:23.336,65.2400,41
50423336592966,14:00:23.336,65.2400,8
50423336592966,14:00:23.336,65.2400,37
50423336957042,14:00:23.336,65.2400,11
50423351805786,14:00:23.351,65.2400,100
50423355458616,14:00:23.355,65.2400,100
50423366196068,14:00:23.366,65.2300,100
50423366196068,14:00:23.366,65.2300,4
50423366433988,14:00:23.366,65.2300,59
50442702715259,14:00:42.702,65.2700,100
50447205977814,14:00:47.205,65.2700,2
50447206009142,14:00:47.206,65.2700,98
50447207017247,14:00:47.207,65.2600,100
50447492922024,14:00:47.492,65.2400,2
50448065340575,14:00:48.065,65.2700,4
50448875728774,14:00:48.875,65.3100,54
50448875742271,14:00:48.875,65.3100,7
50448875742271,14:00:48.875,65.3100,61
50451065971075,14:00:51.065,65.4000,61
50453229766323,14:00:53.229,65.3600,2
50537157033642,14:02:17.157,65.3000,2
