timestamp,time,price,volume
34200744784022,09:30:00.744,0.0000,0
34443542531845,09:34:03.542,80.5800,100
35659913494007,09:54:19.913,80.2500,100
35659913494007,09:54:19.913,80.2500,54
35659913587759,09:54:19.913,80.2400,100
36011144447821,10:00:11.144,79.8300,20
36011144447821,10:00:11.144,79.8200,80
36011144448516,10:00:11.144,79.8200,20
36012408388510,10:00:12.408,79.8300,61
36429798228005,10:07:09.798,79.4000,11
36429798228005,10:07:09.798,79.4000,89
36429798273641,10:07:09.798,79.4000,11
36435953267959,10:07:15.953,79.4100,100
36801461572690,10:13:21.461,79.6300,26
37081345406677,10:18:01.345,79.5700,5
37902378385979,10:31:42.378,79.5900,5
38031899790799,10:33:51.899,79.8100,100
38031899886026,10:33:51.899,79.8100,5
38324571504801,10:38:44.571,79.8400,23
38343795105955,10:39:03.795,79.8700,100
38561380180505,10:42:41.380,79.8000,33
38694822609851,10:44:54.822,79.8000,10
38694822636544,10:44:54.822,79.8000,57
38760627175205,10:46:00.627,79.7800,100
39408038855526,10:56:48.038,79.3000,5
39824399549356,11:03:44.399,79.7000,5
39824399549356,11:03:44.399,79.7000,2
39824399549356,11:03:44.399,79.7400,16
39824399631479,11:03:44.399,79.7400,84
40035172454842,11:07:15.172,79.8000,10
40035172454842,11:07:15.172,79.8000,90
40064829001877,11:07:44.829,79.8000,100
40064829336949,11:07:44.829,79.6700,100
40064829336949,11:07:44.829,79.6500,100
40065005531409,11:07:45.005,79.6300,23
40329963813466,11:12:09.963,79.3200,6
40924329445382,11:22:04.329,79.5300,23
40924329445382,11:22:04.329,79.5300,21
41048303948653,11:24:08.303,79.4400,5
41732329607704,11:35:32.329,79.5400,5
41948986646452,11:39:08.986,79.5200,100
41948986674462,11:39:08.986,79.5200,66
42553364541114,11:49:13.364,79.2900,1
42553364541114,11:49:13.364,79.2800,4
43267762306173,12:01:07.762,79.2900,100
44058432630598,12:14:18.432,79.3300,5
44635024966642,12:23:55.024,79.5800,2
44635024966642,12:23:55.024,79.5800,5
44635024966642,12:23:55.024,79.5800,93
44778812879891,12:26:18.812,79.5600,3
45055354690976,12:30:55.354,79.5800,100
45055354690976,12:30:55.354,79.5800,20
45055354783792,12:30:55.354,79.5800,5
45337860798339,12:35:37.860,79.5400,3
45485657690417,12:38:05.657,79.4400,5
45485658105653,12:38:05.658,79.4400,95
45485659524729,12:38:05.659,79.4300,100
46246333721558,12:50:46.333,79.1600,5
46930366452196,13:02:10.366,79.2000,5
47760104076056,13:16:00.104,79.2600,28
47760104076056,13:16:00.104,79.2600,3
48047517467152,13:20:47.517,79.2000,34
48047517528103,13:20:47.517,79.2000,66
48435236873243,13:27:15.236,79.1000,5
48577044213009,13:29:37.044,79.2500,1
48577046179064,13:29:37.046,79.2800,1
48577051754633,13:29:37.051,79.2800,99
49593139724530,13:46:33.139,79.2200,2
49593140053552,13:46:33.140,79.2100,10
50402703016055,14:00:02.703,79.1000,100
50413018257295,14:00:13.018,79.0500,200
50599672142315,14:03:19.672,79.2100,4
50599672863609,14:03:19.672,79.2300,13
50599672863609,14:03:19.672,79.2300,100
50924248520231,14:08:44.248,79.4400,5
50924248520231,14:08:44.248,79.4400,18
50924248549380,14:08:44.248,79.3000,100
50924366312603,14:08:44.366,79.1600,100
51060939377207,14:11:00.939,79.2750,300
51082719560617,14:11:22.719,79.2800,100
51158129641807,14:12:38.129,79.3200,400
51202417630795,14:13:22.417,79.4100,13
51202417630795,14:13:22.417,79.4100,100
51202417630795,14:13:22.417,79.4100,87
51224634834289,14:13:44.634,79.4100,13
51224634834289,14:13:44.634,79.4100,10
51224799378445,14:13:44.799,79.3100,100
51224799378445,14:13:44.799,79.3100,90
51224799378445,14:13:44.799,79.3100,100
51224799378445,14:13:44.799,79.3100,87
51224799378445,14:13:44.799,79.3100,13
51224801013205,14:13:44.801,79.3100,184
51241267499454,14:14:01.267,79.4100,1
51241267499454,14:14:01.267,79.4100,11
51246834494008,14:14:06.834,79.4300,24
51375191720693,14:16:15.191,79.6300,3
51375191720693,14:16:15.191,79.6300,5
51380863295824,14:16:20.863,79.5800,400
51381100256297,14:16:21.100,79.5800,100
51381103677936,14:16:21.103,79.6300,100
51381105667614,14:16:21.105,79.5300,100
51381105906391,14:16:21.105,79.5200,100
51381105918847,14:16:21.105,79.5200,100
51381105918847,14:16:21.105,79.5200,100
51381105918847,14:16:21.105,79.5200,100
51381106381549,14:16:21.106,79.5200,100
51381107784344,14:16:21.107,79.3900,100
51381108246484,14:16:21.108,79.3900,100
51381119318449,14:16:21.119,79.3900,10
51381193990085,14:16:21.193,79.3000,100
51385484817366,14:16:25.484,79.3900,90
51385484817366,14:16:25.484,79.3900,10
51385499260971,14:16:25.499,79.3900,90
51385499260971,14:16:25.499,79.3900,100
51385499260971,14:16:25.499,79.3900,10
51385499260971,14:16:25.499,79.3900,90
51385499260971,14:16:25.499,79.3900,10
51523810842165,14:18:43.810,79.6200,23
51654030943321,14:20:54.030,79.6200,47
51655592720764,14:20:55.592,79.6200,53
51676830812554,14:21:16.830,79.4650,100
51676834035003,14:21:16.834,79.4300,100
51729164224662,14:22:09.164,79.4300,10
51729164224662,14:22:09.164,79.4300,80
51819532191210,14:23:39.532,79.5600,100
51840217385134,14:24:00.217,79.4450,100
51948576561758,14:25:48.576,79.4400,5
52004522802343,14:26:44.522,79.4900,100
52197008322681,14:29:57.008,79.4800,1
52259273595049,14:30:59.273,79.4100,100
52273620706530,14:31:13.620,79.4200,100
52472150024022,14:34:32.150,79.5400,5
52563639049322,14:36:03.639,79.5500,100
52563639214600,14:36:03.639,79.5400,100
52710878080990,14:38:30.878,79.4900,21
52724647758877,14:38:44.647,79.5600,81
52727718017597,14:38:47.718,79.4600,100
52727718068011,14:38:47.718,79.4600,100
52727718078593,14:38:47.718,79.4600,100
52728229108956,14:38:48.229,79.5100,100
52728233352769,14:38:48.233,79.5100,100
52728341175945,14:38:48.341,79.5100,200
52728504674583,14:38:48.504,79.4600,100
52770310538043,14:39:30.310,79.4000,100
52996151752244,14:43:16.151,79.3000,100
53015982900820,14:43:35.982,79.3600,100
53023058338703,14:43:43.058,79.3700,100
53025058745956,14:43:45.058,79.4100,11
53025118946020,14:43:45.118,79.3600,100
53253868259179,14:47:33.868,79.5000,100
53535164596414,14:52:15.164,79.5100,100
53624466573679,14:53:44.466,79.7500,5
53662554041920,14:54:22.554,79.5900,4
53662563315785,14:54:22.563,79.5900,96
53662563375402,14:54:22.563,79.6200,4
53668197351914,14:54:28.197,79.5600,100
53668197351914,14:54:28.197,79.5400,100
53957835805646,14:59:17.835,79.6700,5
54413025789916,15:06:53.025,79.5100,100
54524268624162,15:08:44.268,79.4800,8
54640557369356,15:10:40.557,79.3400,100
54791095237890,15:13:11.095,79.4100,13
54970046409996,15:16:10.046,79.4250,100
54985209961477,15:16:25.209,79.4200,8
54985211093863,15:16:25.211,79.4100,167
54985235744928,15:16:25.235,79.3700,100
54985235969691,15:16:25.235,79.3500,100
55058992656695,15:17:38.992,79.3100,100
55058997860613,15:17:38.997,79.2900,53
55205334418529,15:20:05.334,79.4000,100
55227114874244,15:20:27.114,79.3800,10
55536060721537,15:25:36.060,79.1500,48
55536189851442,15:25:36.189,79.1100,100
55543469866112,15:25:43.469,79.1500,100
55796566473127,15:29:56.566,79.0900,100
55877775816374,15:31:17.775,79.0900,11
55877775816374,15:31:17.775,79.0900,11
55877775816374,15:31:17.775,79.0900,89
56054329685878,15:34:14.329,79.0900,8
56054329685878,15:34:14.329,79.0900,2
56171859192777,15:36:11.859,79.0000,8
56173213615755,15:36:13.213,78.9800,7
56173214722702,15:36:13.214,78.9700,30
56173221770325,15:36:13.221,78.9400,100
56494716588164,15:41:34.716,78.8800,8
56494716646511,15:41:34.716,78.8700,38
56494716646511,15:41:34.716,78.8700,31
56499054431624,15:41:39.054,78.8400,100
56544387568479,15:42:24.387,78.8500,11
56566065187644,15:42:46.065,78.8600,5
56756264488865,15:45:56.264,78.8850,100
56811127895152,15:46:51.127,78.8400,9
56848051187202,15:47:28.051,78.8300,3
56874758085687,15:47:54.758,78.7900,71
56959269058137,15:49:19.269,78.6800,3
57017258541871,15:50:17.258,78.6300,100
57064379912461,15:51:04.379,78.5900,100
57064463025058,15:51:04.463,78.5600,100
57067871163788,15:51:07.871,78.5500,2
57070893083170,15:51:10.893,78.5500,5
57135641659890,15:52:15.641,78.5500,93
57135641876145,15:52:15.641,78.5300,1
57135642523830,15:52:15.642,78.5300,1
57135642634432,15:52:15.642,78.5300,98
57191740830577,15:53:11.740,78.4900,100
57191741319636,15:53:11.741,78.5200,13
57191741531841,15:53:11.741,78.5200,17
57191741717908,15:53:11.741,78.5200,69
57191742469277,15:53:11.742,78.5200,1
57191867005075,15:53:11.867,78.4900,100
57235272449770,15:53:55.272,78.5400,25
57235350139395,15:53:55.350,78.5500,100
57280872029601,15:54:40.872,78.5900,100
57481274192764,15:58:01.274,78.6300,100
57513811760106,15:58:33.811,78.7000,3
57525701818525,15:58:45.701,78.7000,97
57525701818525,15:58:45.701,78.7000,10
57525949318849,15:58:45.949,78.7200,100
57528826366676,15:58:48.826,78.7500,20
57532969511955,15:58:52.969,78.7800,100
57545168906493,15:59:05.168,78.8500,93
57548082758393,15:59:08.082,78.9300,100
57548082758393,15:59:08.082,78.9300,69
57551081209863,15:59:11.081,78.9700,100
57552399808571,15:59:12.399,79.0200,24
57558001052131,15:59:18.001,79.0000,218
57591766192637,15:59:51.766,79.0500,22
57592326113621,15:59:52.326,79.0500,94
57595664976968,15:59:55.664,79.0300,35
57597761172394,15:59:57.761,79.0600,36
57600419816828,16:00:00.419,0.0000,0
