timestamp,time,price,volume
29419251654413,08:10:19.251,75.8500,100
29419541709435,08:10:19.541,75.8500,100
29425453834446,08:10:25.453,75.8500,100
29425453834446,08:10:25.453,75.8500,100
29426684491689,08:10:26.684,75.9000,50
29426684491689,08:10:26.684,75.9000,100
29453124504577,08:10:53.124,75.9000,50
29453124504577,08:10:53.124,75.8500,100
29453124504577,08:10:53.124,75.8500,100
29453124504577,08:10:53.124,75.8500,50
29453127919494,08:10:53.127,75.8500,79
30084155109887,08:21:24.155,75.9100,35
30411064047440,08:26:51.064,75.8500,21
30411064047440,08:26:51.064,75.8500,100
30411064047440,08:26:51.064,75.8500,100
30471957999462,08:27:51.957,75.8500,20
34199800423979,09:29:59.800,77.6000,472
34200351438488,09:30:00.351,77.7000,13708
34201446263163,09:30:01.446,77.7000,57
34201446906996,09:30:01.446,77.7000,100
34202274574628,09:30:02.274,77.3600,1
34230007852576,09:30:30.007,77.3800,11
34238707488138,09:30:38.707,76.1200,19
34351047025966,09:32:31.047,76.8450,300
34351066521568,09:32:31.066,77.0900,19
34351066521568,09:32:31.066,77.1100,20
34351066521568,09:32:31.066,77.1700,61
34351066589366,09:32:31.066,77.1700,39
34351066920289,09:32:31.066,77.2200,100
34351066920289,09:32:31.066,77.2200,100
34351066920289,09:32:31.066,77.2200,100
34351066920289,09:32:31.066,77.2200,100
34351068504565,09:32:31.068,77.2200,100
34351070578197,09:32:31.070,77.6100,10
34351070867610,09:32:31.070,77.7500,10
34351070867610,09:32:31.070,77.8400,100
34351071018990,09:32:31.071,77.7000,100
34351074146380,09:32:31.074,78.0000,300
34351074966481,09:32:31.074,78.7000,1
34351074966481,09:32:31.074,78.7400,99
34351087124241,09:32:31.087,78.6300,100
34351130159003,09:32:31.130,78.5400,100
34351289627791,09:32:31.289,78.4500,10
34351327903509,09:32:31.327,78.4500,10
34352630554944,09:32:32.630,78.5000,40
34352630554944,09:32:32.630,78.4600,100
34352630554944,09:32:32.630,78.4600,100
34352630554944,09:32:32.630,78.4600,100
34352630554944,09:32:32.630,78.4600,100
34352630554944,09:32:32.630,78.4600,60
34352630608789,09:32:32.630,78.4600,40
34352630608789,09:32:32.630,78.4600,285
34352630671443,09:32:32.630,78.4600,100
34352630699887,09:32:32.630,78.4600,100
34352630878281,09:32:32.630,78.4500,95
34352631087872,09:32:32.631,78.4500,100
34352631243620,09:32:32.631,78.4500,50
34352631244103,09:32:32.631,78.4500,100
34352631344598,09:32:32.631,78.4500,35
34361624975254,09:32:41.624,78.3100,100
34361650410636,09:32:41.650,78.4600,100
34361651405232,09:32:41.651,78.4600,100
34364940052190,09:32:44.940,78.5100,100
34364940052190,09:32:44.940,78.5100,100
34380420144780,09:33:00.420,78.5000,50
34380420237680,09:33:00.420,78.5000,100
34380421661272,09:33:00.421,78.7800,100
34380421663927,09:33:00.421,78.7800,100
34382001533105,09:33:02.001,79.1000,79
34382001643084,09:33:02.001,79.1000,100
34383244552965,09:33:03.244,79.2600,100
34383244632905,09:33:03.244,79.2600,100
34383244647830,09:33:03.244,79.2600,200
34383244816446,09:33:03.244,79.4500,100
34383245292096,09:33:03.245,79.3000,100
34383246167880,09:33:03.246,79.2600,100
34383246187354,09:33:03.246,79.2600,100
34383248744487,09:33:03.248,79.3600,50
34383460419829,09:33:03.460,79.3000,50
34383460753218,09:33:03.460,79.3000,100
34388420346358,09:33:08.420,79.2900,100
34393208781645,09:33:13.208,79.2900,100
34393212296298,09:33:13.212,79.4000,50
34393212296298,09:33:13.212,79.4000,50
34393215891576,09:33:13.215,79.3600,50
34393215891576,09:33:13.215,79.4000,29
34393215891576,09:33:13.215,79.4000,21
34393228686033,09:33:13.228,79.4000,100
34393230629143,09:33:13.230,79.4600,100
34393234013703,09:33:13.234,79.4200,100
34394745286929,09:33:14.745,79.4300,100
34425421539970,09:33:45.421,79.2200,100
34425421569499,09:33:45.421,79.2000,100
34425441907294,09:33:45.441,79.4500,70
34462083665389,09:34:22.083,79.1500,25
34462114553752,09:34:22.114,79.5000,100
34497155674435,09:34:57.155,79.9000,50
34503209758001,09:35:03.209,79.6900,87
34504205544948,09:35:04.205,79.9300,50
34504205544948,09:35:04.205,79.9400,2
34504205896218,09:35:04.205,79.9500,35
34504205902163,09:35:04.205,80.0000,200
34504205902163,09:35:04.205,80.0000,100
34504205907786,09:35:04.205,80.0600,7
34504205927083,09:35:04.205,80.0600,100
34504205942901,09:35:04.205,79.8200,10
34504205942901,09:35:04.205,79.8000,90
34504206116077,09:35:04.206,80.0000,90
34504206491297,09:35:04.206,80.0600,6
34504206518851,09:35:04.206,80.0600,127
34504206765966,09:35:04.206,79.9500,50
34504206859354,09:35:04.206,79.8900,100
34504207341254,09:35:04.207,80.0200,3
34504221394683,09:35:04.221,79.9900,100
34504887492794,09:35:04.887,79.9900,200
34505024263953,09:35:05.024,79.9900,100
34505225748867,09:35:05.225,79.9900,36
34505225748867,09:35:05.225,80.0100,64
34508197055329,09:35:08.197,80.0100,36
34508197055329,09:35:08.197,80.0100,50
34516197762837,09:35:16.197,80.5400,100
34516198710281,09:35:16.198,80.5300,100
34518419622675,09:35:18.419,80.3100,100
34531346630033,09:35:31.346,80.2400,100
34531346997117,09:35:31.346,80.1300,100
34532310727602,09:35:32.310,80.2400,5
34532310752778,09:35:32.310,80.2400,95
34532310828172,09:35:32.310,80.2500,100
34532406090291,09:35:32.406,80.3000,1
34532406527486,09:35:32.406,80.3400,100
34532501070229,09:35:32.501,80.4000,100
34532502944052,09:35:32.502,80.4100,3
34532502966606,09:35:32.502,80.4100,97
34532502966606,09:35:32.502,80.4100,3
34532502968294,09:35:32.502,80.4100,97
34532503754392,09:35:32.503,80.3400,50
34532503754392,09:35:32.503,80.3000,50
34532591390054,09:35:32.591,80.4100,50
34533333919307,09:35:33.333,80.2500,100
34533333980623,09:35:33.333,80.2500,50
34533334177092,09:35:33.334,80.2500,50
34533334414240,09:35:33.334,80.2500,100
34533335366689,09:35:33.335,80.2000,100
34533339057762,09:35:33.339,80.2000,100
34533524479153,09:35:33.524,80.5400,50
34537202944572,09:35:37.202,80.5500,50
34556366344784,09:35:56.366,80.3300,1
34562473633986,09:36:02.473,80.5800,100
34566365164292,09:36:06.365,80.3300,1
34566368540974,09:36:06.368,80.4000,1
34566368631087,09:36:06.368,80.3300,99
34566368631087,09:36:06.368,80.3100,1
34566369953113,09:36:06.369,80.3900,3
34566369978368,09:36:06.369,80.3900,97
34566369978368,09:36:06.369,80.3900,1
34566424921846,09:36:06.424,80.3800,100
34566426027915,09:36:06.426,80.2300,100
34566426027915,09:36:06.426,80.2300,200
34566426027915,09:36:06.426,80.2300,100
34566426092895,09:36:06.426,80.1800,100
34566426092895,09:36:06.426,80.1400,100
34566426092895,09:36:06.426,80.1400,100
34566426581152,09:36:06.426,80.1400,100
34566427987293,09:36:06.427,80.0200,100
34566427988725,09:36:06.427,80.0000,100
34566428084307,09:36:06.428,80.0000,50
34566428110335,09:36:06.428,80.0000,50
34566428138717,09:36:06.428,80.1200,100
34566428138717,09:36:06.428,80.1400,100
34567426603687,09:36:07.426,80.0500,100
34576197844178,09:36:16.197,80.0500,100
34576197844178,09:36:16.197,80.1200,100
34576202391282,09:36:16.202,80.1200,100
34576202415932,09:36:16.202,80.1200,10
34579604302895,09:36:19.604,79.7600,100
34583963576757,09:36:23.963,79.7600,2
34583963592951,09:36:23.963,79.7500,100
34604351497041,09:36:44.351,79.4000,100
34604359526900,09:36:44.359,79.4200,100
34605365651560,09:36:45.365,79.5600,1
34605365653017,09:36:45.365,79.5800,1
34605365731172,09:36:45.365,79.5700,100
34605365771065,09:36:45.365,79.5600,100
34605365886021,09:36:45.365,79.6000,100
34605365919139,09:36:45.365,79.6000,100
34605365999569,09:36:45.365,79.6600,100
34605366058154,09:36:45.366,79.6700,100
34605600484722,09:36:45.600,79.6100,100
34608580742829,09:36:48.580,79.7500,100
34608580798249,09:36:48.580,79.7600,100
34608585662934,09:36:48.585,79.7600,98
34608585666248,09:36:48.585,79.7600,2
34612411270941,09:36:52.411,79.7100,100
34612411270941,09:36:52.411,79.6100,100
34612699956857,09:36:52.699,79.7700,2
34618193436707,09:36:58.193,79.9600,100
34627792803789,09:37:07.792,79.7700,100
34641367235141,09:37:21.367,80.0900,100
34641367472643,09:37:21.367,80.1000,1
34641367472643,09:37:21.367,80.1000,99
34641367483793,09:37:21.367,80.1000,1
34641367483793,09:37:21.367,80.1000,100
34641367483793,09:37:21.367,80.1000,1
34641367483793,09:37:21.367,80.1100,100
34641367483793,09:37:21.367,80.1100,100
34641367483793,09:37:21.367,80.1200,98
34641367489704,09:37:21.367,80.1200,2
34641367489704,09:37:21.367,80.1300,98
34641367539676,09:37:21.367,80.1300,2
34645629479188,09:37:25.629,80.1400,100
34645828176466,09:37:25.828,80.1300,100
34645828176466,09:37:25.828,80.1200,100
34645828213473,09:37:25.828,80.1200,100
34645828281115,09:37:25.828,79.9200,100
34649627999000,09:37:29.627,79.6700,100
34650663538515,09:37:30.663,79.9300,7
34671466584388,09:37:51.466,79.4600,100
34671472637915,09:37:51.472,79.4100,100
34676496028528,09:37:56.496,79.1200,100
34690330200041,09:38:10.330,79.0200,1
34690330200041,09:38:10.330,79.0200,2
34690330200041,09:38:10.330,79.0200,97
34690330567509,09:38:10.330,79.0200,50
34690330592644,09:38:10.330,79.0200,53
34690331051864,09:38:10.331,79.1300,100
34690331051864,09:38:10.331,79.1300,100
34690332853783,09:38:10.332,79.0200,1
34699200933224,09:38:19.200,79.4100,100
34699200933224,09:38:19.200,79.4200,100
34699201022063,09:38:19.201,79.4200,100
34717741383390,09:38:37.741,79.6600,3
34717741410488,09:38:37.741,79.6600,97
34717741939019,09:38:37.741,79.6700,100
34732585892470,09:38:52.585,79.8500,1
34771766878977,09:39:31.766,80.2100,1
34771766878977,09:39:31.766,80.2100,16
34771766878977,09:39:31.766,80.2100,1
34771766878977,09:39:31.766,80.2900,100
34771766878977,09:39:31.766,80.2900,100
34771766878977,09:39:31.766,80.3100,100
34771766878977,09:39:31.766,80.3500,100
34771766878977,09:39:31.766,80.4300,50
34771766878977,09:39:31.766,80.4500,21
34771767003948,09:39:31.767,80.2200,100
34771767040440,09:39:31.767,80.4500,75
34771767192225,09:39:31.767,80.2900,100
34771767260917,09:39:31.767,80.5000,75
34771767791621,09:39:31.767,80.4900,100
34771767791621,09:39:31.767,80.5100,100
34771767791621,09:39:31.767,80.5100,69
34771768455747,09:39:31.768,80.5100,31
34771770450581,09:39:31.770,80.5000,1
34771771271911,09:39:31.771,80.5200,100
34772600418291,09:39:32.600,80.5900,100
34775829642931,09:39:35.829,80.5900,100
34775829642931,09:39:35.829,80.5900,78
34775835036217,09:39:35.835,80.5900,22
34775835526692,09:39:35.835,80.6000,100
34775835607207,09:39:35.835,80.6100,25
34783217057292,09:39:43.217,80.7100,100
34783219996070,09:39:43.219,80.7600,100
34783238725849,09:39:43.238,80.7700,100
34784798785293,09:39:44.798,80.5600,85
34784798823600,09:39:44.798,80.5600,15
34784798980683,09:39:44.798,80.5600,100
34784822497527,09:39:44.822,80.5700,100
34784822524626,09:39:44.822,80.5700,100
34861836015018,09:41:01.836,80.3600,100
34894715917426,09:41:34.715,80.3600,100
34894715917426,09:41:34.715,80.3600,100
34894715917426,09:41:34.715,80.3600,100
34894715984340,09:41:34.715,80.3600,100
34894716734474,09:41:34.716,80.3500,100
34894717924452,09:41:34.717,80.3500,100
34894717924452,09:41:34.717,80.3500,100
34906221629327,09:41:46.221,80.5900,100
34906221715146,09:41:46.221,80.6700,100
34931838192193,09:42:11.838,80.5800,100
34932839839662,09:42:12.839,80.5300,100
34934288514990,09:42:14.288,80.2900,100
34934290709891,09:42:14.290,80.2500,75
34934290709891,09:42:14.290,80.2500,25
34934297058363,09:42:14.297,80.5100,100
34936775520482,09:42:16.775,80.2500,44
34936775520482,09:42:16.775,80.2500,50
34936775699915,09:42:16.775,80.2500,5
34936775877205,09:42:16.775,80.2500,95
34940229795080,09:42:20.229,80.1300,100
34945230177599,09:42:25.230,80.2500,100
34945230177599,09:42:25.230,80.0600,100
34950223329796,09:42:30.223,80.2100,100
34950697939633,09:42:30.697,80.1800,100
34955255941066,09:42:35.255,80.0900,100
34960261085468,09:42:40.261,80.0200,100
34960261591157,09:42:40.261,80.0200,100
34960263369551,09:42:40.263,80.0200,14
34960268728237,09:42:40.268,80.2000,8
34960268737545,09:42:40.268,80.2000,92
34965547828180,09:42:45.547,80.1400,100
34966977620114,09:42:46.977,80.0100,94
34966977679783,09:42:46.977,80.0100,6
34966977679783,09:42:46.977,80.0000,7
34966978066930,09:42:46.978,80.0000,19
34968852987926,09:42:48.852,79.8700,4
34968853676139,09:42:48.853,79.8700,48
34968853999712,09:42:48.853,79.8700,48
34982841593827,09:43:02.841,79.9200,100
34982841952157,09:43:02.841,79.9200,49
34982841977401,09:43:02.841,79.9200,51
34982842563101,09:43:02.842,79.9300,100
34987027844778,09:43:07.027,80.2000,100
34987027867409,09:43:07.027,80.2000,100
34987027892646,09:43:07.027,80.2000,100
34987027901200,09:43:07.027,80.2100,100
34987027910648,09:43:07.027,80.2000,100
34987027913856,09:43:07.027,80.2100,100
34987027928909,09:43:07.027,80.2200,100
34987027937946,09:43:07.027,80.2300,100
34987028005297,09:43:07.028,80.1900,100
34987028017803,09:43:07.028,80.1900,100
34987029036247,09:43:07.029,80.2500,100
34987029108143,09:43:07.029,80.2800,100
35006057138057,09:43:26.057,80.4300,100
35011842653534,09:43:31.842,80.4700,100
35011843548143,09:43:31.843,80.4500,100
35032632954309,09:43:52.632,80.2700,90
35051285044079,09:44:11.285,80.0600,50
35052697114648,09:44:12.697,80.4600,100
35052699201473,09:44:12.699,80.4500,100
35052699281790,09:44:12.699,80.4600,100
35052699301321,09:44:12.699,80.2700,100
35052699310884,09:44:12.699,80.4600,100
35052699310884,09:44:12.699,80.4700,27
35052699686497,09:44:12.699,80.4700,100
35052708308948,09:44:12.708,80.4700,10
35052710835119,09:44:12.710,80.4600,86
35065607668209,09:44:25.607,80.4300,100
35065610117135,09:44:25.610,80.4800,100
35072350058440,09:44:32.350,80.4600,100
35072350058440,09:44:32.350,80.4600,100
35072350351512,09:44:32.350,80.4600,100
35072351209857,09:44:32.351,80.4700,100
35074586062926,09:44:34.586,80.4300,100
35074586062926,09:44:34.586,80.3200,100
35078916902864,09:44:38.916,80.4900,21
35082045017957,09:44:42.045,80.4100,100
35082047794525,09:44:42.047,80.3200,100
35086125758784,09:44:46.125,80.4700,100
35086757011922,09:44:46.757,80.3300,100
35093624701695,09:44:53.624,80.4900,100
35093624778391,09:44:53.624,80.3300,100
35093625202830,09:44:53.625,80.4600,100
35093625202830,09:44:53.625,80.4600,100
35100067524333,09:45:00.067,80.4800,100
35100067627076,09:45:00.067,80.3500,100
35107225800978,09:45:07.225,80.4900,100
35126911761974,09:45:26.911,80.3300,200
35139046834199,09:45:39.046,80.3600,100
35139140703218,09:45:39.140,80.4800,100
35139141795329,09:45:39.141,80.5000,25
35139143232246,09:45:39.143,80.5000,100
35141978937799,09:45:41.978,80.3700,100
35146006085439,09:45:46.006,80.4500,100
35146047546348,09:45:46.047,80.5700,100
35149205870704,09:45:49.205,80.7100,70
35149208772904,09:45:49.208,80.7200,100
35164113482958,09:46:04.113,80.8100,70
35167194781200,09:46:07.194,80.8300,100
35167201688734,09:46:07.201,80.8300,100
35167201703603,09:46:07.201,80.8300,300
35167310973434,09:46:07.310,80.8700,100
35168814772394,09:46:08.814,80.9000,100
35181606981040,09:46:21.606,80.9400,100
35181607029999,09:46:21.607,80.9500,100
35181611912492,09:46:21.611,81.0000,39
35181611956895,09:46:21.611,81.0000,32
35181611956895,09:46:21.611,81.0000,100
35181611994761,09:46:21.611,81.0500,79
35181626670179,09:46:21.626,81.0500,21
35181626670179,09:46:21.626,81.0900,79
35181626729978,09:46:21.626,81.0900,21
35182045591316,09:46:22.045,81.0900,100
35183047277918,09:46:23.047,81.0900,100
35184048930287,09:46:24.048,81.0900,100
35199980075242,09:46:39.980,81.1900,100
35199980175119,09:46:39.980,81.2000,10
35223496337911,09:47:03.496,81.4500,100
35223496337911,09:47:03.496,81.4500,100
35224719554805,09:47:04.719,81.6600,100
35228049586869,09:47:08.049,81.6500,100
35232704398759,09:47:12.704,81.7000,100
35237608858612,09:47:17.608,81.7500,100
35240441819556,09:47:20.441,81.8000,162
35240441846089,09:47:20.441,81.8000,1
35245364836318,09:47:25.364,81.7700,60
35246977035258,09:47:26.977,81.9400,100
35246977035258,09:47:26.977,81.9400,100
35246977573788,09:47:26.977,81.8400,50
35246977573788,09:47:26.977,81.8300,50
35247060510259,09:47:27.060,81.9400,50
35247061215781,09:47:27.061,81.9500,26
35260410436463,09:47:40.410,82.1400,40
35260410436463,09:47:40.410,82.1000,20
35260410464917,09:47:40.410,82.1000,40
35267205059638,09:47:47.205,81.9500,100
35267231750998,09:47:47.231,81.8600,100
35267231750998,09:47:47.231,81.8600,200
35267231750998,09:47:47.231,81.8600,400
35267231814742,09:47:47.231,81.8600,100
35267231824897,09:47:47.231,81.8100,100
35267231835002,09:47:47.231,81.8100,149
35267231883088,09:47:47.231,81.8600,100
35267232025260,09:47:47.232,81.8300,31
35267232468825,09:47:47.232,81.8100,100
35267232489898,09:47:47.232,81.8600,31
35267232594964,09:47:47.232,81.8100,100
35267232631714,09:47:47.232,81.8100,150
35267232733277,09:47:47.232,81.8100,1
35267232733277,09:47:47.232,81.8000,100
35267232733277,09:47:47.232,81.8000,50
35267234433655,09:47:47.234,81.7400,50
35273276107784,09:47:53.276,81.5000,50
35273276107784,09:47:53.276,81.7200,50
35316052653663,09:48:36.052,81.5100,100
35357053946341,09:49:17.053,81.3200,100
35418985030500,09:50:18.985,81.3800,50
35418985058875,09:50:18.985,81.3800,15
35418985058875,09:50:18.985,81.3800,100
35418985058875,09:50:18.985,81.3800,100
35431206175989,09:50:31.206,81.6800,100
35449668946916,09:50:49.668,81.6900,5
35473052573774,09:51:13.052,81.6800,100
35473052574277,09:51:13.052,81.6800,100
35473052641333,09:51:13.052,81.6800,100
35473052641333,09:51:13.052,81.6800,91
35473053067747,09:51:13.053,81.6800,82
35473053077491,09:51:13.053,81.6800,18
35473053077491,09:51:13.053,81.6800,82
35473053111468,09:51:13.053,81.6800,49
35473053181483,09:51:13.053,81.6800,78
35473053215696,09:51:13.053,81.6900,91
35473053215696,09:51:13.053,81.6900,100
35473054607387,09:51:13.054,81.8500,50
35473054607387,09:51:13.054,81.9900,6
35473104310764,09:51:13.104,81.9800,44
35475122302836,09:51:15.122,81.6800,100
35475122369102,09:51:15.122,81.6900,100
35475122369102,09:51:15.122,81.6900,100
35476457679797,09:51:16.457,81.7600,50
35481803569527,09:51:21.803,81.9800,100
35481806070455,09:51:21.806,81.9800,100
35489056273535,09:51:29.056,81.8500,100
35489056943070,09:51:29.056,81.8500,90
35489057320828,09:51:29.057,81.8500,10
35490057938703,09:51:30.057,81.8500,100
35492077537936,09:51:32.077,81.7700,100
35526059302661,09:52:06.059,81.8200,100
35526064601597,09:52:06.064,81.6100,50
35526064601597,09:52:06.064,81.6000,50
35526064685168,09:52:06.064,81.5900,100
35526064685168,09:52:06.064,81.5900,100
35526064685168,09:52:06.064,81.5900,100
35526064714520,09:52:06.064,81.6000,100
35526064719475,09:52:06.064,81.5900,100
35526064729990,09:52:06.064,81.5900,100
35526064729990,09:52:06.064,81.5500,100
35526064731946,09:52:06.064,81.5400,100
35526067180819,09:52:06.067,81.4400,100
35526074197269,09:52:06.074,81.4900,100
35526188601114,09:52:06.188,81.2900,100
35548939931717,09:52:28.939,80.9000,50
35548941846065,09:52:28.941,80.8900,100
35548942409571,09:52:28.942,80.9000,5
35555079946857,09:52:35.079,81.0000,100
35569794985507,09:52:49.794,81.0500,182
35579915021651,09:52:59.915,81.1800,100
35583059902523,09:53:03.059,81.1900,100
35583060824652,09:53:03.060,81.1300,100
35584061788792,09:53:04.061,81.1300,100
35592915485748,09:53:12.915,81.1400,11
35602564871757,09:53:22.564,81.1400,100
35602590813857,09:53:22.590,81.1400,100
35602590883957,09:53:22.590,81.1700,100
35613925468918,09:53:33.925,81.1100,100
35613925468918,09:53:33.925,80.9000,50
35613925536340,09:53:33.925,80.9000,100
35613925803064,09:53:33.925,81.1500,100
35613925803064,09:53:33.925,81.2000,100
35613925829538,09:53:33.925,81.2000,24
35613926159739,09:53:33.926,81.1700,75
35613926357769,09:53:33.926,80.9200,24
35613926357769,09:53:33.926,80.8900,76
35613926385494,09:53:33.926,80.8900,24
35613926385494,09:53:33.926,80.8900,76
35613926726551,09:53:33.926,80.9000,100
35613926818059,09:53:33.926,80.9900,25
35613926818059,09:53:33.926,81.0100,75
35613932572163,09:53:33.932,80.9100,25
35613932572163,09:53:33.932,80.9000,39
35613966697857,09:53:33.966,81.0700,100
35640543256958,09:54:00.543,81.2300,16
35640543256958,09:54:00.543,81.2300,23
35640543256958,09:54:00.543,81.2600,61
35640543259314,09:54:00.543,81.2600,39
35640543259314,09:54:00.543,81.2600,100
35640543323308,09:54:00.543,81.2900,100
35640543329909,09:54:00.543,81.4000,100
35649058525709,09:54:09.058,81.5500,100
35649244589710,09:54:09.244,81.3950,100
35649244589710,09:54:09.244,81.2400,75
35649244589710,09:54:09.244,81.2400,50
35683405648008,09:54:43.405,81.3300,100
35684493494645,09:54:44.493,81.3300,100
35684493758628,09:54:44.493,81.3300,100
35684494502965,09:54:44.494,81.3100,100
35684505318851,09:54:44.505,81.2800,37
35684505318851,09:54:44.505,81.2700,63
35684505353136,09:54:44.505,81.2700,37
35700179201485,09:55:00.179,81.1900,100
35708062102177,09:55:08.062,81.1900,100
35721837965156,09:55:21.837,80.7500,100
35724162274895,09:55:24.162,80.7300,3
35760068374029,09:56:00.068,81.0400,100
35789509532847,09:56:29.509,81.0600,100
35789509532847,09:56:29.509,81.0600,100
35789509907221,09:56:29.509,80.8700,100
35789510011508,09:56:29.510,81.0700,100
35789510011508,09:56:29.510,81.0700,96
35789511413198,09:56:29.511,81.0700,4
35789511492555,09:56:29.511,81.0700,100
35789513418929,09:56:29.513,81.0800,100
35789513423772,09:56:29.513,81.0900,100
35789513441230,09:56:29.513,81.1400,27
35789513823963,09:56:29.513,81.1400,73
35789514365718,09:56:29.514,81.1700,9
35789514651185,09:56:29.514,81.1700,1
35798334683621,09:56:38.334,81.0700,86
35798334727812,09:56:38.334,81.0700,14
35799381450862,09:56:39.381,81.1400,100
35799381509917,09:56:39.381,81.1400,100
35820071154290,09:57:00.071,81.1300,100
35830277534049,09:57:10.277,81.1300,100
35830277535479,09:57:10.277,81.1300,42
35830277535479,09:57:10.277,81.1300,58
35830277567242,09:57:10.277,81.1300,42
35830277599362,09:57:10.277,81.1400,100
35830277654964,09:57:10.277,81.1500,100
35830277689293,09:57:10.277,81.1400,100
35842253346348,09:57:22.253,81.2200,100
35842253407535,09:57:22.253,81.2200,100
35843661231295,09:57:23.661,81.1150,100
35843661235997,09:57:23.661,81.0500,100
35843662366215,09:57:23.662,80.9500,50
35843662366215,09:57:23.662,80.9500,100
35843662366215,09:57:23.662,80.9500,100
35849404575945,09:57:29.404,81.0400,100
35849404644162,09:57:29.404,81.0400,100
35849404653796,09:57:29.404,81.0500,100
35849404653796,09:57:29.404,81.0500,23
35849404658153,09:57:29.404,81.0500,6
35849404661711,09:57:29.404,81.0500,71
35849404739633,09:57:29.404,81.0500,72
35849404767791,09:57:29.404,81.0500,28
35849406930805,09:57:29.406,81.0400,100
35875854105522,09:57:55.854,81.2400,100
35875854166483,09:57:55.854,81.2400,100
35875854594656,09:57:55.854,81.2600,29
35879643515216,09:57:59.643,81.2400,100
35879644839626,09:57:59.644,81.2300,100
35894072409399,09:58:14.072,81.2400,39
35894072412890,09:58:14.072,81.2400,50
35894072416000,09:58:14.072,81.2400,11
35895073467098,09:58:15.073,81.2400,100
35930075241694,09:58:50.075,81.2100,100
35930081281408,09:58:50.081,81.2100,100
35968474314622,09:59:28.474,81.2100,100
35968474315974,09:59:28.474,81.2300,150
35968474348861,09:59:28.474,81.2300,50
35968496717367,09:59:28.496,81.2100,100
35977033060806,09:59:37.033,81.3200,100
35977033060806,09:59:37.033,81.3200,100
35982642348079,09:59:42.642,81.2700,100
35988276303885,09:59:48.276,81.1600,100
35988276306218,09:59:48.276,81.1400,100
36000554012688,10:00:00.554,81.0600,100
36001194007450,10:00:01.194,81.0500,100
36001694010370,10:00:01.694,81.0500,100
36008078799120,10:00:08.078,81.1100,100
36065078709271,10:01:05.078,81.0300,100
36065079912044,10:01:05.079,80.8200,100
36065079912044,10:01:05.079,80.8200,100
36065578828440,10:01:05.578,80.5800,23
36070314427607,10:01:10.314,80.6000,23
36070314501902,10:01:10.314,80.6000,54
36070314501902,10:01:10.314,80.5800,69
36070314531260,10:01:10.314,80.5800,31
36070314531260,10:01:10.314,80.5800,23
36070314555646,10:01:10.314,80.5800,100
36070314595810,10:01:10.314,80.5800,54
36111895078172,10:01:51.895,80.3800,100
36111895078172,10:01:51.895,80.3600,100
36111895117749,10:01:51.895,80.3600,100
36111895117749,10:01:51.895,80.3600,100
36111912578424,10:01:51.912,80.3800,100
36119835896321,10:01:59.835,80.4000,100
36119835925220,10:01:59.835,80.4000,165
36119836393156,10:01:59.836,80.4000,8
36119836393156,10:01:59.836,80.4000,2
36119836460429,10:01:59.836,80.4100,100
36119836460429,10:01:59.836,80.4100,100
36119836471342,10:01:59.836,80.4000,100
36119836482089,10:01:59.836,80.4400,100
36119836482089,10:01:59.836,80.4400,100
36119836482089,10:01:59.836,80.4400,65
36119836484195,10:01:59.836,80.4400,65
36119836487905,10:01:59.836,80.4400,70
36119839157932,10:01:59.839,80.5800,100
36119887524915,10:01:59.887,80.3900,100
36123938450029,10:02:03.938,80.5300,100
36129556253164,10:02:09.556,80.5700,100
36131081285826,10:02:11.081,80.5300,100
36132082353996,10:02:12.082,80.5300,100
36135122313467,10:02:15.122,80.5600,100
36148133800526,10:02:28.133,80.6200,100
36148134463836,10:02:28.134,80.6300,100
36148134539596,10:02:28.134,80.6500,4
36148134598398,10:02:28.134,80.6500,96
36159566823096,10:02:39.566,80.7400,100
36159573597955,10:02:39.573,80.7600,33
36167084229426,10:02:47.084,80.7600,100
36167084270503,10:02:47.084,80.7700,17
36167084294830,10:02:47.084,80.7700,100
36167084939029,10:02:47.084,80.7600,100
36167109843149,10:02:47.109,80.7600,2
36167109843149,10:02:47.109,80.7600,2
36167109843149,10:02:47.109,80.7600,10
36187676937837,10:03:07.676,80.9200,10
36192181989136,10:03:12.181,80.9200,100
36192182177119,10:03:12.182,80.8100,100
36192182378087,10:03:12.182,80.7900,100
36198735388927,10:03:18.735,80.9000,100
36222086651520,10:03:42.086,80.9000,100
36222086688324,10:03:42.086,80.8800,100
36222102932505,10:03:42.102,80.9100,100
36222102965787,10:03:42.102,80.9100,50
36222102967083,10:03:42.102,80.9100,50
36222358438484,10:03:42.358,80.9300,64
36239440613535,10:03:59.440,81.0800,90
36249333182743,10:04:09.333,81.0900,100
36249670162674,10:04:09.670,81.0900,18
36249670162674,10:04:09.670,81.1300,200
36249670162674,10:04:09.670,81.1400,82
36261716390926,10:04:21.716,81.1200,100
36262883171962,10:04:22.883,81.0500,54
36265409100062,10:04:25.409,81.0100,100
36265409100062,10:04:25.409,81.0000,100
36265409100062,10:04:25.409,80.9900,100
36265409136020,10:04:25.409,80.9900,22
36265409136020,10:04:25.409,80.9900,200
36265409180244,10:04:25.409,80.9000,50
36265409180244,10:04:25.409,80.8800,50
36265409214458,10:04:25.409,80.9900,100
36265409247487,10:04:25.409,80.8800,5
36265409284547,10:04:25.409,80.8800,45
36284084098072,10:04:44.084,80.6900,100
36284084098072,10:04:44.084,80.5800,10
36285503011596,10:04:45.503,80.8050,100
36286003007096,10:04:46.003,80.8050,100
36286503006389,10:04:46.503,80.8050,100
36318485449902,10:05:18.485,80.9300,100
36318485449902,10:05:18.485,80.8800,30
36318485449902,10:05:18.485,80.8700,3
36318485449902,10:05:18.485,80.8700,70
36318485452163,10:05:18.485,80.8700,30
36318485452163,10:05:18.485,80.8700,100
36318485452163,10:05:18.485,80.8700,73
36318485478918,10:05:18.485,80.8700,27
36318485888134,10:05:18.485,80.7700,50
36318485888134,10:05:18.485,80.7700,45
36318485920472,10:05:18.485,80.7700,55
36319205183375,10:05:19.205,80.6450,100
36319205183375,10:05:19.205,80.6000,1
36324102634787,10:05:24.102,80.8400,100
36324102661921,10:05:24.102,80.8400,100
36324102693651,10:05:24.102,80.8400,100
36324102736523,10:05:24.102,80.8400,200
36324102762762,10:05:24.102,80.8500,100
36324103227397,10:05:24.103,80.8700,100
36341703939209,10:05:41.703,80.9500,60
36341703939209,10:05:41.703,80.9500,40
36341704334664,10:05:41.704,80.9500,40
36341704367519,10:05:41.704,80.9500,20
36353950650273,10:05:53.950,81.0700,100
36382659797153,10:06:22.659,81.1700,19
36383428884941,10:06:23.428,81.2000,100
36387564979082,10:06:27.564,81.1200,100
36429096977018,10:07:09.096,81.1700,20
36429096998225,10:07:09.096,81.1700,80
36429097619620,10:07:09.097,81.1000,10
36429097619620,10:07:09.097,81.1800,100
36429097619620,10:07:09.097,81.1800,100
36429097619620,10:07:09.097,81.1800,90
36429097659654,10:07:09.097,81.2100,80
36429097664337,10:07:09.097,81.2100,20
36429097664337,10:07:09.097,81.2200,80
36429097700173,10:07:09.097,81.2200,20
36429097725142,10:07:09.097,81.1700,90
36429098043901,10:07:09.098,81.1700,4
36429098067227,10:07:09.098,81.1700,6
36463098452450,10:07:43.098,81.1200,100
36463098456219,10:07:43.098,81.0300,80
36463098457942,10:07:43.098,81.0300,20
36463098457942,10:07:43.098,81.0200,80
36463098489199,10:07:43.098,81.0200,20
36463098489199,10:07:43.098,81.0200,100
36463098489199,10:07:43.098,81.0200,100
36463099867539,10:07:43.099,80.8800,100
36464643462238,10:07:44.643,80.8700,100
36471063915793,10:07:51.063,80.6000,100
36471734248100,10:07:51.734,80.5800,10
36473739722512,10:07:53.739,80.4500,10
36478067659241,10:07:58.067,80.5200,100
36478067659241,10:07:58.067,80.5200,100
36478067659241,10:07:58.067,80.5200,100
36478067659241,10:07:58.067,80.5200,100
36478067725881,10:07:58.067,80.5400,100
36478067742339,10:07:58.067,80.5200,100
36478068769088,10:07:58.068,80.6700,100
36478068769088,10:07:58.068,80.6700,100
36478068804855,10:07:58.068,80.6800,100
36478068809276,10:07:58.068,80.6900,100
36507100468422,10:08:27.100,80.7200,100
36519605400588,10:08:39.605,80.8100,100
36523571861373,10:08:43.571,80.8100,100
36529953608274,10:08:49.953,80.9400,57
36532487753493,10:08:52.487,80.8500,1
36552335695609,10:09:12.335,80.9300,81
36552335699630,10:09:12.335,80.9300,19
36552335699630,10:09:12.335,80.9400,81
36552335768105,10:09:12.335,80.9400,22
36552335768105,10:09:12.335,80.9500,78
36552335908468,10:09:12.335,80.9500,22
36552336141495,10:09:12.336,80.9800,15
36552336206361,10:09:12.336,80.9800,7
36552336212500,10:09:12.336,80.9800,28
36552336251169,10:09:12.336,80.9800,14
36552339262582,10:09:12.339,80.9900,100
36570600717100,10:09:30.600,81.0500,4
36570600757336,10:09:30.600,81.0500,6
36570601118386,10:09:30.601,81.0500,100
36574573213457,10:09:34.573,80.9800,50
36574573534041,10:09:34.573,80.9700,100
36574573534041,10:09:34.573,80.9700,100
36585420110238,10:09:45.420,80.9700,100
36588896745563,10:09:48.896,80.8300,100
36588896812344,10:09:48.896,80.8100,100
36588897243833,10:09:48.897,80.8000,10
36588897290618,10:09:48.897,80.8000,7
36588921081244,10:09:48.921,80.9200,34
36600799702030,10:10:00.799,80.8400,100
36610461215789,10:10:10.461,80.9200,100
36611109388902,10:10:11.109,80.8700,100
36624864925875,10:10:24.864,80.7900,100
36625243408766,10:10:25.243,80.6600,100
36641416758013,10:10:41.416,80.7600,72
36641416791422,10:10:41.416,80.7600,28
36641416791422,10:10:41.416,80.7700,100
36641416793724,10:10:41.416,80.8500,89
36641416797726,10:10:41.416,80.8500,11
36641417035366,10:10:41.417,80.8600,37
36641417294058,10:10:41.417,80.8600,63
36641417454255,10:10:41.417,80.8900,19
36649110533435,10:10:49.110,80.8700,100
36650719302643,10:10:50.719,80.9000,100
36694111982350,10:11:34.111,80.8800,100
36694111982350,10:11:34.111,80.8800,100
36694112041475,10:11:34.112,80.8900,51
36694112047397,10:11:34.112,80.8900,18
36694112047397,10:11:34.112,80.8900,69
36694112047397,10:11:34.112,80.9000,100
36694112047397,10:11:34.112,80.9000,100
36694112122262,10:11:34.112,80.8800,48
36694112163851,10:11:34.112,80.8800,50
36700853168495,10:11:40.853,80.9900,100
36700853228608,10:11:40.853,81.0000,6
36700853228608,10:11:40.853,81.0000,188
36700853233685,10:11:40.853,81.0000,100
36700853262058,10:11:40.853,81.0000,12
36707861269518,10:11:47.861,81.1700,100
36707861352887,10:11:47.861,81.1800,100
36707861589702,10:11:47.861,81.1700,100
36718227283808,10:11:58.227,81.3400,100
36729210668574,10:12:09.210,81.3700,5
36729211077072,10:12:09.211,81.3700,40
36766007033090,10:12:46.007,81.3500,100
36766007033090,10:12:46.007,81.3600,90
36766007080234,10:12:46.007,81.3600,10
36772113960958,10:12:52.113,81.3500,100
36784467432470,10:13:04.467,81.3600,10
36786670294775,10:13:06.670,81.3300,100
36794553502392,10:13:14.553,81.3600,100
36794553609756,10:13:14.553,81.3700,100
36794553609756,10:13:14.553,81.3700,100
36794553609756,10:13:14.553,81.3700,100
36800437479419,10:13:20.437,81.5000,100
36800437570338,10:13:20.437,81.4200,100
36800437790259,10:13:20.437,81.5000,100
36801157294061,10:13:21.157,81.5100,18
36801157294061,10:13:21.157,81.5100,82
36801157677707,10:13:21.157,81.5100,5
36801157971929,10:13:21.157,81.5100,13
36815110071424,10:13:35.110,81.5500,100
36815111063761,10:13:35.111,81.5000,50
36815969989024,10:13:35.969,81.5700,100
36816063262750,10:13:36.063,81.5800,100
36816069882342,10:13:36.069,81.5900,100
36816137544716,10:13:36.137,81.5900,100
36817042920387,10:13:37.042,81.7300,100
36824148700688,10:13:44.148,81.7700,100
36826256601724,10:13:46.256,81.7800,3
36826256601724,10:13:46.256,81.7900,67
36826256601724,10:13:46.256,81.7900,30
36843382687619,10:14:03.382,81.8500,50
36870631678213,10:14:30.631,81.9300,100
36870632069805,10:14:30.632,81.9200,2
36872500309945,10:14:32.500,81.9200,98
36872500309945,10:14:32.500,81.9200,2
36872500372840,10:14:32.500,81.8500,50
36872500748275,10:14:32.500,81.9200,1
36879098856613,10:14:39.098,81.9100,100
36882117043271,10:14:42.117,81.9000,100
36882117046840,10:14:42.117,81.8400,50
36882117048370,10:14:42.117,81.8100,100
36882117048370,10:14:42.117,81.7900,50
36882117074286,10:14:42.117,81.7900,100
36882117108292,10:14:42.117,81.7900,11
36882117122890,10:14:42.117,81.7900,89
36882117272931,10:14:42.117,81.7800,100
36882117272931,10:14:42.117,81.7800,37
36882117491331,10:14:42.117,81.7900,2
36882117604921,10:14:42.117,81.7800,163
36882117615865,10:14:42.117,81.7900,98
36882117615865,10:14:42.117,81.8300,100
36882117615865,10:14:42.117,81.9100,2
36882117676544,10:14:42.117,81.8500,50
36882117678286,10:14:42.117,81.7800,50
36882117678286,10:14:42.117,81.7500,50
36882117836223,10:14:42.117,81.7800,50
36882117961238,10:14:42.117,81.7500,50
36882120738388,10:14:42.120,81.6800,32
36882121510700,10:14:42.121,81.6800,16
36883133423848,10:14:43.133,81.6900,100
36883133423848,10:14:43.133,81.6800,74
36883768679123,10:14:43.768,81.6800,100
36883770223365,10:14:43.770,81.6300,100
36923703945358,10:15:23.703,81.1500,36
36925501394427,10:15:25.501,81.1700,100
36934346153603,10:15:34.346,81.0400,100
36934346224600,10:15:34.346,81.0800,47
36934346503158,10:15:34.346,81.0400,13
36934347572157,10:15:34.347,81.0400,34
36936581982082,10:15:36.581,81.0900,100
36936581982082,10:15:36.581,81.0900,100
36936581982082,10:15:36.581,81.0900,7
36936581982082,10:15:36.581,81.0900,100
36936581982082,10:15:36.581,81.0900,54
36936582012695,10:15:36.582,81.0900,146
36936582038943,10:15:36.582,81.1000,100
36936582038943,10:15:36.582,81.1000,100
36936582038943,10:15:36.582,81.1100,100
36936582187183,10:15:36.582,81.0900,100
36936582295501,10:15:36.582,81.1200,100
36936582763873,10:15:36.582,81.1000,100
36936914407621,10:15:36.914,81.1200,100
36936914461185,10:15:36.914,81.1200,100
36936914484205,10:15:36.914,81.1200,100
36936914609165,10:15:36.914,81.1300,100
36936914609165,10:15:36.914,81.1300,61
36936914648268,10:15:36.914,81.1400,100
36936914658267,10:15:36.914,81.1500,100
36936914658267,10:15:36.914,81.1700,50
36936914661207,10:15:36.914,81.1700,50
36936914887502,10:15:36.914,81.1700,75
36936914983942,10:15:36.914,81.1700,25
36944405129756,10:15:44.405,81.1400,100
36944405156473,10:15:44.405,81.1400,3
36951105632144,10:15:51.105,81.2400,100
36951105666282,10:15:51.105,81.2400,300
36951105710530,10:15:51.105,81.2500,17
36951106434990,10:15:51.106,81.2500,83
36951112700999,10:15:51.112,81.3000,50
36951112726583,10:15:51.112,81.3000,50
36957700355776,10:15:57.700,81.3600,100
36965852263857,10:16:05.852,81.4000,100
36965852263857,10:16:05.852,81.4000,100
36965852263857,10:16:05.852,81.4000,18
36971454686210,10:16:11.454,81.5100,100
36985582400503,10:16:25.582,81.6500,100
36985582400503,10:16:25.582,81.6500,100
37003239882426,10:16:43.239,81.7800,30
37003239882426,10:16:43.239,81.7800,70
37029121610593,10:17:09.121,81.8100,100
37029121991820,10:17:09.121,81.8100,3
37029127050188,10:17:09.127,81.8100,84
37029127050188,10:17:09.127,81.8300,16
37029139834839,10:17:09.139,81.8300,84
37029139834839,10:17:09.139,81.8500,16
37039116713319,10:17:19.116,81.8200,100
37039120194345,10:17:19.120,81.8200,100
37040199817125,10:17:20.199,81.8900,100
37040200172648,10:17:20.200,81.8500,100
37040200270076,10:17:20.200,81.8200,100
37040200296185,10:17:20.200,81.8200,100
37064818392637,10:17:44.818,81.7100,90
37065853000377,10:17:45.853,81.6500,50
37065853517242,10:17:45.853,81.6300,100
37065853552165,10:17:45.853,81.6300,100
37065853552165,10:17:45.853,81.6300,100
37065853552165,10:17:45.853,81.6300,100
37065853552165,10:17:45.853,81.6300,100
37065853578744,10:17:45.853,81.6300,100
37065853597745,10:17:45.853,81.6200,100
37065853597745,10:17:45.853,81.6100,10
37065853597745,10:17:45.853,81.6000,100
37065857668217,10:17:45.857,81.4800,20
37065857694168,10:17:45.857,81.4800,80
37122882068501,10:18:42.882,81.1100,100
37124386605320,10:18:44.386,81.3200,100
37124386605320,10:18:44.386,81.3200,110
37124386605320,10:18:44.386,81.3200,100
37124386605320,10:18:44.386,81.3200,90
37124386643878,10:18:44.386,81.3200,10
37124386643878,10:18:44.386,81.3200,40
37124386647085,10:18:44.386,81.3200,50
37124386655225,10:18:44.386,81.3200,10
37124386661605,10:18:44.386,81.3200,7
37124386661605,10:18:44.386,81.3200,1
37124386661605,10:18:44.386,81.3200,92
37124386664730,10:18:44.386,81.3200,8
37124386998658,10:18:44.386,81.3200,100
37130135983401,10:18:50.135,81.3500,100
37130135998676,10:18:50.135,81.3500,30
37130144238251,10:18:50.144,81.3900,100
37137320901883,10:18:57.320,81.4000,100
37137321429191,10:18:57.321,81.4200,100
37142631426049,10:19:02.631,81.4200,8
37142631817239,10:19:02.631,81.4200,5
37209846775998,10:20:09.846,81.4100,40
37209846775998,10:20:09.846,81.4200,71
37209846804563,10:20:09.846,81.4200,29
37209846804563,10:20:09.846,81.4200,18
37209847191537,10:20:09.847,81.4300,10
37209847206016,10:20:09.847,81.4300,4
37209847388427,10:20:09.847,81.3300,100
37209847622973,10:20:09.847,81.4200,10
37209847622973,10:20:09.847,81.4300,76
37209847680073,10:20:09.847,81.4300,10
37209847905987,10:20:09.847,81.4400,100
37209847905987,10:20:09.847,81.4400,100
37209847941848,10:20:09.847,81.4500,92
37209848212831,10:20:09.848,81.4500,8
37219074055133,10:20:19.074,81.4500,10
37219077181609,10:20:19.077,81.4800,100
37223359707320,10:20:23.359,81.5300,100
37223373293057,10:20:23.373,81.5700,70
37223373323816,10:20:23.373,81.5700,30
37231125606119,10:20:31.125,81.5900,90
37247596223076,10:20:47.596,81.6300,100
37247596223076,10:20:47.596,81.6000,10
37247596374729,10:20:47.596,81.6000,11
37247596405889,10:20:47.596,81.6000,89
37247596777305,10:20:47.596,81.5500,50
37247597444209,10:20:47.597,81.5400,100
37247597449331,10:20:47.597,81.5400,100
37247597487056,10:20:47.597,81.5400,100
37247597487056,10:20:47.597,81.5400,100
37247597541390,10:20:47.597,81.5400,69
37247597597464,10:20:47.597,81.5400,200
37247597671174,10:20:47.597,81.5400,200
37259892972979,10:20:59.892,81.5400,31
37263126917742,10:21:03.126,81.4200,100
37263126917742,10:21:03.126,81.3900,200
37263126945884,10:21:03.126,81.3900,100
37263135562149,10:21:03.135,81.4700,100
37300318397758,10:21:40.318,81.3300,100
37300318397758,10:21:40.318,81.3300,100
37300318448967,10:21:40.318,81.2800,50
37300318648841,10:21:40.318,81.2800,50
37300318660470,10:21:40.318,81.2000,90
37300320016981,10:21:40.320,81.2000,10
37316133131489,10:21:56.133,81.2600,100
37334795694632,10:22:14.795,81.0400,200
37340077688239,10:22:20.077,80.9900,200
37340077711448,10:22:20.077,80.9900,100
37340077787771,10:22:20.077,80.9900,10
37340077842489,10:22:20.077,80.9700,10
37341066970254,10:22:21.066,80.8900,56
37341066997184,10:22:21.066,80.8900,44
37341066997184,10:22:21.066,80.8900,100
37341067004213,10:22:21.067,80.8900,50
37341067008147,10:22:21.067,80.8900,50
37341067014826,10:22:21.067,80.8900,90
37341067025313,10:22:21.067,80.8900,144
37341067027024,10:22:21.067,80.8900,5
37346149988340,10:22:26.149,80.9100,100
37372733379852,10:22:52.733,80.8400,7
37372733379852,10:22:52.733,80.8500,93
37372733412788,10:22:52.733,80.8500,7
37372733412788,10:22:52.733,80.8500,100
37372733412788,10:22:52.733,80.8500,100
37372733457322,10:22:52.733,80.8600,100
37372733457322,10:22:52.733,80.8700,100
37372733457322,10:22:52.733,80.8700,5
37372733466108,10:22:52.733,80.8700,50
37372733667295,10:22:52.733,80.8700,45
37372733700930,10:22:52.733,80.8800,37
37372733701618,10:22:52.733,80.8800,63
37372733701618,10:22:52.733,80.8800,12
37372733849067,10:22:52.733,80.8800,63
37372733857301,10:22:52.733,80.8800,25
37378247008335,10:22:58.247,80.8500,100
37378253590415,10:22:58.253,80.9900,100
37378260842904,10:22:58.260,80.8500,100
37415205183977,10:23:35.205,81.0100,18
37415205183977,10:23:35.205,81.0100,100
37415205219651,10:23:35.205,81.0200,18
37415205246659,10:23:35.205,81.0200,82
37415205269281,10:23:35.205,81.0100,100
37431185843863,10:23:51.185,81.1200,100
37431187252467,10:23:51.187,81.1800,100
37431187752302,10:23:51.187,81.1900,100
37431190942952,10:23:51.190,81.3100,100
37438137181208,10:23:58.137,81.3300,100
37449479861050,10:24:09.479,81.3600,100
37449479861050,10:24:09.479,81.3600,100
37449479924205,10:24:09.479,81.3600,100
37449479953271,10:24:09.479,81.3500,100
37487134298174,10:24:47.134,81.4500,100
37487134331950,10:24:47.134,81.4600,82
37487134336644,10:24:47.134,81.4600,18
37487138159524,10:24:47.138,81.4800,100
37487328012858,10:24:47.328,81.5100,100
37487328440143,10:24:47.328,81.5200,35
37487328447830,10:24:47.328,81.5200,50
37487328449062,10:24:47.328,81.5200,15
37487328449721,10:24:47.328,81.5400,17
37487328488934,10:24:47.328,81.5400,283
37492902799427,10:24:52.902,81.5600,70
37492902799427,10:24:52.902,81.5500,100
37492906592083,10:24:52.906,81.4500,100
37512388770708,10:25:12.388,81.6800,18
37525246071969,10:25:25.246,81.8300,100
37544302125171,10:25:44.302,81.9500,100
37576468460947,10:26:16.468,81.9700,91
37576468858341,10:26:16.468,81.9700,9
37576468957832,10:26:16.468,81.8800,100
37588448576312,10:26:28.448,81.8000,32
37588448576312,10:26:28.448,81.8000,100
37588448647842,10:26:28.448,81.8000,100
37588448673873,10:26:28.448,81.7900,100
37588448673873,10:26:28.448,81.7900,100
37625264020801,10:27:05.264,81.6700,100
37625264020801,10:27:05.264,81.6700,100
37625264020801,10:27:05.264,81.6700,60
37625265433818,10:27:05.265,81.6800,1
37625265460894,10:27:05.265,81.6800,100
37625437855364,10:27:05.437,81.7000,100
37625879580400,10:27:05.879,81.5900,100
37639500173101,10:27:19.500,81.5900,100
37659144701607,10:27:39.144,81.6900,100
37659144701607,10:27:39.144,81.6900,100
37659144701607,10:27:39.144,81.6900,51
37659144729357,10:27:39.144,81.6900,49
37659144729357,10:27:39.144,81.6900,18
37659144818946,10:27:39.144,81.7000,16
37659144844761,10:27:39.144,81.7000,84
37660451874474,10:27:40.451,81.7200,100
37663466390049,10:27:43.466,81.7500,100
37681328532717,10:28:01.328,81.9000,11
37694144555466,10:28:14.144,81.8100,100
37730347640558,10:28:50.347,81.9200,100
37730938523332,10:28:50.938,81.9300,100
37730938523332,10:28:50.938,81.9300,100
37730938523332,10:28:50.938,81.9300,18
37730938523332,10:28:50.938,81.9300,100
37737083100591,10:28:57.083,82.0000,5
37737083100591,10:28:57.083,82.0700,3
37737950884812,10:28:57.950,82.0700,50
37737950900825,10:28:57.950,82.0700,47
37737950900825,10:28:57.950,82.2000,10
37737950900825,10:28:57.950,82.2200,43
37741243061754,10:29:01.243,82.2000,100
37741273844461,10:29:01.273,82.1300,100
37741496118667,10:29:01.496,82.2600,10
37741542639852,10:29:01.542,82.2600,10
37742445417089,10:29:02.445,82.0900,100
37742445417089,10:29:02.445,82.0800,100
37742445417089,10:29:02.445,82.0800,10
37742445456564,10:29:02.445,82.0800,100
37745558786596,10:29:05.558,81.9600,100
37745559241758,10:29:05.559,81.9600,320
37745559319580,10:29:05.559,81.9300,100
37745560054275,10:29:05.560,81.8500,100
37759675153215,10:29:19.675,81.9700,10
37765349714523,10:29:25.349,81.8300,100
37770349619112,10:29:30.349,81.8300,100
37771875144489,10:29:31.875,81.7100,100
37777224180165,10:29:37.224,81.8400,58
37830106250273,10:30:30.106,81.5600,100
37836707962951,10:30:36.707,81.6350,100
37838602963732,10:30:38.602,81.6350,100
37838780395232,10:30:38.780,81.7100,22
37838780395232,10:30:38.780,81.7200,100
37838780395232,10:30:38.780,81.7200,78
37838780426423,10:30:38.780,81.7200,22
37838780551685,10:30:38.780,81.7200,100
37838780888436,10:30:38.780,81.7300,100
37838780891691,10:30:38.780,81.7300,37
37838807243297,10:30:38.807,81.7200,100
37838807542697,10:30:38.807,81.7300,63
37838807706189,10:30:38.807,81.7400,13
37838807735898,10:30:38.807,81.7400,87
37838807735898,10:30:38.807,81.7400,100
37931731918988,10:32:11.731,81.7900,32
37931731918988,10:32:11.731,81.8300,68
37934176168986,10:32:14.176,81.8600,70
37934176168986,10:32:14.176,81.8600,100
37934176168986,10:32:14.176,81.8600,31
37934176719053,10:32:14.176,81.8700,89
37934176975935,10:32:14.176,81.8700,11
37934176975935,10:32:14.176,81.8700,17
37943941985663,10:32:23.941,81.8800,100
37943942304791,10:32:23.942,81.8900,100
37943942317681,10:32:23.942,81.8900,13
37943942319437,10:32:23.942,81.8900,50
37943942335499,10:32:23.942,81.8900,37
37965954144770,10:32:45.954,81.9600,20
37965954144770,10:32:45.954,81.9700,5
37965954144770,10:32:45.954,81.9800,20
37965954144770,10:32:45.954,81.9900,20
37965954144770,10:32:45.954,82.0100,1
37965954144770,10:32:45.954,82.0200,34
37965954445655,10:32:45.954,82.0200,8
37965954649050,10:32:45.954,82.0200,58
37965954649050,10:32:45.954,82.0300,42
37965954881003,10:32:45.954,82.0300,2
37965955033096,10:32:45.955,82.0300,30
37965955661291,10:32:45.955,82.0300,26
37973371656963,10:32:53.371,82.0400,20
37973371656963,10:32:53.371,82.0400,280
37973372055320,10:32:53.372,82.0400,3
37994705024837,10:33:14.705,82.0400,17
37994705024837,10:33:14.705,82.0400,100
37994705128700,10:33:14.705,81.9800,100
37994706071373,10:33:14.706,82.0300,83
37994713024059,10:33:14.713,82.0500,2
37994713024059,10:33:14.713,82.0500,98
38002547607378,10:33:22.547,82.0500,2
38002547607378,10:33:22.547,82.0600,8
38002548015229,10:33:22.548,82.0600,2
38034747941467,10:33:54.747,81.9700,93
38034747941467,10:33:54.747,81.9600,28
38034747970257,10:33:54.747,81.9600,72
38034747970257,10:33:54.747,81.9600,100
38034747995153,10:33:54.747,81.9600,90
38034747995153,10:33:54.747,81.9600,10
38034748003855,10:33:54.748,81.9600,172
38034748009417,10:33:54.748,81.9600,51
38034748024522,10:33:54.748,81.9600,49
38034748025704,10:33:54.748,81.9600,49
38034748051443,10:33:54.748,81.9600,172
38034748110272,10:33:54.748,81.9600,100
38034748229684,10:33:54.748,81.9600,49
38034748271303,10:33:54.748,81.9600,100
38034748348780,10:33:54.748,81.9600,2
38034748364940,10:33:54.748,81.9500,51
38034748392748,10:33:54.748,81.9600,98
38034748626469,10:33:54.748,81.9500,49
38034748626469,10:33:54.748,81.9500,100
38034748911214,10:33:54.748,81.9600,7
38034748920933,10:33:54.748,81.9600,30
38034748973113,10:33:54.748,81.9600,2
38034749072657,10:33:54.749,81.9600,68
38034749072657,10:33:54.749,81.9600,7
38034749072657,10:33:54.749,81.9600,7
38034749072657,10:33:54.749,81.9600,7
38034749121073,10:33:54.749,81.9600,24
38034749784056,10:33:54.749,81.9600,100
38034749810922,10:33:54.749,81.9600,76
38034757154899,10:33:54.757,81.9600,100
38035511300528,10:33:55.511,81.9300,100
38036346514925,10:33:56.346,81.9200,100
38038420388630,10:33:58.420,81.8900,7
38041749942649,10:34:01.749,81.9900,100
38041750053940,10:34:01.750,82.0000,100
38041750135209,10:34:01.750,81.9900,100
38041750135209,10:34:01.750,81.9800,7
38047260144694,10:34:07.260,82.0200,100
38047260144694,10:34:07.260,82.0200,100
38047260178500,10:34:07.260,82.0200,100
38047260178500,10:34:07.260,82.0200,100
38047260254569,10:34:07.260,82.0300,100
38047260254569,10:34:07.260,82.0300,41
38047260258529,10:34:07.260,82.0300,100
38047260278334,10:34:07.260,82.0300,100
38047260688975,10:34:07.260,82.0300,100
38047260801812,10:34:07.260,82.0300,100
38047260801812,10:34:07.260,82.0300,59
38047260801812,10:34:07.260,82.0400,58
38047260957306,10:34:07.260,82.0400,2
38047260988024,10:34:07.260,82.0200,100
38047260988024,10:34:07.260,82.0200,100
38047261194870,10:34:07.261,82.0300,100
38047261565011,10:34:07.261,82.0400,40
38047261565011,10:34:07.261,82.0400,17
38047261565011,10:34:07.261,82.0400,43
38047261595305,10:34:07.261,82.0400,57
38047261693740,10:34:07.261,82.0700,5
38047262006221,10:34:07.262,82.0900,10
38047262006221,10:34:07.262,82.0900,90
38047283675028,10:34:07.283,82.0800,100
38047285707760,10:34:07.285,82.0900,100
38048631516220,10:34:08.631,82.0200,8
38048631516220,10:34:08.631,82.0200,8
38063500985067,10:34:23.500,81.9800,100
38073014045880,10:34:33.014,82.0200,100
38073063724043,10:34:33.063,81.9800,10
38091814826677,10:34:51.814,82.1000,100
38091815357781,10:34:51.815,82.1200,10
38096460391700,10:34:56.460,82.1300,20
38096460391700,10:34:56.460,82.1400,20
38096460391700,10:34:56.460,82.1500,20
38096460391700,10:34:56.460,82.1800,40
38096460513864,10:34:56.460,82.1800,60
38096461318718,10:34:56.461,82.1800,20
38114316991729,10:35:14.316,82.1900,20
38114317019910,10:35:14.317,82.1700,100
38122370158746,10:35:22.370,82.2000,20
38122370730518,10:35:22.370,82.2100,20
38122373268283,10:35:22.373,82.2200,20
38122374978873,10:35:22.374,82.2300,10
38122377340960,10:35:22.377,82.2400,20
38122379266345,10:35:22.379,82.2600,1
38122379266345,10:35:22.379,82.2600,100
38122380656989,10:35:22.380,82.2700,20
38123117926917,10:35:23.117,82.2700,26
38123117926917,10:35:23.117,82.2700,74
38123118326588,10:35:23.118,82.2700,26
38123785620106,10:35:23.785,82.2800,16
38123785620106,10:35:23.785,82.2800,2
38123785620106,10:35:23.785,82.2900,20
38123785620106,10:35:23.785,82.3000,20
38123785620106,10:35:23.785,82.3100,20
38123785620106,10:35:23.785,82.3200,45
38123785620106,10:35:23.785,82.3300,2
38123785620106,10:35:23.785,82.3400,20
38123785620106,10:35:23.785,82.3500,20
38123785620106,10:35:23.785,82.3600,20
38123785620106,10:35:23.785,82.3700,2
38123785620106,10:35:23.785,82.3700,13
38123815898170,10:35:23.815,82.3700,50
38123815988192,10:35:23.815,82.3800,20
38125258252234,10:35:25.258,82.3700,50
38125265193868,10:35:25.265,82.3800,50
38125265574987,10:35:25.265,82.3800,5
38125782546067,10:35:25.782,82.3800,45
38125782546067,10:35:25.782,82.3800,55
38129783044565,10:35:29.783,82.3900,20
38129783044565,10:35:29.783,82.4000,1
38129783044565,10:35:29.783,82.4000,1
38129783044565,10:35:29.783,82.4100,78
38129783456752,10:35:29.783,82.4100,5
38131180450026,10:35:31.180,82.4100,17
38131180450026,10:35:31.180,82.4100,100
38131180781814,10:35:31.180,82.4200,10
38131201175528,10:35:31.201,82.4300,5
38131208369418,10:35:31.208,82.4400,20
38131252043489,10:35:31.252,82.4600,20
38132484676329,10:35:32.484,82.4700,20
38132484676329,10:35:32.484,82.4900,10
38132484676329,10:35:32.484,82.5000,20
38132484676329,10:35:32.484,82.5100,20
38132484676329,10:35:32.484,82.5100,30
38132569966830,10:35:32.569,82.5200,20
38144171854028,10:35:44.171,82.4900,100
38144172250552,10:35:44.172,82.4900,3
38144175325937,10:35:44.175,82.4900,60
38144194590428,10:35:44.194,82.4900,37
38144194590428,10:35:44.194,82.5000,63
38144194891797,10:35:44.194,82.5000,37
38144195306671,10:35:44.195,82.5100,95
38144213734819,10:35:44.213,82.5200,100
38144229397132,10:35:44.229,82.5500,5
38144229397132,10:35:44.229,82.5600,95
38144245491374,10:35:44.245,82.5000,100
38144261440680,10:35:44.261,82.5500,100
38144277201101,10:35:44.277,82.5500,31
38144293406248,10:35:44.293,82.5600,65
38144293406248,10:35:44.293,82.5600,20
38144293406248,10:35:44.293,82.5800,15
38144293431994,10:35:44.293,82.5600,100
38144311071319,10:35:44.311,82.5500,10
38144311071319,10:35:44.311,82.5600,25
38144311071319,10:35:44.311,82.5800,5
38144311071319,10:35:44.311,82.6000,60
38144329371020,10:35:44.329,82.6000,40
38144329371020,10:35:44.329,82.6000,20
38144329371020,10:35:44.329,82.6000,40
38144348879322,10:35:44.348,82.6300,20
38144348879322,10:35:44.348,82.6400,5
38144349448547,10:35:44.349,82.6400,15
38144349448547,10:35:44.349,82.6500,85
38144369284191,10:35:44.369,82.6500,15
38144369284191,10:35:44.369,82.6500,1
38144369284191,10:35:44.369,82.6700,20
38144369284191,10:35:44.369,82.6800,17
38144369284191,10:35:44.369,82.6900,47
38144387416734,10:35:44.387,82.6800,100
38144419177492,10:35:44.419,82.6900,53
38144419177492,10:35:44.419,82.7500,347
38153685936806,10:35:53.685,82.7600,10
38153685936806,10:35:53.685,82.7700,10
38153685936806,10:35:53.685,82.7800,10
38157377159840,10:35:57.377,82.8000,100
38158154537723,10:35:58.154,82.8100,9
38158154537723,10:35:58.154,82.8100,1
38158154537723,10:35:58.154,82.8100,90
38158154662118,10:35:58.154,82.8100,10
38158155166046,10:35:58.155,82.8700,8
38161318304930,10:36:01.318,82.6900,100
38161318367099,10:36:01.318,82.6400,100
38161318426573,10:36:01.318,82.6200,100
38161318450693,10:36:01.318,82.6200,90
38161319060896,10:36:01.319,82.6100,85
38161319071307,10:36:01.319,82.6100,15
38161782290485,10:36:01.782,82.6200,100
38162808460267,10:36:02.808,82.7100,100
38162962335028,10:36:02.962,82.6100,100
38162983187355,10:36:02.983,82.7600,100
38163002491693,10:36:03.002,82.7700,100
38163023939621,10:36:03.023,82.7800,100
38163041094693,10:36:03.041,82.8700,100
38163057242330,10:36:03.057,82.8900,100
38163093348048,10:36:03.093,82.9700,100
38163110653890,10:36:03.110,82.8200,100
38163111288788,10:36:03.111,82.8100,90
38163111315516,10:36:03.111,82.8100,10
38165637531565,10:36:05.637,82.7400,10
38165637531565,10:36:05.637,82.7400,6
38165637595816,10:36:05.637,82.7400,94
38165637595816,10:36:05.637,82.7300,193
38165637623634,10:36:05.637,82.7300,7
38165637623634,10:36:05.637,82.7300,87
38165637648384,10:36:05.637,82.7300,100
38165637703072,10:36:05.637,82.6300,100
38168046505111,10:36:08.046,82.5900,100
38168047051367,10:36:08.047,82.5900,100
38168047367044,10:36:08.047,82.5800,100
38168067257574,10:36:08.067,82.5300,10
38168069016478,10:36:08.069,82.5200,31
38170069960314,10:36:10.069,82.4400,100
38170071449639,10:36:10.071,82.3800,50
38183249891515,10:36:23.249,82.2900,100
38183261634509,10:36:23.261,82.3500,100
38183261690327,10:36:23.261,82.3500,100
38183261732325,10:36:23.261,82.3600,15
38183261770371,10:36:23.261,82.3500,100
38183263333905,10:36:23.263,82.3600,85
38183263333905,10:36:23.263,82.3600,300
38183263333905,10:36:23.263,82.3600,100
38183263880451,10:36:23.263,82.3700,100
38183263890779,10:36:23.263,82.3600,100
38183263973236,10:36:23.263,82.3600,196
38183287766533,10:36:23.287,82.3600,100
38183289362658,10:36:23.289,82.3800,100
38183297965341,10:36:23.297,82.4300,100
38183304751559,10:36:23.304,82.4600,100
38209409924244,10:36:49.409,82.4900,100
38209409925480,10:36:49.409,82.4900,100
38209417630769,10:36:49.417,82.4800,100
38209420381741,10:36:49.420,82.4900,1
38209420381741,10:36:49.420,82.4900,100
38209426822550,10:36:49.426,82.6100,100
38209429822874,10:36:49.429,82.6200,100
38209429822874,10:36:49.429,82.6200,100
38209432949906,10:36:49.432,82.6300,18
38209436357559,10:36:49.436,82.6400,100
38209440029867,10:36:49.440,82.7200,100
38209444938108,10:36:49.444,82.8000,100
38209444938108,10:36:49.444,82.8000,100
38217781212537,10:36:57.781,82.8200,100
38217781605862,10:36:57.781,82.8100,30
38225334545082,10:37:05.334,82.7900,100
38225334545082,10:37:05.334,82.7900,100
38225385808329,10:37:05.385,82.5800,70
38227517485243,10:37:07.517,82.7900,100
38227517485243,10:37:07.517,82.7900,100
38227517485243,10:37:07.517,82.7900,100
38227519594971,10:37:07.519,82.8000,100
38227520499002,10:37:07.520,82.8100,70
38227520499002,10:37:07.520,82.8100,30
38227520888648,10:37:07.520,82.8100,5
38227526715525,10:37:07.526,82.8100,65
38227526715525,10:37:07.526,82.8100,100
38227526715525,10:37:07.526,82.8100,100
38227526742122,10:37:07.526,82.8100,100
38227527363983,10:37:07.527,82.8200,86
38227527435678,10:37:07.527,82.8500,48
38227530589167,10:37:07.530,82.9400,100
38227530632006,10:37:07.530,82.9400,100
38227532519502,10:37:07.532,82.9800,50
38227539962599,10:37:07.539,83.0000,87
38227540182714,10:37:07.540,82.8600,100
38227540465710,10:37:07.540,83.0000,13
38227782303943,10:37:07.782,82.7800,87
38227782303943,10:37:07.782,82.8100,13
38232855108642,10:37:12.855,82.7300,100
38232855108642,10:37:12.855,82.7500,100
38232867059827,10:37:12.867,82.7500,100
38232867059827,10:37:12.867,82.7500,100
38232867761083,10:37:12.867,82.7600,100
38232885289862,10:37:12.885,82.7800,100
38232887128300,10:37:12.887,82.7900,100
38232890557759,10:37:12.890,82.8100,87
38232890762583,10:37:12.890,82.8200,100
38232891312710,10:37:12.891,82.9800,50
38232891597390,10:37:12.891,82.8000,35
38232891597390,10:37:12.891,82.7800,65
38232891811703,10:37:12.891,82.8100,30
38232905800622,10:37:12.905,82.8500,100
38235265696112,10:37:15.265,82.8300,70
38235265696112,10:37:15.265,82.8100,30
38237781890758,10:37:17.781,83.0300,65
38237781890758,10:37:17.781,83.0500,35
38237782283085,10:37:17.782,83.0500,15
38240368507555,10:37:20.368,83.0500,100
38240368507555,10:37:20.368,83.0500,100
38240386171281,10:37:20.386,83.0600,25
38240386171281,10:37:20.386,83.0600,75
38240386562567,10:37:20.386,83.0600,3
38240402241481,10:37:20.402,83.0600,12
38240402241481,10:37:20.402,83.0700,69
38240402241481,10:37:20.402,83.0800,19
38240402713998,10:37:20.402,83.0800,2
38240429182657,10:37:20.429,83.0800,79
38240439982755,10:37:20.439,83.2500,100
38240456059857,10:37:20.456,83.2600,100
38240472060091,10:37:20.472,83.2600,85
38240472060091,10:37:20.472,83.2700,115
38240472691492,10:37:20.472,83.2700,70
38240493992631,10:37:20.493,83.2700,15
38249782226100,10:37:29.782,83.2100,100
38249782610295,10:37:29.782,83.2000,5
38255527020441,10:37:35.527,83.1900,100
38255527020441,10:37:35.527,83.1900,200
38255527020441,10:37:35.527,83.1900,100
38255527526653,10:37:35.527,83.2000,82
38255527740418,10:37:35.527,83.2000,13
38255527740418,10:37:35.527,83.2000,87
38255527922718,10:37:35.527,83.2000,3
38261346581391,10:37:41.346,83.2000,10
38261346581391,10:37:41.346,83.2000,90
38261346962870,10:37:41.346,83.2000,2
38292021311289,10:38:12.021,82.9700,100
38292021311289,10:38:12.021,82.9700,100
38296190389537,10:38:16.190,83.1300,100
38296190785470,10:38:16.190,83.1300,2
38298757194442,10:38:18.757,82.9100,92
38298757194442,10:38:18.757,82.8700,8
38298757583013,10:38:18.757,83.1300,1
38300545404434,10:38:20.545,83.1300,10
38341850507833,10:39:01.850,83.0900,100
38345552622980,10:39:05.552,82.9100,57
38348738576101,10:39:08.738,83.0600,100
38348738661565,10:39:08.738,82.9100,43
38348738661565,10:39:08.738,82.9000,100
38348738661565,10:39:08.738,82.8900,100
38348738661565,10:39:08.738,82.8900,57
38348738690749,10:39:08.738,82.8900,43
38348738690749,10:39:08.738,82.8900,100
38348738701908,10:39:08.738,82.8900,143
38348738715026,10:39:08.738,82.8900,100
38348738727946,10:39:08.738,82.8900,143
38348738754186,10:39:08.738,82.8900,23
38348738757390,10:39:08.738,82.8900,13
38348738757925,10:39:08.738,82.8900,64
38348738962145,10:39:08.738,83.0100,1
38348739184184,10:39:08.739,82.9100,36
38348739184184,10:39:08.739,82.8800,100
38348743777639,10:39:08.743,82.8500,5
38348743777639,10:39:08.743,82.8500,100
38348743806413,10:39:08.743,82.8500,100
38348743926939,10:39:08.743,82.8400,100
38348743926939,10:39:08.743,82.8400,62
38348743989613,10:39:08.743,82.8400,40
38348744102636,10:39:08.744,82.8400,20
38348744129243,10:39:08.744,82.8400,178
38348853987118,10:39:08.853,82.8200,200
38352118072733,10:39:12.118,82.7400,100
38352118096909,10:39:12.118,82.7400,100
38391444114410,10:39:51.444,82.5500,100
38393487765966,10:39:53.487,82.4700,100
38393487765966,10:39:53.487,82.4700,100
38393487790333,10:39:53.487,82.4700,100
38393487869593,10:39:53.487,82.4700,100
38443419836489,10:40:43.419,82.2700,100
38443420249928,10:40:43.420,82.2400,100
38443421352832,10:40:43.421,82.2300,100
38443421781812,10:40:43.421,82.1700,100
38449866557981,10:40:49.866,81.9200,100
38468558608708,10:41:08.558,81.9200,100
38468573981585,10:41:08.573,81.8700,200
38472615164881,10:41:12.615,81.8300,100
38497681183515,10:41:37.681,81.7700,100
38497681261185,10:41:37.681,81.7700,31
38497681290922,10:41:37.681,81.7700,100
38507099052962,10:41:47.099,81.6900,100
38530168918176,10:42:10.168,81.5400,100
38552755097786,10:42:32.755,81.5300,100
38559710193690,10:42:39.710,81.3800,100
38559710193690,10:42:39.710,81.3800,100
38576932489250,10:42:56.932,81.4400,100
38576932491152,10:42:56.932,81.4400,8
38576932491152,10:42:56.932,81.4400,100
38576932491152,10:42:56.932,81.4400,100
38576932491152,10:42:56.932,81.4400,54
38576932526309,10:42:56.932,81.4400,46
38576932534264,10:42:56.932,81.4500,100
38576932534264,10:42:56.932,81.4500,100
38576932534264,10:42:56.932,81.4500,100
38576932534264,10:42:56.932,81.4500,100
38576932582163,10:42:56.932,81.4600,58
38576932587680,10:42:56.932,81.4600,42
38576932595071,10:42:56.932,81.5300,4
38576932600907,10:42:56.932,81.5300,50
38585472970525,10:43:05.472,81.5100,100
38590114014488,10:43:10.114,81.5100,100
38590114310769,10:43:10.114,81.5200,100
38590114310769,10:43:10.114,81.5200,50
38590114313869,10:43:10.114,81.5200,50
38590114355635,10:43:10.114,81.5300,46
38590114852641,10:43:10.114,81.5100,100
38590114934553,10:43:10.114,81.5100,4
38590117476138,10:43:10.117,81.5100,96
38590255216422,10:43:10.255,81.5300,100
38590256696457,10:43:10.256,81.5800,100
38590257262533,10:43:10.257,81.6200,5
38590257902198,10:43:10.257,81.6500,1
38590257902198,10:43:10.257,81.6500,36
38590257930915,10:43:10.257,81.6500,13
38590257935482,10:43:10.257,81.6500,11
38590257940122,10:43:10.257,81.6400,100
38590257940122,10:43:10.257,81.6500,1
38590257976166,10:43:10.257,81.6500,39
38590261121482,10:43:10.261,81.6700,1
38590261230787,10:43:10.261,81.6900,1
38590261230787,10:43:10.261,81.7000,5
38590261385049,10:43:10.261,81.7100,100
38590262387390,10:43:10.262,81.6700,100
38590265195781,10:43:10.265,81.6800,2
38591947958317,10:43:11.947,81.7000,100
38594027389423,10:43:14.027,81.7000,100
38594027867891,10:43:14.027,81.7100,2
38594030279589,10:43:14.030,81.7100,100
38595780090289,10:43:15.780,81.7200,2
38595780090289,10:43:15.780,81.7500,2
38595780090289,10:43:15.780,81.7600,2
38595780090289,10:43:15.780,81.7700,2
38595780090289,10:43:15.780,81.7800,1
38595780090289,10:43:15.780,81.7900,10
38595780090289,10:43:15.780,81.7900,18
38675025897287,10:44:35.025,81.7800,100
38675026116507,10:44:35.026,81.7900,100
38675026116507,10:44:35.026,81.7900,100
38675026155743,10:44:35.026,81.8000,5
38675026158380,10:44:35.026,81.8000,50
38675026197614,10:44:35.026,81.7800,100
38675026392947,10:44:35.026,81.8000,13
38675028688095,10:44:35.028,81.8000,3
38690967560049,10:44:50.967,81.8000,97
38690967792150,10:44:50.967,81.8000,100
38698934395894,10:44:58.934,81.8100,2
38698934395894,10:44:58.934,81.8500,2
38698934395894,10:44:58.934,81.8500,17
38698935250007,10:44:58.935,81.8700,2
38698935934239,10:44:58.935,81.8800,2
38701238360933,10:45:01.238,81.8800,100
38701238831853,10:45:01.238,81.8900,10
38701243509411,10:45:01.243,81.9100,1
38701243509411,10:45:01.243,81.9100,1
38701243533844,10:45:01.243,81.9100,100
38701659533251,10:45:01.659,81.9200,1
38701659533251,10:45:01.659,81.9200,100
38701659628845,10:45:01.659,81.9300,100
38701660244235,10:45:01.660,81.9500,3
38701660244235,10:45:01.660,81.9500,2
38702536891072,10:45:02.536,81.9700,5
38702536945788,10:45:02.536,81.9800,5
38715521020192,10:45:15.521,81.9300,39
38715521044237,10:45:15.521,81.9300,61
38715521044237,10:45:15.521,81.9300,39
38715521048755,10:45:15.521,81.9300,100
38715521054400,10:45:15.521,81.9300,61
38715521055137,10:45:15.521,81.9300,61
38715521070029,10:45:15.521,81.9300,100
38715521744547,10:45:15.521,81.8800,2
38715527765543,10:45:15.527,81.8950,98
38721150269677,10:45:21.150,81.9100,90
38736025383750,10:45:36.025,81.9700,100
38736025383750,10:45:36.025,81.9800,100
38736025428712,10:45:36.025,81.9900,5
38736025428712,10:45:36.025,82.0000,1
38736025443978,10:45:36.025,81.9800,100
38736025699179,10:45:36.025,82.0000,1
38736025699179,10:45:36.025,82.0000,100
38736026092619,10:45:36.026,81.9900,70
38737138555838,10:45:37.138,82.0100,2
38737570236620,10:45:37.570,82.0300,2
38740265192171,10:45:40.265,82.0700,100
38742749402349,10:45:42.749,82.0800,2
38742749402349,10:45:42.749,82.0800,8
38755534714528,10:45:55.534,82.0900,2
38755534714528,10:45:55.534,82.0900,8
38755534726915,10:45:55.534,82.1000,2
38755534739020,10:45:55.534,82.1400,2
38755534739020,10:45:55.534,82.1400,8
38755534739020,10:45:55.534,82.1500,5
38755534739020,10:45:55.534,82.1600,2
38755534739020,10:45:55.534,82.1600,8
38755534740947,10:45:55.534,82.1600,10
38755534812036,10:45:55.534,82.1900,2
38755534812036,10:45:55.534,82.1900,5
38755534814572,10:45:55.534,82.1900,3
38755534816610,10:45:55.534,82.2200,2
38755534816610,10:45:55.534,82.2200,1
38755534818321,10:45:55.534,82.2200,7
38755534818321,10:45:55.534,82.2300,2
38755534818321,10:45:55.534,82.2300,1
38755534819315,10:45:55.534,82.2300,7
38755534833686,10:45:55.534,82.2400,2
38755534833686,10:45:55.534,82.2400,8
38755534843086,10:45:55.534,82.2500,1
38755534843086,10:45:55.534,82.2500,1
38755534843086,10:45:55.534,82.2500,8
38755534845404,10:45:55.534,82.2700,2
38755534845404,10:45:55.534,82.2700,1
38755534859981,10:45:55.534,82.2700,7
38755534882825,10:45:55.534,82.2800,3
38766544092230,10:46:06.544,82.2900,1
38766544092230,10:46:06.544,82.2900,9
38766544092230,10:46:06.544,82.3000,10
38766544092230,10:46:06.544,82.3000,65
38766544384671,10:46:06.544,82.3000,35
38766544384671,10:46:06.544,82.3000,18
38766544384671,10:46:06.544,82.3100,20
38768105888002,10:46:08.105,82.3200,10
38768106243588,10:46:08.106,82.3300,10
38768106293919,10:46:08.106,82.3400,10
38768541005108,10:46:08.541,82.3600,2
38768541412443,10:46:08.541,82.3700,10
38783103712960,10:46:23.103,82.4000,10
38783104036485,10:46:23.104,82.4100,10
38783104070183,10:46:23.104,82.4200,1
38783472358897,10:46:23.472,82.4300,5
38783478453463,10:46:23.478,82.4400,10
38783479005163,10:46:23.479,82.4500,10
38783479041431,10:46:23.479,82.4600,10
38794804552052,10:46:34.804,82.5000,10
38794804721567,10:46:34.804,82.4600,100
38794806169713,10:46:34.806,82.5100,8
38794806203534,10:46:34.806,82.5100,2
38795026440444,10:46:35.026,82.4500,100
38805029534990,10:46:45.029,82.4000,100
38806439950003,10:46:46.439,82.4500,100
38806439950003,10:46:46.439,82.4500,100
38806439950003,10:46:46.439,82.4500,100
38806439950003,10:46:46.439,82.4500,100
38806440378457,10:46:46.440,82.5000,47
38806440406462,10:46:46.440,82.5000,21
38806440440691,10:46:46.440,82.5000,6
38806440462714,10:46:46.440,82.5000,26
38815236175988,10:46:55.236,82.4500,100
38815236206450,10:46:55.236,82.4500,100
38815236206450,10:46:55.236,82.4500,100
38815236453843,10:46:55.236,82.3600,27
38815236459783,10:46:55.236,82.3600,27
38822958362296,10:47:02.958,82.4400,100
38822958388136,10:47:02.958,82.4400,100
38822958398664,10:47:02.958,82.4400,100
38824548193540,10:47:04.548,82.3600,46
38825002494117,10:47:05.002,82.3100,100
38831734964041,10:47:11.734,82.3000,100
38831735043322,10:47:11.735,82.1700,100
38843632068988,10:47:23.632,82.1600,100
38860949865111,10:47:40.949,82.1700,74
38860949927827,10:47:40.949,82.1700,100
38860950338199,10:47:40.950,82.1800,20
38860950338199,10:47:40.950,82.1800,80
38860950966313,10:47:40.950,82.1700,10
38869544105292,10:47:49.544,82.0800,32
38869544105292,10:47:49.544,82.0500,100
38869544105292,10:47:49.544,82.0400,5
38871912339425,10:47:51.912,81.9400,100
38871912408696,10:47:51.912,81.9300,100
38871912432386,10:47:51.912,81.9300,100
38924652579815,10:48:44.652,81.8900,100
38924652610094,10:48:44.652,81.8900,100
38924652648229,10:48:44.652,81.9000,37
38924652649937,10:48:44.652,81.9000,63
38924652731170,10:48:44.652,81.8900,100
38924652904550,10:48:44.652,81.9000,100
38924653004828,10:48:44.653,81.9000,74
38924653160263,10:48:44.653,81.9000,26
38924653191259,10:48:44.653,81.9100,100
38924653191259,10:48:44.653,81.9100,100
38924653277081,10:48:44.653,81.9100,100
38924653333075,10:48:44.653,81.9100,84
38932655506909,10:48:52.655,81.9000,100
38965607140472,10:49:25.607,81.9600,1
38965607170500,10:49:25.607,81.9600,19
38976901185124,10:49:36.901,81.9100,100
38976901200459,10:49:36.901,81.9100,90
38976901320276,10:49:36.901,81.9100,100
38976901332649,10:49:36.901,81.9100,185
38976901336809,10:49:36.901,81.9100,60
38976901340758,10:49:36.901,81.9100,37
38976901593642,10:49:36.901,81.9000,100
38976905804549,10:49:36.905,81.8700,100
38976906225084,10:49:36.906,81.8600,60
38976907072510,10:49:36.907,81.8500,60
38984068528175,10:49:44.068,81.9400,100
38984068669841,10:49:44.068,81.9300,100
38984069033505,10:49:44.069,81.9500,100
38984069314759,10:49:44.069,81.9800,100
38984069329643,10:49:44.069,81.9800,85
38984069336652,10:49:44.069,81.9800,15
38984069374571,10:49:44.069,82.0000,49
38984069633190,10:49:44.069,82.0000,51
39035003212832,10:50:35.003,81.8200,200
39035003509606,10:50:35.003,81.7700,100
39035003512286,10:50:35.003,81.7200,5
39035003520164,10:50:35.003,81.7200,64
39035003725183,10:50:35.003,81.7500,31
39035812421799,10:50:35.812,81.7400,31
39035812421799,10:50:35.812,81.7400,69
39037030771429,10:50:37.030,81.7400,100
39044636223988,10:50:44.636,81.7300,100
39045024126102,10:50:45.024,81.6800,100
39045024497458,10:50:45.024,81.6800,100
39060737193517,10:51:00.737,81.7400,100
39060737193517,10:51:00.737,81.7400,100
39060737237752,10:51:00.737,81.7500,30
39060737435537,10:51:00.737,81.7500,37
39060737578458,10:51:00.737,81.7500,33
39060738283558,10:51:00.738,81.8300,37
39060738284838,10:51:00.738,81.7900,100
39060738463178,10:51:00.738,81.8300,63
39179450419188,10:52:59.450,81.9200,100
39184919395255,10:53:04.919,81.9200,10
39190495108433,10:53:10.495,81.8100,100
39190495108433,10:53:10.495,81.7600,100
39190495255998,10:53:10.495,81.7600,100
39190495255998,10:53:10.495,81.7400,83
39190495259328,10:53:10.495,81.7400,17
39190495900550,10:53:10.495,81.7400,100
39190726692204,10:53:10.726,81.8200,29
39190727073867,10:53:10.727,81.8200,45
39190727131739,10:53:10.727,81.8200,100
39192533376401,10:53:12.533,81.8300,100
39193211054391,10:53:13.211,81.7700,100
39193311221366,10:53:13.311,81.7700,10
39193311255253,10:53:13.311,81.7700,67
39193311256087,10:53:13.311,81.7700,23
39193311807674,10:53:13.311,81.7600,100
39193323897785,10:53:13.323,81.7600,16
39193555712411,10:53:13.555,81.7400,100
39195674176479,10:53:15.674,81.7100,100
39196276681797,10:53:16.276,81.7700,100
39207158808757,10:53:27.158,81.7600,20
39207158808757,10:53:27.158,81.7700,18
39207158808757,10:53:27.158,81.7700,1
39207158808757,10:53:27.158,81.7700,61
39207158893334,10:53:27.158,81.7700,39
39207158893334,10:53:27.158,81.7700,38
39207158923137,10:53:27.158,81.7700,62
39270755078360,10:54:30.755,81.8600,20
39270755119103,10:54:30.755,81.8500,100
39270755387667,10:54:30.755,81.8600,100
39270755392898,10:54:30.755,81.8600,100
39270755462030,10:54:30.755,81.8600,20
39270755521870,10:54:30.755,81.8600,50
39270755579889,10:54:30.755,81.8700,20
39270756457609,10:54:30.756,81.8900,31
39270756457609,10:54:30.756,81.8900,18
39270756457609,10:54:30.756,81.8900,100
39270759158663,10:54:30.759,81.8600,80
39275723150169,10:54:35.723,81.8600,20
39275723150169,10:54:35.723,81.9100,100
39275723150169,10:54:35.723,81.9100,80
39275723185249,10:54:35.723,81.9100,20
39278332456726,10:54:38.332,81.9900,100
39278795612388,10:54:38.795,82.0000,100
39278795612388,10:54:38.795,82.0000,100
39278795612388,10:54:38.795,82.0000,1
39283300745390,10:54:43.300,82.1500,100
39310623735350,10:55:10.623,82.0800,100
39317487770591,10:55:17.487,82.0100,60
39328943596357,10:55:28.943,82.0800,100
39328943672524,10:55:28.943,82.1100,100
39328943834016,10:55:28.943,82.1300,100
39328946742184,10:55:28.946,82.0800,100
39340284434564,10:55:40.284,82.2700,100
39340488245799,10:55:40.488,82.2900,10
39340488629073,10:55:40.488,82.2900,25
39340489595216,10:55:40.489,82.2900,65
39346268996100,10:55:46.268,82.2350,200
39348128995508,10:55:48.128,82.2250,100
39367380344186,10:56:07.380,82.2100,16
39367380744236,10:56:07.380,82.2100,3
39367381756320,10:56:07.381,82.2100,81
39367381756320,10:56:07.381,82.2100,19
39367381785534,10:56:07.381,82.2100,81
39367381785534,10:56:07.381,82.2100,18
39367381796601,10:56:07.381,82.2200,51
39367381830852,10:56:07.381,82.2200,49
39367381830852,10:56:07.381,82.2200,50
39377335074313,10:56:17.335,82.2200,51
39377335074313,10:56:17.335,82.2800,49
39377335178186,10:56:17.335,82.1800,100
39377335178186,10:56:17.335,82.1100,125
39377335178186,10:56:17.335,82.1100,100
39377335874043,10:56:17.335,82.0900,40
39377335876650,10:56:17.335,82.0900,60
39377336040948,10:56:17.336,82.1100,100
39377347374529,10:56:17.347,82.2000,100
39427931941471,10:57:07.931,82.1400,70
39428072047037,10:57:08.072,82.1400,100
39430579803751,10:57:10.579,82.1400,20
39430580298990,10:57:10.580,82.1400,10
39430580298990,10:57:10.580,82.1700,10
39430580327459,10:57:10.580,82.1700,10
39430583176267,10:57:10.583,82.1700,100
39443110958254,10:57:23.110,82.1300,23
39443110986295,10:57:23.110,82.1300,77
39443110986295,10:57:23.110,82.1300,161
39443111024062,10:57:23.111,82.1300,39
39443130831141,10:57:23.130,82.1700,100
39444316538400,10:57:24.316,82.0500,100
39444317030731,10:57:24.317,82.0400,90
39444347010663,10:57:24.347,82.0400,10
39444375933183,10:57:24.375,81.9800,100
39451281562292,10:57:31.281,82.0200,100
39451281636709,10:57:31.281,82.0200,100
39451281636709,10:57:31.281,82.0400,10
39451281729967,10:57:31.281,82.0400,100
39451281729967,10:57:31.281,82.0500,100
39451281732266,10:57:31.281,82.0600,100
39451281820720,10:57:31.281,82.0400,100
39451348037875,10:57:31.348,82.0500,100
39451348085645,10:57:31.348,82.0300,100
39460304338162,10:57:40.304,82.1100,100
39476333373810,10:57:56.333,82.1200,100
39476333433081,10:57:56.333,82.1200,100
39476430891712,10:57:56.430,82.1300,100
39476430949456,10:57:56.430,82.1300,100
39476431150191,10:57:56.431,82.1400,99
39476431529428,10:57:56.431,82.1400,20
39526901008075,10:58:46.901,82.0500,7
39526901008075,10:58:46.901,82.0500,54
39526901008075,10:58:46.901,82.0600,39
39526901046164,10:58:46.901,82.0600,61
39526901046164,10:58:46.901,82.0600,100
39526901046164,10:58:46.901,82.0600,100
39526901088796,10:58:46.901,82.0700,91
39526901091715,10:58:46.901,82.0700,9
39526901091715,10:58:46.901,82.0700,91
39526901101355,10:58:46.901,82.0700,9
39526901195125,10:58:46.901,82.0500,100
39526901220664,10:58:46.901,82.0500,100
39526901490858,10:58:46.901,82.0700,1
39548809722171,10:59:08.809,81.9800,100
39548809722171,10:59:08.809,81.9800,100
39548809722171,10:59:08.809,81.9800,100
39548809722171,10:59:08.809,81.9800,10
39548809747245,10:59:08.809,81.9800,300
39548809749843,10:59:08.809,81.9800,100
39548809754230,10:59:08.809,81.9800,110
39548809758584,10:59:08.809,81.9800,109
39548809763042,10:59:08.809,81.9800,48
39548809766841,10:59:08.809,81.9800,100
39548809768312,10:59:08.809,81.9800,2
39548809967152,10:59:08.809,81.9600,100
39548809969158,10:59:08.809,81.9600,100
39548809996582,10:59:08.809,81.9600,100
39548810159932,10:59:08.810,81.9800,90
39548810192629,10:59:08.810,81.9800,10
39548810358789,10:59:08.810,82.0000,100
39548810397746,10:59:08.810,81.9900,60
39548810409602,10:59:08.810,81.9900,40
39548826200801,10:59:08.826,82.0200,100
39548826200801,10:59:08.826,82.0300,100
39548835354270,10:59:08.835,82.0300,100
39551289528800,10:59:11.289,81.9600,10
39551289528800,10:59:11.289,81.9600,10
39551289643487,10:59:11.289,81.9400,100
39551289643487,10:59:11.289,81.9400,100
39551293323551,10:59:11.293,81.8900,48
39555501596583,10:59:15.501,81.9400,100
39555502866408,10:59:15.502,81.9500,100
39555503346692,10:59:15.503,81.9500,100
39557857630825,10:59:17.857,81.9600,100
39557857630825,10:59:17.857,81.9600,18
39557857630825,10:59:17.857,81.9600,82
39557858027427,10:59:17.858,81.9600,15
39575453538482,10:59:35.453,82.0300,100
39575453562157,10:59:35.453,82.0300,100
39575453630992,10:59:35.453,82.0400,100
39589281703057,10:59:49.281,82.0700,100
39589282101941,10:59:49.282,82.0600,2
39616882227814,11:00:16.882,82.0000,15
39622412447227,11:00:22.412,82.0000,15
39622412447227,11:00:22.412,82.0000,200
39622412540072,11:00:22.412,81.9700,100
39641428692843,11:00:41.428,81.9000,100
39641429089724,11:00:41.429,81.9000,2
39662947138879,11:01:02.947,81.9000,98
39662947190026,11:01:02.947,81.9200,100
39663495017444,11:01:03.495,82.0000,1
39692885063242,11:01:32.885,82.0000,36
39692885063242,11:01:32.885,82.0500,100
39692885063242,11:01:32.885,82.0500,64
39692885097234,11:01:32.885,82.0500,36
39692885163514,11:01:32.885,82.0900,10
39692885164010,11:01:32.885,82.0900,50
39692886167112,11:01:32.886,82.0900,40
39694133877839,11:01:34.133,82.1300,100
39694134368229,11:01:34.134,82.1400,98
39694134403849,11:01:34.134,82.1400,83
39694134403849,11:01:34.134,82.1400,17
39694134413345,11:01:34.134,82.1500,100
39694134413345,11:01:34.134,82.1600,100
39703443349959,11:01:43.443,82.2700,10
39703443377543,11:01:43.443,82.2700,90
39703443822875,11:01:43.443,82.2800,100
39707183770430,11:01:47.183,82.3900,100
39707188223914,11:01:47.188,82.4600,49
39713512766319,11:01:53.512,82.4200,100
39754143612181,11:02:34.143,82.4200,100
39754143612181,11:02:34.143,82.4200,100
39778434013887,11:02:58.434,82.4300,17
39778434013887,11:02:58.434,82.4300,300
39778434013887,11:02:58.434,82.4300,1
39778434051477,11:02:58.434,82.4400,100
39778434059899,11:02:58.434,82.4500,5
39778434064027,11:02:58.434,82.4600,2
39778434064027,11:02:58.434,82.4700,41
39778434117311,11:02:58.434,82.4700,2
39778434120261,11:02:58.434,82.4700,5
39778434120819,11:02:58.434,82.4700,50
39778434143200,11:02:58.434,82.4700,2
39778434143200,11:02:58.434,82.4700,55
39778434186267,11:02:58.434,82.4700,10
39778434192808,11:02:58.434,82.4700,35
39778435466983,11:02:58.435,82.5000,5
39784921959111,11:03:04.921,82.5200,2
39784938249992,11:03:04.938,82.5400,2
39784957434871,11:03:04.957,82.5500,2
39784957538946,11:03:04.957,82.5600,2
39784957538946,11:03:04.957,82.5700,2
39784957538946,11:03:04.957,82.5800,2
39784957538946,11:03:04.957,82.5800,184
39784957542070,11:03:04.957,82.5800,16
39787342793691,11:03:07.342,82.5900,2
39787342793691,11:03:07.342,82.5900,100
39787342893094,11:03:07.342,82.6000,10
39787348809201,11:03:07.348,82.6100,2
39787767908699,11:03:07.767,82.6200,2
39790280426785,11:03:10.280,82.6400,2
39790280426785,11:03:10.280,82.6500,2
39790280426785,11:03:10.280,82.6600,2
39790280426785,11:03:10.280,82.6600,94
39790280503901,11:03:10.280,82.6600,6
39802319071833,11:03:22.319,82.6700,2
39802349422358,11:03:22.349,82.6400,8
39807410800558,11:03:27.410,82.6500,11
39807411195866,11:03:27.411,82.6500,10
39817978296677,11:03:37.978,82.6100,33
39817978296677,11:03:37.978,82.6100,1
39817978296677,11:03:37.978,82.6100,66
39817978326240,11:03:37.978,82.6100,34
39838167551742,11:03:58.167,82.6500,80
39838167940415,11:03:58.167,82.6500,2
39838301330938,11:03:58.301,82.6500,18
39844238909388,11:04:04.238,82.5800,100
39844238909388,11:04:04.238,82.5600,100
39844238909388,11:04:04.238,82.5600,200
39844238947234,11:04:04.238,82.5600,100
39881930629195,11:04:41.930,82.4400,100
39890517862302,11:04:50.517,82.4400,100
39890517862302,11:04:50.517,82.4300,100
39890517862302,11:04:50.517,82.4300,100
39890517862302,11:04:50.517,82.4300,100
39890517862302,11:04:50.517,82.4300,100
39890548324725,11:04:50.548,82.4300,49
39890548324725,11:04:50.548,82.4300,51
39890548714908,11:04:50.548,82.4300,5
39934460320353,11:05:34.460,82.3800,1
40062646395958,11:07:42.646,82.4400,100
40095093877126,11:08:15.093,82.4100,3
40095093877126,11:08:15.093,82.4200,97
40106193218241,11:08:26.193,82.3900,10
40106193608694,11:08:26.193,82.3900,1
40127100800197,11:08:47.100,82.4100,54
40127100800197,11:08:47.100,82.4100,46
40128382807388,11:08:48.382,82.4100,54
40128382807388,11:08:48.382,82.4100,46
40128383199129,11:08:48.383,82.4100,1
40153648077479,11:09:13.648,82.4100,53
40153648077479,11:09:13.648,82.4100,46
40153648077479,11:09:13.648,82.4100,1
40153648294260,11:09:13.648,82.4100,31
40153648294260,11:09:13.648,82.4100,66
40160501902087,11:09:20.501,82.4100,34
40160501902087,11:09:20.501,82.4100,66
40160502039501,11:09:20.502,82.4100,100
40164162401777,11:09:24.162,82.4200,1
40165461438938,11:09:25.461,82.4200,16
40165461547731,11:09:25.461,82.4200,100
40239305318214,11:10:39.305,82.3000,5
40239305729651,11:10:39.305,82.2800,100
40239305731184,11:10:39.305,82.2800,100
40239305732624,11:10:39.305,82.2800,100
40239305734049,11:10:39.305,82.2800,100
40239306105134,11:10:39.306,82.2700,100
40239554542801,11:10:39.554,82.1800,100
40239559171761,11:10:39.559,82.1700,100
40239559536250,11:10:39.559,82.1700,100
40239559987150,11:10:39.559,82.1500,100
40239572340429,11:10:39.572,82.2000,100
40242105645592,11:10:42.105,82.1100,100
40243541967808,11:10:43.541,82.0700,100
40263355535178,11:11:03.355,81.8100,100
40269854684477,11:11:09.854,81.7800,100
40283540337347,11:11:23.540,81.7600,100
40283542454883,11:11:23.542,81.7200,100
40335953515572,11:12:15.953,81.6600,82
40382482535389,11:13:02.482,81.6700,10
40389587124975,11:13:09.587,81.5700,10
40407194301490,11:13:27.194,81.5800,100
40407194357006,11:13:27.194,81.5600,100
40407194424502,11:13:27.194,81.5500,100
40407195309057,11:13:27.195,81.5600,100
40407348636453,11:13:27.348,81.5000,200
40407348636453,11:13:27.348,81.5000,200
40422475514558,11:13:42.475,81.3600,88
40422475514558,11:13:42.475,81.3600,87
40422475533344,11:13:42.475,81.3600,13
40422475533344,11:13:42.475,81.3500,122
40422475533344,11:13:42.475,81.3500,65
40422476337984,11:13:42.476,81.3200,100
40422495567193,11:13:42.495,81.2900,100
40422495583154,11:13:42.495,81.2900,87
40437739240362,11:13:57.739,81.2700,100
40442175108023,11:14:02.175,81.1400,100
40447004381304,11:14:07.004,81.1300,52
40474014423662,11:14:34.014,81.1300,38
40474020176675,11:14:34.020,81.1300,1
40474020176675,11:14:34.020,81.1200,16
40474020203643,11:14:34.020,81.1200,84
40475794899738,11:14:35.794,81.0900,100
40475798264651,11:14:35.798,81.0900,54
40476332407580,11:14:36.332,81.0900,46
40476332407580,11:14:36.332,81.0900,54
40476666186448,11:14:36.666,81.1300,100
40487797139276,11:14:47.797,81.1600,100
40487797178693,11:14:47.797,81.1600,17
40487797178693,11:14:47.797,81.1600,100
40487797247929,11:14:47.797,81.1700,97
40487797488361,11:14:47.797,81.1700,3
40487797488361,11:14:47.797,81.1700,97
40487797492568,11:14:47.797,81.1700,3
40487797492568,11:14:47.797,81.1700,10
40487797507051,11:14:47.797,81.1800,100
40487797636428,11:14:47.797,81.1800,100
40487797708066,11:14:47.797,81.1800,100
40487797709309,11:14:47.797,81.1700,59
40487797725343,11:14:47.797,81.1800,100
40487797783157,11:14:47.797,81.1800,59
40487798388843,11:14:47.798,81.2100,10
40487798476034,11:14:47.798,81.1900,100
40487798821277,11:14:47.798,81.2100,14
40487798848423,11:14:47.798,81.2100,86
40487803979884,11:14:47.803,81.1900,16
40491753253902,11:14:51.753,81.1600,200
40506732824492,11:15:06.732,81.1600,100
40506732824492,11:15:06.732,81.1600,100
40506732824492,11:15:06.732,81.1600,100
40506732878608,11:15:06.732,81.1800,33
40506732880266,11:15:06.732,81.1800,50
40506732888857,11:15:06.732,81.1800,17
40506733344828,11:15:06.733,81.2300,33
40506733609104,11:15:06.733,81.2300,16
40506733638272,11:15:06.733,81.2300,51
40506734618706,11:15:06.734,81.2650,100
40506734618706,11:15:06.734,81.2900,100
40506734654743,11:15:06.734,81.2900,100
40544543666036,11:15:44.543,81.3800,24
40544543700986,11:15:44.543,81.3800,76
40544543819262,11:15:44.543,81.3900,70
40544543837427,11:15:44.543,81.3900,30
40544543890911,11:15:44.543,81.4100,100
40585137014639,11:16:25.137,81.4000,100
40645472287218,11:17:25.472,81.2600,5
40645472287218,11:17:25.472,81.2500,5
40645576652268,11:17:25.576,81.2800,23
40645576652268,11:17:25.576,81.2500,77
40645576684239,11:17:25.576,81.2500,18
40645576684239,11:17:25.576,81.2500,13
40645576684239,11:17:25.576,81.2500,100
40645576684239,11:17:25.576,81.2500,200
40645576703016,11:17:25.576,81.2400,89
40645576703016,11:17:25.576,81.2300,89
40645576703016,11:17:25.576,81.2300,30
40645576716917,11:17:25.576,81.2200,50
40645576727286,11:17:25.576,81.2200,39
40645576727286,11:17:25.576,81.2100,89
40645576730593,11:17:25.576,81.1900,72
40645576735576,11:17:25.576,81.1900,17
40645576759085,11:17:25.576,81.1800,33
40645577093391,11:17:25.577,81.2500,100
40645594450818,11:17:25.594,81.2100,100
40655153057794,11:17:35.153,81.0700,100
40666785720954,11:17:46.785,80.9900,100
40672458108346,11:17:52.458,80.9000,100
40672458133110,11:17:52.458,80.9000,100
40682963086766,11:18:02.963,80.8500,100
40744379818251,11:19:04.379,80.7000,100
40744380051291,11:19:04.380,80.6900,200
40744380075478,11:19:04.380,80.6900,100
40744381028606,11:19:04.381,80.6800,100
40744398839348,11:19:04.398,80.6700,100
40744638167058,11:19:04.638,80.6400,54
40744638167058,11:19:04.638,80.6400,46
40744638194987,11:19:04.638,80.6400,54
40746421390285,11:19:06.421,80.6900,11
40746421415362,11:19:06.421,80.6900,89
40746421415362,11:19:06.421,80.6900,100
40751064833726,11:19:11.064,80.6900,100
40751065011719,11:19:11.065,80.6900,36
40751065545591,11:19:11.065,80.6900,64
40753605912956,11:19:13.605,80.6800,100
40753605912956,11:19:13.605,80.6800,100
40753605912956,11:19:13.605,80.6800,100
40826833909837,11:20:26.833,80.6100,200
40826833935324,11:20:26.833,80.6100,100
40826834572783,11:20:26.834,80.5800,7
40826834600980,11:20:26.834,80.5800,93
40826834600980,11:20:26.834,80.5800,100
40826834600980,11:20:26.834,80.5800,7
40826834676352,11:20:26.834,80.5800,93
40826834676352,11:20:26.834,80.5800,100
40826834676352,11:20:26.834,80.5600,7
40826843076081,11:20:26.843,80.6200,100
40826847946703,11:20:26.847,80.6100,100
40826848268029,11:20:26.848,80.6200,100
40826848299179,11:20:26.848,80.6200,100
40883270660973,11:21:23.270,80.5600,100
40883270660973,11:21:23.270,80.5600,100
40883270759031,11:21:23.270,80.4700,100
40883313532637,11:21:23.313,80.5500,22
40884134911948,11:21:24.134,80.5500,78
40884134911948,11:21:24.134,80.5500,22
40900600682519,11:21:40.600,80.3400,100
40900600682519,11:21:40.600,80.3400,100
40914215529163,11:21:54.215,80.3400,12
40931513385320,11:22:11.513,80.3200,100
40931513773782,11:22:11.513,80.3000,100
40931720374466,11:22:11.720,80.2400,100
40931720767471,11:22:11.720,80.2400,10
41010872490544,11:23:30.872,80.1700,1
41010872683317,11:23:30.872,80.1800,100
41010872683317,11:23:30.872,80.1800,100
41010872683317,11:23:30.872,80.1800,16
41010872683317,11:23:30.872,80.1800,100
41010872711405,11:23:30.872,80.1800,100
41010872725840,11:23:30.872,80.1900,10
41010872735510,11:23:30.872,80.2000,100
41010872735510,11:23:30.872,80.2000,3
41010872744630,11:23:30.872,80.2000,97
41010872834999,11:23:30.872,80.1800,100
41010872978088,11:23:30.872,80.2500,39
41010873386444,11:23:30.873,80.2500,61
41010873500741,11:23:30.873,80.2500,44
41010886574606,11:23:30.886,80.3600,100
41010889009129,11:23:30.889,80.3600,100
41021062397747,11:23:41.062,80.4300,7
41021062437952,11:23:41.062,80.4300,6
41023815009185,11:23:43.815,80.4200,100
41055819093777,11:24:15.819,80.2900,100
41055819093777,11:24:15.819,80.2800,100
41077764712463,11:24:37.764,80.2700,90
41077764712463,11:24:37.764,80.2600,100
41077764712463,11:24:37.764,80.2600,10
41077764752604,11:24:37.764,80.2600,90
41077764958714,11:24:37.764,80.2200,60
41077764966134,11:24:37.764,80.2200,40
41077764970364,11:24:37.764,80.1900,10
41077764975704,11:24:37.764,80.1900,17
41077764992568,11:24:37.764,80.1900,37
41077765008621,11:24:37.765,80.1900,36
41077779760219,11:24:37.779,80.2400,100
41080080696984,11:24:40.080,80.0900,100
41080080696984,11:24:40.080,80.0800,1
41080080696984,11:24:40.080,80.0300,5
41080080696984,11:24:40.080,80.0300,94
41100293641699,11:25:00.293,80.1200,47
41100293649005,11:25:00.293,80.1200,50
41100293650496,11:25:00.293,80.1200,3
41100293650496,11:25:00.293,80.1200,47
41100293658096,11:25:00.293,80.1200,27
41100293658096,11:25:00.293,80.1200,69
41100293659832,11:25:00.293,80.1200,31
41100293659832,11:25:00.293,80.1200,16
41100295992078,11:25:00.295,80.2200,53
41100296015798,11:25:00.296,80.2200,47
41115487154070,11:25:15.487,80.1200,27
41128333691742,11:25:28.333,80.3200,100
41135981001694,11:25:35.981,80.1550,100
41231663259354,11:27:11.663,80.2000,100
41231663886731,11:27:11.663,80.2100,3
41231663886731,11:27:11.663,80.2100,1
41231663886731,11:27:11.663,80.2100,100
41231663928840,11:27:11.663,80.2200,100
41231664084746,11:27:11.664,80.2300,15
41231664149158,11:27:11.664,80.2400,100
41231666423593,11:27:11.666,80.3500,100
41231935336051,11:27:11.935,80.3600,100
41231935336051,11:27:11.935,80.3800,1
41231935362272,11:27:11.935,80.3800,100
41231935423509,11:27:11.935,80.4200,1
41231936471750,11:27:11.936,80.5400,100
41231937892669,11:27:11.937,80.5300,100
41240950712259,11:27:20.950,80.6200,100
41240950736584,11:27:20.950,80.6200,100
41241643980101,11:27:21.643,80.6300,1
41241643980101,11:27:21.643,80.6300,99
41241644008791,11:27:21.644,80.6300,1
41241644008791,11:27:21.644,80.6300,100
41242192533572,11:27:22.192,80.5700,50
41242192536196,11:27:22.192,80.5400,97
41242192539110,11:27:22.192,80.5400,50
41242192540555,11:27:22.192,80.5400,50
41242192594885,11:27:22.192,80.5400,3
41242219399700,11:27:22.219,80.5500,100
41264558919844,11:27:44.558,80.5500,100
41274437827130,11:27:54.437,80.5500,100
41274437861380,11:27:54.437,80.5500,89
41274437865982,11:27:54.437,80.5500,11
41274437928412,11:27:54.437,80.5600,89
41274437946107,11:27:54.437,80.5600,11
41283413218719,11:28:03.413,80.5500,50
41283414258142,11:28:03.414,80.5100,100
41283414315915,11:28:03.414,80.4600,100
41283414386326,11:28:03.414,80.5100,100
41290287458904,11:28:10.287,80.5700,100
41322566014178,11:28:42.566,80.3750,100
41372102356981,11:29:32.102,80.2700,100
41372102356981,11:29:32.102,80.2100,61
41460473667232,11:31:00.473,80.3400,100
41460473667232,11:31:00.473,80.3400,81
41460473667232,11:31:00.473,80.3400,100
41460473695527,11:31:00.473,80.3400,100
41460473710636,11:31:00.473,80.3500,100
41460473763638,11:31:00.473,80.3700,16
41460474213842,11:31:00.474,80.3900,1
41462581839213,11:31:02.581,80.4900,100
41462581839213,11:31:02.581,80.5300,100
41462581874851,11:31:02.581,80.5300,100
41462581950162,11:31:02.581,80.5400,175
41462581973394,11:31:02.581,80.5400,125
41472535940458,11:31:12.535,80.6900,100
41571537671934,11:32:51.537,80.5400,100
41571537671934,11:32:51.537,80.5400,100
41571538564524,11:32:51.538,80.6300,100
41571538663342,11:32:51.538,80.6400,100
41571538721243,11:32:51.538,80.6500,14
41571538730140,11:32:51.538,80.6500,2
41572334532862,11:32:52.334,80.8400,100
41572334588700,11:32:52.334,80.8600,100
41572334588700,11:32:52.334,80.8800,84
41572334617610,11:32:52.334,80.8800,16
41572334617610,11:32:52.334,80.8800,84
41578508502138,11:32:58.508,80.9200,100
41578508502138,11:32:58.508,80.9200,100
41578508765493,11:32:58.508,80.9300,100
41580716124535,11:33:00.716,81.0400,100
41580744939125,11:33:00.744,81.0500,100
41580745006322,11:33:00.745,81.0600,26
41583355390236,11:33:03.355,80.9300,100
41583355553319,11:33:03.355,80.9100,100
41583355612368,11:33:03.355,80.8400,78
41583355619751,11:33:03.355,80.8400,22
41583355943402,11:33:03.355,80.9100,39
41583356061116,11:33:03.356,80.8200,77
41583356066073,11:33:03.356,80.8200,23
41590235630976,11:33:10.235,80.8900,100
41590235665541,11:33:10.235,80.8900,38
41590235725906,11:33:10.235,80.8900,100
41590272934805,11:33:10.272,80.8000,46
41603921169768,11:33:23.921,80.8900,10
41609291473690,11:33:29.291,80.9000,100
41609291966417,11:33:29.291,80.9100,100
41645763449238,11:34:05.763,81.0400,100
41645763479187,11:34:05.763,81.0400,17
41661633767294,11:34:21.633,81.0700,200
41720947971160,11:35:20.947,81.2300,1
41720947971160,11:35:20.947,81.2700,99
41720948004913,11:35:20.948,81.2700,1
41720948004913,11:35:20.948,81.2700,1
41720948004913,11:35:20.948,81.2700,100
41720948004913,11:35:20.948,81.2700,100
41726499890299,11:35:26.499,81.2800,100
41726499890299,11:35:26.499,81.2200,309
41726499890299,11:35:26.499,81.2200,91
41739889802303,11:35:39.889,81.4200,12
41764541510875,11:36:04.541,81.4300,18
41764541510875,11:36:04.541,81.4300,82
41796664443250,11:36:36.664,81.2700,9
41796664443250,11:36:36.664,81.2600,54
41796664443250,11:36:36.664,81.2600,100
41796664443250,11:36:36.664,81.2500,100
41796664443250,11:36:36.664,81.2500,83
41796664474777,11:36:36.664,81.2500,117
41796664474777,11:36:36.664,81.2500,100
41796664485555,11:36:36.664,81.2500,4
41796664522231,11:36:36.664,81.2400,100
41796664588152,11:36:36.664,81.2500,54
41796664653198,11:36:36.664,81.2300,100
41796665069341,11:36:36.665,81.2500,46
41796665540804,11:36:36.665,81.2500,50
41804509319871,11:36:44.509,81.2400,100
41829704433474,11:37:09.704,81.2400,54
41829704433474,11:37:09.704,81.2500,46
41848633785358,11:37:28.633,81.1200,22
41858252476042,11:37:38.252,81.2500,100
41858252561742,11:37:38.252,81.2600,11
41858252570810,11:37:38.252,81.2600,89
41858252570810,11:37:38.252,81.2600,4
41858252598151,11:37:38.252,81.2500,100
41886482067724,11:38:06.482,81.2600,7
41896994701157,11:38:16.994,81.4100,11
41896994740505,11:38:16.994,81.4100,68
41896994770220,11:38:16.994,81.4100,21
41896994770220,11:38:16.994,81.4100,18
41896994777345,11:38:16.994,81.4200,68
41896994816728,11:38:16.994,81.4200,32
41896994816728,11:38:16.994,81.4300,7
41896994996883,11:38:16.994,81.4300,11
41896995128089,11:38:16.995,81.4800,66
41896995132728,11:38:16.995,81.4800,37
41896997276334,11:38:16.997,81.4100,100
41924073432027,11:38:44.073,81.5000,100
41961568735018,11:39:21.568,81.5100,47
41961568761187,11:39:21.568,81.5100,53
41961568761187,11:39:21.568,81.5100,100
41961569257256,11:39:21.569,81.5200,13
41961569884503,11:39:21.569,81.5200,87
41982879644253,11:39:42.879,81.5900,18
41982879644253,11:39:42.879,81.6100,82
42151427212438,11:42:31.427,81.5700,100
42151427289076,11:42:31.427,81.5800,1
42151427622363,11:42:31.427,81.5900,100
42151427622363,11:42:31.427,81.5900,66
42151427622363,11:42:31.427,81.5900,1
42151427622363,11:42:31.427,81.5900,18
42151427829767,11:42:31.427,81.6200,10
42151428253524,11:42:31.428,81.6200,90
42151907446891,11:42:31.907,81.6200,10
42151907446891,11:42:31.907,81.6600,26
42151907446891,11:42:31.907,81.6700,22
42151907874437,11:42:31.907,81.6700,17
42151907903337,11:42:31.907,81.6700,61
42151907918503,11:42:31.907,81.6700,10
42163246905067,11:42:43.246,81.7500,100
42163246930581,11:42:43.246,81.7500,40
42163246986771,11:42:43.246,81.7600,200
42163247084123,11:42:43.247,81.7700,1
42164664821057,11:42:44.664,81.8100,100
42190362947240,11:43:10.362,81.9200,1
42190362947240,11:43:10.362,81.9800,9
42228549562486,11:43:48.549,81.9300,100
42231798230786,11:43:51.798,81.8400,100
42231798631842,11:43:51.798,81.8100,100
42231798723182,11:43:51.798,81.7900,100
42231798723182,11:43:51.798,81.7800,100
42231798731559,11:43:51.798,81.7700,16
42231799165338,11:43:51.799,81.7700,50
42231799406703,11:43:51.799,81.7700,34
42231799406703,11:43:51.799,81.7600,53
42231800626122,11:43:51.800,81.7600,47
42231996611938,11:43:51.996,81.7900,39
42243257414264,11:44:03.257,81.5500,100
42243258239734,11:44:03.258,81.4800,100
42252272126889,11:44:12.272,81.5100,100
42253361058572,11:44:13.361,81.3700,100
42253363449798,11:44:13.363,81.3600,5
42253364625919,11:44:13.364,81.3300,100
42323379992187,11:45:23.379,81.4100,7
42323380019191,11:45:23.380,81.4100,93
42323380019191,11:45:23.380,81.4100,100
42323380057745,11:45:23.380,81.4200,100
42323380062656,11:45:23.380,81.4300,90
42323380090589,11:45:23.380,81.4300,10
42323380090589,11:45:23.380,81.4400,100
42323380090589,11:45:23.380,81.4400,18
42323380316557,11:45:23.380,81.5000,1
42323380320756,11:45:23.380,81.5300,7
42323380428857,11:45:23.380,81.5300,10
42323380622408,11:45:23.380,81.5300,83
42323380626164,11:45:23.380,81.5500,1
42323380630825,11:45:23.380,81.5700,1
42364213945190,11:46:04.213,81.5800,1
42364214303188,11:46:04.214,81.5900,5
42364214303188,11:46:04.214,81.5900,6
42364214331988,11:46:04.214,81.5900,94
42364214331988,11:46:04.214,81.5900,100
42364214331988,11:46:04.214,81.5900,18
42364214377153,11:46:04.214,81.6100,5
42368028661048,11:46:08.028,81.5800,100
42368028705532,11:46:08.028,81.5200,16
42368028911370,11:46:08.028,81.5200,84
42368048746827,11:46:08.048,81.4400,5
42374234462201,11:46:14.234,81.5800,98
42376387064875,11:46:16.387,81.5900,100
42399006950996,11:46:39.006,81.5700,100
42399007037439,11:46:39.007,81.5800,200
42399007072283,11:46:39.007,81.5900,100
42399007076337,11:46:39.007,81.6000,50
42399007095262,11:46:39.007,81.6000,50
42399007496938,11:46:39.007,81.6100,50
42399007505797,11:46:39.007,81.5700,100
42399007523907,11:46:39.007,81.6100,50
42399007854780,11:46:39.007,81.5700,100
42399007887495,11:46:39.007,81.5700,100
42401024186663,11:46:41.024,81.5100,100
42420728107739,11:47:00.728,81.5400,100
42500072309357,11:48:20.072,81.4300,10
42500072336380,11:48:20.072,81.4300,90
42500072336380,11:48:20.072,81.4300,1
42500072400969,11:48:20.072,81.4300,100
42500072402688,11:48:20.072,81.4400,100
42500072409962,11:48:20.072,81.4400,30
42500072414513,11:48:20.072,81.4400,100
42500072428913,11:48:20.072,81.4400,100
42500072513752,11:48:20.072,81.4400,100
42500072838117,11:48:20.072,81.4400,100
42500072839376,11:48:20.072,81.4400,100
42500072951266,11:48:20.072,81.4400,100
42500072967178,11:48:20.072,81.4400,100
42500073028202,11:48:20.073,81.4400,100
42500073101565,11:48:20.073,81.4400,91
42500073167563,11:48:20.073,81.4400,9
42500073193945,11:48:20.073,81.4400,91
42500088205889,11:48:20.088,81.4300,100
42500089883731,11:48:20.089,81.4300,84
42516269458801,11:48:36.269,81.3400,100
42676770220808,11:51:16.770,81.2200,1
42791022824419,11:53:11.022,81.1500,11
42791642641925,11:53:11.642,80.7800,5
42812535780485,11:53:32.535,81.1000,72
42812535780485,11:53:32.535,81.1000,28
42812535818337,11:53:32.535,81.1000,72
42812535818337,11:53:32.535,81.1000,44
42812535818337,11:53:32.535,81.1000,31
42812535818337,11:53:32.535,81.1000,100
42812536085920,11:53:32.536,81.1500,82
42812536091276,11:53:32.536,81.1500,7
42812536091276,11:53:32.536,81.1500,41
42812536092352,11:53:32.536,81.1500,50
42812536119577,11:53:32.536,81.1500,2
42812536134652,11:53:32.536,81.1500,7
42812536134652,11:53:32.536,81.1500,100
42812536396170,11:53:32.536,81.1000,100
42812536465633,11:53:32.536,81.1000,10
42812536490870,11:53:32.536,81.1000,10
42812536608926,11:53:32.536,81.1000,80
42814078635769,11:53:34.078,81.1000,100
42814162484456,11:53:34.162,81.1900,100
42878536718370,11:54:38.536,81.1500,100
42885685728781,11:54:45.685,81.1500,100
42885685728781,11:54:45.685,81.1500,100
42885691776142,11:54:45.691,81.2100,64
42885691776142,11:54:45.691,81.2200,62
42885691835345,11:54:45.691,81.2200,138
42885692085936,11:54:45.692,81.2600,10
42908771910229,11:55:08.771,81.2400,73
42908772313798,11:55:08.772,81.2700,9
42922008015679,11:55:22.008,81.2600,100
42943081899075,11:55:43.081,81.2600,100
42943169089413,11:55:43.169,81.1500,100
42943169089413,11:55:43.169,81.1500,100
42943169089413,11:55:43.169,81.1500,100
42943169089413,11:55:43.169,81.1500,80
42943169533066,11:55:43.169,81.1500,27
42943170070751,11:55:43.170,81.1500,100
42943170123562,11:55:43.170,81.1300,100
42943170123562,11:55:43.170,81.1300,77
42948935558158,11:55:48.935,81.2300,100
42961809606964,11:56:01.809,81.0800,100
42961809606964,11:56:01.809,81.0800,100
42961810218018,11:56:01.810,81.0700,17
42961813565948,11:56:01.813,81.0700,83
42961813797402,11:56:01.813,81.0700,17
42961813797402,11:56:01.813,81.0800,83
42961813802146,11:56:01.813,81.0800,17
43021536533262,11:57:01.536,81.2000,100
43065601242373,11:57:45.601,81.1900,100
43065602300007,11:57:45.602,81.2000,39
43065602300007,11:57:45.602,81.2000,17
43065602300007,11:57:45.602,81.2000,100
43065602300007,11:57:45.602,81.2000,100
43065603149360,11:57:45.603,81.2200,100
43073655112193,11:57:53.655,81.2600,100
43075678977437,11:57:55.678,81.2500,100
43076609631616,11:57:56.609,81.2500,100
43094136535031,11:58:14.136,81.2500,100
43094136567032,11:58:14.136,81.2500,18
43094137346308,11:58:14.137,81.2600,100
43094137346308,11:58:14.137,81.2600,100
43094460522019,11:58:14.460,81.2300,63
43099865256200,11:58:19.865,81.2300,97
43099876550155,11:58:19.876,81.2200,100
43104980493692,11:58:24.980,81.2300,10
43118084176809,11:58:38.084,81.2300,90
43118084176809,11:58:38.084,81.2300,10
43146773749879,11:59:06.773,81.2300,90
43151304332189,11:59:11.304,81.2400,100
43200722483125,12:00:00.722,81.3000,1
43200722483125,12:00:00.722,81.3000,99
43200722513569,12:00:00.722,81.3000,1
