timestamp,time,price,volume
34171186382235,09:29:31.186,20.8200,400
34171186382235,09:29:31.186,20.8200,96
34171186382235,09:29:31.186,20.8200,1906
34171194246164,09:29:31.194,20.8200,252
34175960981483,09:29:35.960,20.8200,50
34178216462771,09:29:38.216,20.8200,106
34178216462771,09:29:38.216,20.8200,394
34186036495961,09:29:46.036,20.8200,500
34186036495961,09:29:46.036,20.8200,2006
34186036802365,09:29:46.036,20.8100,800
34190013474935,09:29:50.013,20.8100,800
34190013474935,09:29:50.013,20.8100,2500
34200014504274,09:30:00.014,20.8100,450
34200014862001,09:30:00.014,20.8100,2327
34200014862001,09:30:00.014,20.8100,1
34200014862001,09:30:00.014,20.8100,1222
34200790242053,09:30:00.790,0.0000,0
34201787130770,09:30:01.787,20.8100,174
34201787130770,09:30:01.787,20.8100,100
34201787130770,09:30:01.787,20.8200,176
34204921173694,09:30:04.921,20.8100,49
34205496644890,09:30:05.496,20.8100,51
34205496644890,09:30:05.496,20.8100,49
34206637601425,09:30:06.637,20.8200,50
34206644611927,09:30:06.644,20.8100,100
34206644611927,09:30:06.644,20.8100,100
34206644611927,09:30:06.644,20.8100,100
34207523617929,09:30:07.523,20.8100,200
34207523617929,09:30:07.523,20.8100,100
34208852473138,09:30:08.852,20.8150,100
34208852473138,09:30:08.852,20.8200,50
34208852473138,09:30:08.852,20.8200,200
34208852473138,09:30:08.852,20.8200,100
34208852473138,09:30:08.852,20.8200,200
34208852473138,09:30:08.852,20.8200,200
34208852473138,09:30:08.852,20.8200,50
34208854989492,09:30:08.854,20.8200,100
34208854989492,09:30:08.854,20.8200,100
34208854989492,09:30:08.854,20.8100,100
34208854989492,09:30:08.854,20.8100,100
34208854989492,09:30:08.854,20.8100,100
34208854989492,09:30:08.854,20.8100,50
34208854989492,09:30:08.854,20.8100,150
34208855042315,09:30:08.855,20.8100,50
34208855042315,09:30:08.855,20.8100,100
34208855042315,09:30:08.855,20.8100,100
34208855042315,09:30:08.855,20.8100,100
34208855045823,09:30:08.855,20.8000,100
34208855045823,09:30:08.855,20.8000,500
34208855045823,09:30:08.855,20.8000,100
34208855045823,09:30:08.855,20.8000,200
34208855045823,09:30:08.855,20.8000,100
34208855045823,09:30:08.855,20.8000,500
34208855059989,09:30:08.855,20.7900,100
34208855059989,09:30:08.855,20.7900,200
34208855059989,09:30:08.855,20.7900,100
34208855059989,09:30:08.855,20.7900,200
34208855059989,09:30:08.855,20.7900,100
34208855059989,09:30:08.855,20.7900,200
34208855059989,09:30:08.855,20.7900,100
34208855059989,09:30:08.855,20.7900,16
34208856382281,09:30:08.856,20.8100,100
34208856499546,09:30:08.856,20.8100,100
34208856515224,09:30:08.856,20.8100,100
34208862802734,09:30:08.862,20.8100,100
34208862802734,09:30:08.862,20.8100,100
34208862802734,09:30:08.862,20.8100,100
34209362693649,09:30:09.362,20.8100,200
34209362693649,09:30:09.362,20.8100,100
34211184778006,09:30:11.184,20.8100,100
34211242770047,09:30:11.242,20.8200,53
34211280054621,09:30:11.280,20.8100,194
34211390625384,09:30:11.390,20.8100,6
34211390625384,09:30:11.390,20.8100,213
34211390626169,09:30:11.390,20.8100,2
34211594516530,09:30:11.594,20.8100,1776
34211594558062,09:30:11.594,20.8100,737
34211594558062,09:30:11.594,20.8100,200
34215155124266,09:30:15.155,20.8100,200
34215155124266,09:30:15.155,20.8100,250
34215858200145,09:30:15.858,20.8100,400
34215858200145,09:30:15.858,20.8100,100
34215861038692,09:30:15.861,20.8100,400
34215861038692,09:30:15.861,20.8100,2466
34215861070347,09:30:15.861,20.8100,34
34215861070347,09:30:15.861,20.8100,2600
34215861070347,09:30:15.861,20.8100,100
34215861070347,09:30:15.861,20.8100,100
34215861070347,09:30:15.861,20.8100,100
34215861070347,09:30:15.861,20.8100,400
34221400102196,09:30:21.400,20.8100,450
34222770937491,09:30:22.770,20.8100,2050
34222770937491,09:30:22.770,20.8100,1000
34222770937491,09:30:22.770,20.8100,100
34222770937491,09:30:22.770,20.8100,100
34222770937491,09:30:22.770,20.8100,400
34222770937491,09:30:22.770,20.8100,850
34222803936121,09:30:22.803,20.8000,800
34222803936121,09:30:22.803,20.8000,1300
34222803936121,09:30:22.803,20.8000,100
34222803936121,09:30:22.803,20.8000,100
34222804818740,09:30:22.804,20.7900,100
34226571635823,09:30:26.571,20.8000,100
34226571635823,09:30:26.571,20.8000,100
34226571635823,09:30:26.571,20.8000,500
34226571635823,09:30:26.571,20.8000,1684
34226571635823,09:30:26.571,20.8000,16
34226571667622,09:30:26.571,20.8000,84
34226578395218,09:30:26.578,20.8000,400
34226578395218,09:30:26.578,20.8000,200
34226578399390,09:30:26.578,20.8000,1300
34226578399390,09:30:26.578,20.8000,1700
34226578399390,09:30:26.578,20.8000,100
34226578399390,09:30:26.578,20.8000,100
34226578399390,09:30:26.578,20.8000,100
34226578410842,09:30:26.578,20.7900,400
34226578410842,09:30:26.578,20.7900,500
34226578410842,09:30:26.578,20.7900,100
34226578410842,09:30:26.578,20.7900,300
34226578410842,09:30:26.578,20.7900,100
34226578410842,09:30:26.578,20.7900,1000
34226578410842,09:30:26.578,20.7900,100
34226578410842,09:30:26.578,20.7900,366
34228182413325,09:30:28.182,20.7900,573
34233144962980,09:30:33.144,20.8000,500
34233144962980,09:30:33.144,20.8000,100
34233144962980,09:30:33.144,20.8000,100
34233144962980,09:30:33.144,20.8000,100
34233164437802,09:30:33.164,20.8100,100
34233164437802,09:30:33.164,20.8100,1300
34233164437802,09:30:33.164,20.8100,100
34233164437802,09:30:33.164,20.8100,900
34233167933592,09:30:33.167,20.8100,300
34235508582789,09:30:35.508,20.8000,450
34235510077573,09:30:35.510,20.7950,100
34235510077573,09:30:35.510,20.7950,473
34238532054082,09:30:38.532,20.8000,1538
34238532054082,09:30:38.532,20.8000,600
34238534961078,09:30:38.534,20.8000,4200
34238534961078,09:30:38.534,20.8000,660
34238535589553,09:30:38.535,20.8000,284
34238535655130,09:30:38.535,20.8000,284
34238545830428,09:30:38.545,20.8100,200
34239046803364,09:30:39.046,20.8000,450
34239076717665,09:30:39.076,20.7950,100
34239076717665,09:30:39.076,20.7900,100
34239076717665,09:30:39.076,20.7900,100
34239076717665,09:30:39.076,20.7900,273
34242494271808,09:30:42.494,20.8000,250
34242497264608,09:30:42.497,20.8000,200
34242497264608,09:30:42.497,20.8000,373
34244650778953,09:30:44.650,20.8000,700
34244652912991,09:30:44.652,20.8000,4800
34244652912991,09:30:44.652,20.8000,1300
34244652912991,09:30:44.652,20.8000,100
34244652912991,09:30:44.652,20.8000,288
34244653507506,09:30:44.653,20.8000,100
34244653507506,09:30:44.653,20.8000,300
34244653510923,09:30:44.653,20.8000,400
34260268340642,09:31:00.268,20.8000,100
34260268340642,09:31:00.268,20.8000,700
34260268340642,09:31:00.268,20.8000,334
34260268340642,09:31:00.268,20.8000,100
34260268340642,09:31:00.268,20.8000,100
34260376783044,09:31:00.376,20.8050,100
34261583031379,09:31:01.583,20.8100,100
34261583031379,09:31:01.583,20.8100,100
34261586047614,09:31:01.586,20.8100,100
34268572048844,09:31:08.572,20.8100,100
34268572048844,09:31:08.572,20.8100,50
34275513239357,09:31:15.513,20.8100,100
34278554239051,09:31:18.554,20.8100,100
34278554239051,09:31:18.554,20.8100,100
34281578447207,09:31:21.578,20.8100,100
34281578447207,09:31:21.578,20.8100,300
34281578447207,09:31:21.578,20.8100,50
34286980824981,09:31:26.980,20.8150,400
34286980824981,09:31:26.980,20.8100,100
34286980824981,09:31:26.980,20.8100,100
34287094067948,09:31:27.094,20.8100,600
34290978917641,09:31:30.978,20.8100,100
34293607003835,09:31:33.607,20.8100,100
34293607003835,09:31:33.607,20.8100,500
34293607029324,09:31:33.607,20.8100,400
34296023559864,09:31:36.023,20.8100,100
34298350658811,09:31:38.350,20.8100,200
34300367307040,09:31:40.367,20.8100,573
34309239636130,09:31:49.239,20.8100,100
34320236462935,09:32:00.236,20.8100,200
34371361911817,09:32:51.361,20.8200,100
34371361911817,09:32:51.361,20.8200,100
34371361911817,09:32:51.361,20.8200,100
34371361911817,09:32:51.361,20.8200,200
34382007370689,09:33:02.007,20.8250,200
34393691030362,09:33:13.691,20.8250,170
34428970299682,09:33:48.970,20.8300,100
34428970299682,09:33:48.970,20.8300,400
34428970299682,09:33:48.970,20.8300,300
34428970299682,09:33:48.970,20.8300,300
34428970299682,09:33:48.970,20.8300,200
34428970299682,09:33:48.970,20.8300,300
34429254460776,09:33:49.254,20.8300,100
34429254460776,09:33:49.254,20.8300,1200
34453014071823,09:34:13.014,20.8300,1200
34453014071823,09:34:13.014,20.8300,300
34453014071823,09:34:13.014,20.8300,100
34453014071823,09:34:13.014,20.8300,100
34459869455945,09:34:19.869,20.8300,200
34459869455945,09:34:19.869,20.8300,200
34489783145180,09:34:49.783,20.8350,100
34489783145180,09:34:49.783,20.8350,100
34492863946644,09:34:52.863,20.8350,200
34493998476325,09:34:53.998,20.8300,19
34493998502793,09:34:53.998,20.8300,81
34493998502793,09:34:53.998,20.8300,200
34493998502793,09:34:53.998,20.8300,100
34493998502793,09:34:53.998,20.8300,1300
34494802759704,09:34:54.802,20.8300,700
34507831596640,09:35:07.831,20.8300,1400
34508555610223,09:35:08.555,20.8300,100
34511658686372,09:35:11.658,20.8300,1200
34511658686372,09:35:11.658,20.8300,39
34511658686372,09:35:11.658,20.8300,100
34512666946843,09:35:12.666,20.8300,400
34512666946843,09:35:12.666,20.8300,100
34512666946843,09:35:12.666,20.8300,400
34512666946843,09:35:12.666,20.8300,100
34512666946843,09:35:12.666,20.8300,200
34512779677381,09:35:12.779,20.8300,300
34526761690464,09:35:26.761,20.8300,1300
34526865328414,09:35:26.865,20.8350,300
34526865328414,09:35:26.865,20.8350,100
34532060751490,09:35:32.060,20.8350,100
34532060751490,09:35:32.060,20.8300,400
34532060751490,09:35:32.060,20.8300,300
34532060751490,09:35:32.060,20.8300,300
34532060751490,09:35:32.060,20.8300,300
34532060756500,09:35:32.060,20.8300,100
34566911422748,09:36:06.911,20.8300,1400
34566911447090,09:36:06.911,20.8300,17
34566911447090,09:36:06.911,20.8300,100
34568138577967,09:36:08.138,20.8300,900
34573929955469,09:36:13.929,20.8300,600
34593937943476,09:36:33.937,20.8250,200
34625027383485,09:37:05.027,20.8300,1500
34625128994062,09:37:05.128,20.8350,500
34638803072284,09:37:18.803,20.8400,700
34638803072284,09:37:18.803,20.8400,100
34638803072284,09:37:18.803,20.8400,100
34638803072284,09:37:18.803,20.8400,300
34638845997006,09:37:18.845,20.8400,100
34638845997006,09:37:18.845,20.8400,851
34638871236274,09:37:18.871,20.8400,249
34638871236274,09:37:18.871,20.8400,110
34638871236274,09:37:18.871,20.8400,200
34638871236274,09:37:18.871,20.8400,100
34638871236274,09:37:18.871,20.8400,1255
34638871416386,09:37:18.871,20.8400,545
34638872907916,09:37:18.872,20.8350,400
34638873055556,09:37:18.873,20.8350,200
34638873652365,09:37:18.873,20.8300,500
34638873811679,09:37:18.873,20.8300,1700
34638973934317,09:37:18.973,20.8350,600
34650759200841,09:37:30.759,20.8350,200
34651667651390,09:37:31.667,20.8350,400
34651667651390,09:37:31.667,20.8300,100
34651667651390,09:37:31.667,20.8300,300
34651667651390,09:37:31.667,20.8300,300
34651667898252,09:37:31.667,20.8300,400
34651667898252,09:37:31.667,20.8300,100
34651668073099,09:37:31.668,20.8300,500
34651668127505,09:37:31.668,20.8300,86
34651669220230,09:37:31.669,20.8250,400
34651669677063,09:37:31.669,20.8250,400
34651669677063,09:37:31.669,20.8250,100
34651670148238,09:37:31.670,20.8250,100
34670881053754,09:37:50.881,20.8250,185
34677766344711,09:37:57.766,20.8300,880
34677766344711,09:37:57.766,20.8300,1900
34677867632374,09:37:57.867,20.8350,600
34695529686153,09:38:15.529,20.8400,1800
34695529686153,09:38:15.529,20.8400,100
34695529686153,09:38:15.529,20.8400,100
34695529686153,09:38:15.529,20.8400,100
34695529686153,09:38:15.529,20.8400,100
34695643018476,09:38:15.643,20.8450,100
34695643018476,09:38:15.643,20.8450,400
34705022019417,09:38:25.022,20.8450,100
34705022096737,09:38:25.022,20.8400,200
34705022096737,09:38:25.022,20.8400,2100
34705022096737,09:38:25.022,20.8400,400
34705022096737,09:38:25.022,20.8400,166
34705022111482,09:38:25.022,20.8400,134
34705022111482,09:38:25.022,20.8400,439
34705022114215,09:38:25.022,20.8400,315
34705022121496,09:38:25.022,20.8400,17
34705022127490,09:38:25.022,20.8400,3229
34705022127490,09:38:25.022,20.8400,400
34705022127490,09:38:25.022,20.8400,400
34705022127490,09:38:25.022,20.8400,100
34705022190665,09:38:25.022,20.8300,1146
34733333681296,09:38:53.333,20.8400,200
34733333681296,09:38:53.333,20.8400,2200
34733333681296,09:38:53.333,20.8400,1979
34733333681296,09:38:53.333,20.8400,100
34733434693992,09:38:53.434,20.8450,100
34738937245801,09:38:58.937,20.8500,100
34738937245801,09:38:58.937,20.8500,100
34738937245801,09:38:58.937,20.8500,100
34738959994806,09:38:58.959,20.8500,2500
34738959994806,09:38:58.959,20.8500,100
34738960006100,09:38:58.960,20.8500,300
34771026788460,09:39:31.026,20.8500,2600
34771127633504,09:39:31.127,20.8550,100
34771127633504,09:39:31.127,20.8550,240
34785750051189,09:39:45.750,20.8600,100
34785750051189,09:39:45.750,20.8600,100
34785750051189,09:39:45.750,20.8600,100
34785770441886,09:39:45.770,20.8600,361
34785770513587,09:39:45.770,20.8600,39
34785770513587,09:39:45.770,20.8600,1100
34785770513587,09:39:45.770,20.8600,110
34785770513587,09:39:45.770,20.8600,682
34785770548649,09:39:45.770,20.8600,573
34785771015463,09:39:45.771,20.8600,100
34785771015463,09:39:45.771,20.8600,100
34785771015463,09:39:45.771,20.8600,205
34785771015463,09:39:45.771,20.8600,24
34785771081492,09:39:45.771,20.8600,219
34785771085129,09:39:45.771,20.8600,2
34785771141086,09:39:45.771,20.8600,438
34785771160565,09:39:45.771,20.8600,216
34785772384573,09:39:45.772,20.8600,1701
34785773324004,09:39:45.773,20.8550,800
34785773797774,09:39:45.773,20.8550,346
34785774257384,09:39:45.774,20.8550,100
34785774701738,09:39:45.774,20.8550,100
34814320342287,09:40:14.320,20.8600,100
34814320342287,09:40:14.320,20.8600,1300
34814320418182,09:40:14.320,20.8600,69
34814320418182,09:40:14.320,20.8600,2600
34827473339627,09:40:27.473,20.8600,200
34827473339627,09:40:27.473,20.8600,596
34827473354780,09:40:27.473,20.8600,922
34827473396050,09:40:27.473,20.8600,831
34827473453334,09:40:27.473,20.8600,251
34827473453334,09:40:27.473,20.8600,100
34827473453334,09:40:27.473,20.8600,200
34827488373047,09:40:27.488,20.8500,160
34827488656818,09:40:27.488,20.8500,100
34827488682128,09:40:27.488,20.8500,100
34827488703098,09:40:27.488,20.8500,100
34829475930269,09:40:29.475,20.8500,1700
34829476059001,09:40:29.476,20.8500,111
34829476115637,09:40:29.476,20.8500,229
34829477481830,09:40:29.477,20.8450,100
34830607858606,09:40:30.607,20.8500,2877
34865239037509,09:41:05.239,20.8450,280
34879960777001,09:41:19.960,20.8400,2293
34881533047815,09:41:21.533,20.8400,100
34882506963505,09:41:22.506,20.8400,2626
34882507011672,09:41:22.507,20.8400,74
34893542008344,09:41:33.542,20.8350,100
34893542011712,09:41:33.542,20.8350,100
34898922009518,09:41:38.922,20.8350,300
34900349037315,09:41:40.349,20.8300,85
34900349253198,09:41:40.349,20.8300,287
34900349403847,09:41:40.349,20.8300,287
34900349495087,09:41:40.349,20.8300,287
34900349521085,09:41:40.349,20.8300,287
34900349835174,09:41:40.349,20.8300,287
34900350388749,09:41:40.350,20.8300,400
34900355621806,09:41:40.355,20.8300,80
34907246010697,09:41:47.246,20.8350,200
34910113012329,09:41:50.113,20.8350,400
34910113015964,09:41:50.113,20.8350,100
34910802000878,09:41:50.802,20.8350,200
34922666011315,09:42:02.666,20.8350,200
34924681009133,09:42:04.681,20.8350,300
34924681012343,09:42:04.681,20.8350,100
34950982019814,09:42:30.982,20.8350,200
34954539022061,09:42:34.539,20.8350,100
34954539025229,09:42:34.539,20.8350,100
34956703016174,09:42:36.703,20.8350,200
34961821015707,09:42:41.821,20.8350,200
34976632014921,09:42:56.632,20.8350,200
34988993016661,09:43:08.993,20.8350,500
35000468159781,09:43:20.468,20.8400,200
35000468159781,09:43:20.468,20.8400,2800
35000468852837,09:43:20.468,20.8400,17
35000468852837,09:43:20.468,20.8400,17
35047809373801,09:44:07.809,20.8300,100
35047809373801,09:44:07.809,20.8300,100
35047809373801,09:44:07.809,20.8300,100
35054057090480,09:44:14.057,20.8300,200
35054057090480,09:44:14.057,20.8300,2800
35054057090480,09:44:14.057,20.8300,100
35054057090480,09:44:14.057,20.8300,68
35057971415781,09:44:17.971,20.8300,1100
35098335795518,09:44:58.335,20.8300,2800
35165613058280,09:46:05.613,20.8450,300
35165613061619,09:46:05.613,20.8450,100
35256187065199,09:47:36.187,20.8450,147
35256732050261,09:47:36.732,20.8450,153
35256732053408,09:47:36.732,20.8450,100
35287890124837,09:48:07.890,20.8400,200
35292910177687,09:48:12.910,20.8300,100
35292910177687,09:48:12.910,20.8300,1600
35292915167602,09:48:12.915,20.8300,500
35320145679357,09:48:40.145,20.8300,700
35320145679357,09:48:40.145,20.8300,100
35320145679357,09:48:40.145,20.8300,100
35320145679357,09:48:40.145,20.8300,100
35320145679357,09:48:40.145,20.8300,3
35349372970477,09:49:09.372,20.8300,2900
35454462183512,09:50:54.462,20.8350,300
35454462250437,09:50:54.462,20.8350,100
35469701023366,09:51:09.701,20.8350,300
35469701024798,09:51:09.701,20.8350,100
35533480657576,09:52:13.480,20.8250,100
35538513018237,09:52:18.513,20.8250,100
35538513019772,09:52:18.513,20.8250,300
35544370238405,09:52:24.370,20.8200,1200
35610385945173,09:53:30.385,20.8200,3000
35610385945173,09:53:30.385,20.8200,9
35610385945173,09:53:30.385,20.8200,100
35610386457539,09:53:30.386,20.8200,100
35610386457539,09:53:30.386,20.8200,2700
35610386457539,09:53:30.386,20.8200,309
35610386495477,09:53:30.386,20.8200,1658
35610386499776,09:53:30.386,20.8200,400
35610386507854,09:53:30.386,20.8200,533
35610386507854,09:53:30.386,20.8200,600
35610487170182,09:53:30.487,20.8250,100
35613493957371,09:53:33.493,20.8250,100
35616497514978,09:53:36.497,20.8250,100
35619530685471,09:53:39.530,20.8250,100
35622535852112,09:53:42.535,20.8250,100
35625541068291,09:53:45.541,20.8250,100
35665068815001,09:54:25.068,20.8300,100
35665068815001,09:54:25.068,20.8300,42
35670628221645,09:54:30.628,20.8300,200
35670628221645,09:54:30.628,20.8300,438
35689409829138,09:54:49.409,20.8300,2562
35689409829138,09:54:49.409,20.8300,2238
35689409902547,09:54:49.409,20.8300,62
35757917789118,09:55:57.917,20.8200,275
35761181805883,09:56:01.181,20.8200,100
35761181805883,09:56:01.181,20.8200,200
35768277661594,09:56:08.277,20.8100,100
35769608715239,09:56:09.608,20.8100,200
35797960992144,09:56:37.960,20.8050,800
35797960992144,09:56:37.960,20.8050,160
35797960992144,09:56:37.960,20.8050,340
35803153019368,09:56:43.153,20.8050,400
35858030226299,09:57:38.030,20.8100,2000
35858163895659,09:57:38.163,20.8100,26
35858163895659,09:57:38.163,20.8100,374
35858163958904,09:57:38.163,20.8100,26
35858163958904,09:57:38.163,20.8100,100
35858163992769,09:57:38.163,20.8100,126
35858164486257,09:57:38.164,20.8100,100
35858164955153,09:57:38.164,20.8100,2600
35858164955153,09:57:38.164,20.8100,100
35858164955153,09:57:38.164,20.8100,17
35858164955153,09:57:38.164,20.8100,283
35858165573100,09:57:38.165,20.8100,91
35858768020809,09:57:38.768,20.8150,100
35864821266940,09:57:44.821,20.8050,500
35882356010666,09:58:02.356,20.8050,400
35882356012117,09:58:02.356,20.8050,100
35910157079103,09:58:30.157,20.8000,10
35910157079103,09:58:30.157,20.8000,100
35910157079103,09:58:30.157,20.8000,100
35910157079103,09:58:30.157,20.8000,90
35910157225842,09:58:30.157,20.8000,310
36010914675282,10:00:10.914,20.7900,100
36010914702050,10:00:10.914,20.7900,48
36010914702050,10:00:10.914,20.7900,100
36010943141307,10:00:10.943,20.7850,100
36027869464561,10:00:27.869,20.7900,87
36027869464561,10:00:27.869,20.7900,24
36027869517739,10:00:27.869,20.7900,1369
36027869533429,10:00:27.869,20.7900,107
36051852016559,10:00:51.852,20.7950,100
36164705164295,10:02:44.705,20.7900,2277
36164705196725,10:02:44.705,20.7900,1023
36164705196725,10:02:44.705,20.7900,100
36164705196725,10:02:44.705,20.7900,1377
36164705204731,10:02:44.705,20.7900,823
36164705204731,10:02:44.705,20.7900,100
36164705204731,10:02:44.705,20.7900,100
36164705286810,10:02:44.705,20.7800,100
36164705286810,10:02:44.705,20.7800,100
36164705286810,10:02:44.705,20.7800,800
36164705286810,10:02:44.705,20.7800,1293
36164705316154,10:02:44.705,20.7800,57
36167827296239,10:02:47.827,20.7800,100
36171015683168,10:02:51.015,20.7800,87
36171015683168,10:02:51.015,20.7800,200
36171015683168,10:02:51.015,20.7800,2113
36171015739063,10:02:51.015,20.7800,1387
36171015739063,10:02:51.015,20.7800,85
36174249019077,10:02:54.249,20.7850,100
36188529640666,10:03:08.529,20.7800,525
36188530734147,10:03:08.530,20.7800,2975
36189088018267,10:03:09.088,20.7750,100
36241583618640,10:04:01.583,20.7800,100
36241583646054,10:04:01.583,20.7800,3300
36241583646054,10:04:01.583,20.7800,3600
36241583646054,10:04:01.583,20.7800,18
36241583646054,10:04:01.583,20.7800,17
36241583646054,10:04:01.583,20.7800,1500
36267411956800,10:04:27.411,20.7800,3800
36267411956800,10:04:27.411,20.7800,100
36284899356493,10:04:44.899,20.7700,2
36284899356493,10:04:44.899,20.7700,100
36284899356493,10:04:44.899,20.7700,100
36339329341021,10:05:39.329,20.7700,200
36339329341021,10:05:39.329,20.7700,18
36339329341021,10:05:39.329,20.7700,500
36376788990161,10:06:16.788,20.7700,200
36376788990161,10:06:16.788,20.7700,1
36481626726837,10:08:01.626,20.7650,200
36497665005740,10:08:17.665,20.7650,400
36506960419814,10:08:26.960,20.7650,800
36506960419814,10:08:26.960,20.7700,100
36506960419814,10:08:26.960,20.7700,100
36506960419814,10:08:26.960,20.7700,100
36511381671388,10:08:31.381,20.7700,200
36511381671388,10:08:31.381,20.7700,1200
36513865148573,10:08:33.865,20.7700,3200
36513865148573,10:08:33.865,20.7700,1800
36561675130648,10:09:21.675,20.7700,100
36561675130648,10:09:21.675,20.7700,300
36573802688003,10:09:33.802,20.7700,1700
36574597011611,10:09:34.597,20.7750,100
36631063488515,10:10:31.063,20.7700,964
36631063543254,10:10:31.063,20.7700,3336
36649054001806,10:10:49.054,20.7650,100
36649609996773,10:10:49.609,20.7650,100
36654211534772,10:10:54.211,20.7650,100
36708693161838,10:11:48.693,20.7700,664
36862564237210,10:14:22.564,20.7750,200
36862564237210,10:14:22.564,20.7750,100
36866589219609,10:14:26.589,20.7750,100
36869589801820,10:14:29.589,20.7750,100
36940568355250,10:15:40.568,20.7800,2100
36940568386120,10:15:40.568,20.7800,1300
36940568386120,10:15:40.568,20.7800,3900
36940568386120,10:15:40.568,20.7800,900
36940568386120,10:15:40.568,20.7800,51
36940568386120,10:15:40.568,20.7800,100
36940568521966,10:15:40.568,20.7800,1146
36967062007601,10:16:07.062,20.7850,100
36981097012278,10:16:21.097,20.7850,100
37032813641335,10:17:12.813,20.7800,2400
37032813667683,10:17:12.813,20.7800,2100
37032813667683,10:17:12.813,20.7800,100
37032916482753,10:17:12.916,20.7750,100
37038408849076,10:17:18.408,20.7750,100
37048537285795,10:17:28.537,20.7750,100
37064531198355,10:17:44.531,20.7750,100
37067541068296,10:17:47.541,20.7750,100
37087301669935,10:18:07.301,20.7700,100
37087301669935,10:18:07.301,20.7700,2300
37087301696087,10:18:07.301,20.7700,2100
37142866197222,10:19:02.866,20.7600,100
37142866197222,10:19:02.866,20.7600,100
37143026514260,10:19:03.026,20.7550,100
37149658194830,10:19:09.658,20.7600,3444
37149658284020,10:19:09.658,20.7600,1156
37149658284020,10:19:09.658,20.7600,1100
37149658284020,10:19:09.658,20.7600,100
37222547792227,10:20:22.547,20.7600,200
37222547792227,10:20:22.547,20.7600,4600
37222547792227,10:20:22.547,20.7600,200
37222547792227,10:20:22.547,20.7600,1400
37222657881917,10:20:22.657,20.7550,100
37237565477886,10:20:37.565,20.7600,100
37237565881680,10:20:37.565,20.7600,4700
37237565881680,10:20:37.565,20.7600,17
37326793193198,10:22:06.793,20.7650,100
37329804963347,10:22:09.804,20.7650,100
37332810183009,10:22:12.810,20.7650,100
37335815596772,10:22:15.815,20.7650,100
37338820882947,10:22:18.820,20.7650,100
37341826117004,10:22:21.826,20.7650,100
37346987376968,10:22:26.987,20.7650,100
37350040283531,10:22:30.040,20.7650,100
37353045493186,10:22:33.045,20.7650,100
37372641986999,10:22:52.641,20.7650,100
37468573214201,10:24:28.573,20.7600,242
37468574046150,10:24:28.574,20.7600,4558
37468574046150,10:24:28.574,20.7600,100
37468574046150,10:24:28.574,20.7600,100
37468574046150,10:24:28.574,20.7600,19
37482125416456,10:24:42.125,20.7550,100
37493291765633,10:24:53.291,20.7550,200
37493291765633,10:24:53.291,20.7550,100
37493291765633,10:24:53.291,20.7550,200
37496297796101,10:24:56.297,20.7550,200
37510529355009,10:25:10.529,20.7600,691
37519360201844,10:25:19.360,20.7600,3300
37708848861791,10:28:28.848,20.7600,100
37708848861791,10:28:28.848,20.7600,100
37795639292469,10:29:55.639,20.7600,3000
37800081934951,10:30:00.081,20.7600,100
37800081934951,10:30:00.081,20.7600,28
37800081978428,10:30:00.081,20.7600,72
37800206157022,10:30:00.206,20.7700,261
37810426257291,10:30:10.426,20.7700,4700
37812860104511,10:30:12.860,20.7700,200
37812860104511,10:30:12.860,20.7700,500
37812863412002,10:30:12.863,20.7700,3000
37812863412002,10:30:12.863,20.7700,3200
37812863412002,10:30:12.863,20.7700,100
37812863412002,10:30:12.863,20.7700,200
37812863412002,10:30:12.863,20.7700,100
37812863412002,10:30:12.863,20.7700,900
37812863412002,10:30:12.863,20.7700,100
37812863412002,10:30:12.863,20.7700,200
37812863412002,10:30:12.863,20.7700,3766
37812864264044,10:30:12.864,20.7700,566
37812864502581,10:30:12.864,20.7700,368
37812864502581,10:30:12.864,20.7700,2766
37826514943634,10:30:26.514,20.7700,800
37831442304502,10:30:31.442,20.7700,200
37831442304502,10:30:31.442,20.7700,4600
37833215496726,10:30:33.215,20.7700,2766
37833217196187,10:30:33.217,20.7700,2400
37833217196187,10:30:33.217,20.7700,1666
37860687696763,10:31:00.687,20.7650,800
37862361998998,10:31:02.361,20.7700,3000
37862362565144,10:31:02.362,20.7700,1400
37862362565144,10:31:02.362,20.7700,300
37862362565144,10:31:02.362,20.7700,400
37870501705182,10:31:10.501,20.7700,600
37870501705182,10:31:10.501,20.7700,1900
37870832564901,10:31:10.832,20.7700,2400
37871333957083,10:31:11.333,20.7750,100
37884886770228,10:31:24.886,20.7800,2100
37884887348535,10:31:24.887,20.7800,2000
37898307814216,10:31:38.307,20.7800,100
37900733447018,10:31:40.733,20.7800,400
37902712948494,10:31:42.712,20.7750,400
37939134611508,10:32:19.134,20.7800,100
37961663987229,10:32:41.663,20.7850,400
38035951030751,10:33:55.951,20.7850,423
38198092631308,10:36:38.092,20.7900,100
38198109946968,10:36:38.109,20.7900,285
38198109979781,10:36:38.109,20.7900,2315
38198109979781,10:36:38.109,20.7900,100
38198109979781,10:36:38.109,20.7900,3190
38198109979781,10:36:38.109,20.7900,200
38198109979781,10:36:38.109,20.7900,100
38198109979781,10:36:38.109,20.7900,600
38198109979781,10:36:38.109,20.7900,2995
38240047077638,10:37:20.047,20.7900,3000
38240047463618,10:37:20.047,20.7900,700
38240047463618,10:37:20.047,20.7900,200
38240047463618,10:37:20.047,20.7900,100
38242760426124,10:37:22.760,20.7850,200
38242760426124,10:37:22.760,20.7850,100
38242760426124,10:37:22.760,20.7850,200
38242760426124,10:37:22.760,20.7850,240
38261347985600,10:37:41.347,20.7800,500
38278054307964,10:37:58.054,20.7750,200
38278054307964,10:37:58.054,20.7750,400
38297463482207,10:38:17.463,20.7800,200
38297463482207,10:38:17.463,20.7800,100
38297463482207,10:38:17.463,20.7800,400
38297463482207,10:38:17.463,20.7800,100
38297463482207,10:38:17.463,20.7800,200
38297463482207,10:38:17.463,20.7800,300
38297463482207,10:38:17.463,20.7800,100
38297463482207,10:38:17.463,20.7800,400
38297463482207,10:38:17.463,20.7800,100
38341318222939,10:39:01.318,20.7900,2000
38358580911860,10:39:18.580,20.7900,2700
38358581118252,10:39:18.581,20.7900,100
38358581118252,10:39:18.581,20.7900,100
38358581663120,10:39:18.581,20.7900,100
38358581663120,10:39:18.581,20.7900,100
38358581689593,10:39:18.581,20.7900,100
38358581838811,10:39:18.581,20.7900,100
38358582057637,10:39:18.582,20.7900,200
38401160400333,10:40:01.160,20.7900,200
38401160400333,10:40:01.160,20.7900,100
38429906159580,10:40:29.906,20.7900,200
38429906159580,10:40:29.906,20.7900,1100
38448151075896,10:40:48.151,20.7900,65
38453018715520,10:40:53.018,20.7900,3900
38453018715520,10:40:53.018,20.7900,400
38521010867792,10:42:01.010,20.7850,94
38521011371554,10:42:01.011,20.7850,6
38523726865888,10:42:03.726,20.7900,200
38523726865888,10:42:03.726,20.7900,500
38539353736329,10:42:19.353,20.7900,200
38558490079047,10:42:38.490,20.7850,100
38558490079047,10:42:38.490,20.7900,3700
38558490655571,10:42:38.490,20.7900,700
38567937569894,10:42:47.937,20.7900,3167
38567937600372,10:42:47.937,20.7900,1333
38570974347978,10:42:50.974,20.7850,100
38608011897319,10:43:28.011,20.7900,200
38608011897319,10:43:28.011,20.7900,100
38608011897319,10:43:28.011,20.7900,200
38608013532924,10:43:28.013,20.7900,3600
38608013596222,10:43:28.013,20.7900,1790
38613569988645,10:43:33.569,20.7900,4600
38613569988645,10:43:33.569,20.7900,9
38616665949552,10:43:36.665,20.7850,100
38619671132138,10:43:39.671,20.7850,100
38622676369109,10:43:42.676,20.7850,100
38625681591611,10:43:45.681,20.7850,100
38657470725644,10:44:17.470,20.7850,100
38657470725644,10:44:17.470,20.7900,900
38657470725644,10:44:17.470,20.7900,400
38657470725644,10:44:17.470,20.7900,500
38657470752897,10:44:17.470,20.7900,100
38678172192149,10:44:38.172,20.7950,200
38678172192149,10:44:38.172,20.7900,100
38678172192149,10:44:38.172,20.7900,1200
38678172192149,10:44:38.172,20.7900,2400
38678172192149,10:44:38.172,20.7900,360
38678172192149,10:44:38.172,20.7900,3020
38678665123376,10:44:38.665,20.7900,1680
38678665123376,10:44:38.665,20.7900,100
38678665123376,10:44:38.665,20.7900,17
38678665123376,10:44:38.665,20.7900,100
38678665123376,10:44:38.665,20.7900,100
38678665408683,10:44:38.665,20.7900,100
38678665408683,10:44:38.665,20.7900,100
38678665787380,10:44:38.665,20.7900,100
38678666133398,10:44:38.666,20.7900,3600
38679159223809,10:44:39.159,20.7900,1200
38679159223809,10:44:39.159,20.7900,100
38683035772565,10:44:43.035,20.7850,100
38694242472768,10:44:54.242,20.7900,4900
38694242472768,10:44:54.242,20.7900,100
38694346651954,10:44:54.346,20.7900,100
38695776765650,10:44:55.776,20.7900,100
38695776765650,10:44:55.776,20.7900,100
38695776765650,10:44:55.776,20.7900,100
38695776765650,10:44:55.776,20.7900,3960
38695776765650,10:44:55.776,20.7900,3640
38712989025715,10:45:12.989,20.7950,100
38733989574119,10:45:33.989,20.7950,800
38733989574119,10:45:33.989,20.7950,1400
38733989574119,10:45:33.989,20.7950,100
38734493031862,10:45:34.493,20.7950,100
38735024031492,10:45:35.024,20.7950,100
38735612027253,10:45:35.612,20.7950,100
38745740563418,10:45:45.740,20.8000,600
38785746137378,10:46:25.746,20.8000,2600
38785746162177,10:46:25.746,20.8000,100
38785746162177,10:46:25.746,20.8000,5
38786584229927,10:46:26.584,20.8000,100
38786584229927,10:46:26.584,20.8000,100
38786584229927,10:46:26.584,20.8000,100
38786584229927,10:46:26.584,20.8000,100
38786584229927,10:46:26.584,20.8000,1900
38786584229927,10:46:26.584,20.8000,4400
38786584229927,10:46:26.584,20.8000,440
38786584229927,10:46:26.584,20.8000,100
38786584229927,10:46:26.584,20.8000,200
38786584229927,10:46:26.584,20.8000,158
38786584229927,10:46:26.584,20.8000,322
38822310743432,10:47:02.310,20.8000,100
38850110040766,10:47:30.110,20.7950,100
38867466018994,10:47:47.466,20.7950,100
38901579602549,10:48:21.579,20.7900,4800
38901579602549,10:48:21.579,20.7900,100
38901681036872,10:48:21.681,20.7850,100
38906514253997,10:48:26.514,20.7900,600
38906514279686,10:48:26.514,20.7900,600
38907135032587,10:48:27.135,20.7950,100
38914644578198,10:48:34.644,20.7950,100
38960773837386,10:49:20.773,20.8000,100
38961371024644,10:49:21.371,20.8000,100
38961830914747,10:49:21.830,20.8000,100
38963278576751,10:49:23.278,20.8000,600
38963278576751,10:49:23.278,20.8000,3413
38963278625909,10:49:23.278,20.8000,1487
38963278625909,10:49:23.278,20.8000,158
38963278625909,10:49:23.278,20.8000,4400
38963278625909,10:49:23.278,20.8000,1100
38963278625909,10:49:23.278,20.8000,34
38963278625909,10:49:23.278,20.8000,200
38963278625909,10:49:23.278,20.8000,100
38963278625909,10:49:23.278,20.8000,981
38971234651243,10:49:31.234,20.8000,86
38971234651243,10:49:31.234,20.8000,100
38971336798082,10:49:31.336,20.7950,800
39032632813573,10:50:32.632,20.7900,17
39032632813573,10:50:32.632,20.7900,283
39032632833087,10:50:32.632,20.7900,17
39032632833087,10:50:32.632,20.7900,40
39178345620650,10:52:58.345,20.7850,100
39181405191450,10:53:01.405,20.7850,100
39188347383131,10:53:08.347,20.7850,100
39191354220109,10:53:11.354,20.7850,100
39194359387810,10:53:14.359,20.7850,100
39197364559563,10:53:17.364,20.7850,100
39222194832980,10:53:42.194,20.7850,200
39240181587816,10:54:00.181,20.7800,3000
39240181615836,10:54:00.181,20.7800,700
39240181615836,10:54:00.181,20.7800,100
39240181615836,10:54:00.181,20.7800,2700
39240181615836,10:54:00.181,20.7800,100
39240283136140,10:54:00.283,20.7750,100
39243343174526,10:54:03.343,20.7750,100
39246348297918,10:54:06.348,20.7750,100
39249353513873,10:54:09.353,20.7750,100
39252358631742,10:54:12.358,20.7750,100
39255363889816,10:54:15.363,20.7750,100
39257120326420,10:54:17.120,20.7800,1000
39278371004743,10:54:38.371,20.7800,5200
39278371004743,10:54:38.371,20.7800,700
39278376585653,10:54:38.376,20.7850,800
39278376585653,10:54:38.376,20.7850,160
39278646354505,10:54:38.646,20.7850,100
39278971987569,10:54:38.971,20.7850,100
39279588989754,10:54:39.588,20.7850,100
39280194988783,10:54:40.194,20.7850,100
39280802989631,10:54:40.802,20.7850,100
39281408985943,10:54:41.408,20.7850,100
39281708624724,10:54:41.708,20.7850,100
39282627000914,10:54:42.627,20.7850,100
39284713785598,10:54:44.713,20.7850,100
39287719059487,10:54:47.719,20.7850,100
39290724136039,10:54:50.724,20.7850,100
39293729254354,10:54:53.729,20.7850,100
39296734436144,10:54:56.734,20.7850,100
39300333817213,10:55:00.333,20.7850,700
39315908918862,10:55:15.908,20.7900,3000
39315908947432,10:55:15.908,20.7900,1700
39315910408017,10:55:15.910,20.7900,4400
39315910408017,10:55:15.910,20.7900,2500
39315910408017,10:55:15.910,20.7900,800
39315910408017,10:55:15.910,20.7900,500
39343904105814,10:55:43.904,20.8000,100
39343904105814,10:55:43.904,20.8000,100
39343904105814,10:55:43.904,20.8000,2637
39343904277648,10:55:43.904,20.8000,743
39343904341468,10:55:43.904,20.8000,573
39343904352824,10:55:43.904,20.8000,447
39343904352824,10:55:43.904,20.8000,2053
39343904409301,10:55:43.904,20.8000,2347
39343904409301,10:55:43.904,20.8000,4800
39343904409301,10:55:43.904,20.8000,300
39378872138237,10:56:18.872,20.8050,122
39378872210750,10:56:18.872,20.8050,78
39380676024616,10:56:20.676,20.8000,5500
39380676024616,10:56:20.676,20.8000,100
39381282012581,10:56:21.282,20.7950,100
39392486001117,10:56:32.486,20.7950,100
39423351174198,10:57:03.351,20.7950,100
39426360793765,10:57:06.360,20.7950,100
39429365939722,10:57:09.365,20.7950,100
39432371219719,10:57:12.371,20.7950,100
39435376434279,10:57:15.376,20.7950,100
39444206416477,10:57:24.206,20.7950,100
39447296540085,10:57:27.296,20.7950,100
39449957950717,10:57:29.957,20.7950,100
39450123265578,10:57:30.123,20.7900,5400
39450123265578,10:57:30.123,20.7900,100
39450301814952,10:57:30.301,20.7850,100
39466648142701,10:57:46.648,20.7850,100
39467238010615,10:57:47.238,20.7850,100
39467238013107,10:57:47.238,20.7850,350
39467260890778,10:57:47.260,20.7850,100
39502189028465,10:58:22.189,20.7850,500
39502189029203,10:58:22.189,20.7850,100
39534055281405,10:58:54.055,20.7900,3000
39534055306942,10:58:54.055,20.7900,133
39534055315117,10:58:54.055,20.7900,2209
39538989343049,10:58:58.989,20.7950,100
39542062241354,10:59:02.062,20.7950,100
39544964028738,10:59:04.964,20.7950,100
39545067419751,10:59:05.067,20.7950,100
39551138841907,10:59:11.138,20.7950,100
39559607587275,10:59:19.607,20.8000,9
39559608241401,10:59:19.608,20.8000,528
39566195610755,10:59:26.195,20.8000,37
39601096324975,11:00:01.096,20.8100,200
39601096324975,11:00:01.096,20.8100,1372
39601096334923,11:00:01.096,20.8100,1413
39601096352838,11:00:01.096,20.8100,315
39601096352838,11:00:01.096,20.8100,122
39601096420836,11:00:01.096,20.8100,2180
39601096500814,11:00:01.096,20.8100,105
39601192381643,11:00:01.192,20.8100,287
39601192471214,11:00:01.192,20.8100,1180
39601288286354,11:00:01.288,20.8100,1530
39601288346355,11:00:01.288,20.8100,4364
39601288416680,11:00:01.288,20.8100,2839
39635213032192,11:00:35.213,20.8050,700
39638862031358,11:00:38.862,20.8050,600
39663389448364,11:01:03.389,20.8100,99
39663389479581,11:01:03.389,20.8100,1
39663389656206,11:01:03.389,20.8100,1
39763232652652,11:02:43.232,20.8200,300
39775967677644,11:02:55.967,20.8200,74
39797968591293,11:03:17.968,20.8150,200
39805930145173,11:03:25.930,20.8100,100
39805930145173,11:03:25.930,20.8100,200
39805930145173,11:03:25.930,20.8100,100
39805930145173,11:03:25.930,20.8100,100
39805930145173,11:03:25.930,20.8100,200
39805930145173,11:03:25.930,20.8100,100
39805930145173,11:03:25.930,20.8100,100
39805930145173,11:03:25.930,20.8100,300
39827414667181,11:03:47.414,20.8100,2300
39827414667181,11:03:47.414,20.8100,100
39827414746099,11:03:47.414,20.8100,100
39828732027938,11:03:48.732,20.8150,400
39960856189423,11:06:00.856,20.8200,300
39960856189423,11:06:00.856,20.8200,200
39960856189423,11:06:00.856,20.8200,100
39960856189423,11:06:00.856,20.8200,100
39961868994437,11:06:01.868,20.8250,100
39961868995957,11:06:01.868,20.8250,700
39962543993844,11:06:02.543,20.8250,100
39963108989199,11:06:03.108,20.8250,100
39963714993229,11:06:03.714,20.8250,100
39971811126630,11:06:11.811,20.8200,3000
39971811209057,11:06:11.811,20.8200,321
39971811236767,11:06:11.811,20.8200,400
39971811236767,11:06:11.811,20.8200,100
39971811236767,11:06:11.811,20.8200,100
39971811298660,11:06:11.811,20.8200,100
39971811382764,11:06:11.811,20.8200,4500
39971811382764,11:06:11.811,20.8200,562
39971811409665,11:06:11.811,20.8200,400
39971811420068,11:06:11.811,20.8200,4038
39971811420068,11:06:11.811,20.8200,6500
40046634267336,11:07:26.634,20.8200,100
40047334990100,11:07:27.334,20.8200,100
40047334990100,11:07:27.334,20.8200,100
40047334990100,11:07:27.334,20.8200,1334
40047334990100,11:07:27.334,20.8200,100
40047334990100,11:07:27.334,20.8200,100
40047334990100,11:07:27.334,20.8200,200
40086452714556,11:08:06.452,20.8200,100
40095249901730,11:08:15.249,20.8200,3000
40095250333289,11:08:15.250,20.8200,100
40099326003378,11:08:19.326,20.8200,100
40099326003378,11:08:19.326,20.8200,100
40099326003378,11:08:19.326,20.8200,100
40099326476030,11:08:19.326,20.8200,2609
40162919695112,11:09:22.919,20.8200,100
40162919695112,11:09:22.919,20.8200,400
40168699502353,11:09:28.699,20.8200,100
40225642888526,11:10:25.642,20.8200,467
40225643379480,11:10:25.643,20.8200,33
40226279026145,11:10:26.279,20.8250,100
40226887019337,11:10:26.887,20.8250,100
40229384029070,11:10:29.384,20.8250,100
40302290339777,11:11:42.290,20.8300,152
40302290818968,11:11:42.290,20.8300,200
40302290994140,11:11:42.290,20.8300,48
40302291546140,11:11:42.291,20.8300,2400
40302291546140,11:11:42.291,20.8300,466
40302291555875,11:11:42.291,20.8300,510
40436438814505,11:13:56.438,20.8400,100
40436438814505,11:13:56.438,20.8400,100
40436438814505,11:13:56.438,20.8400,100
40449877727852,11:14:09.877,20.8400,69
40449877727852,11:14:09.877,20.8400,100
40449877727852,11:14:09.877,20.8400,31
40449877805365,11:14:09.877,20.8400,69
40449877805365,11:14:09.877,20.8400,67
40449878350006,11:14:09.878,20.8400,2853
40473737269910,11:14:33.737,20.8400,100
40492102128252,11:14:52.102,20.8400,2000
40492102128252,11:14:52.102,20.8400,5510
40492102152721,11:14:52.102,20.8400,2090
40492102152721,11:14:52.102,20.8400,100
40492102152721,11:14:52.102,20.8400,100
40514609001558,11:15:14.609,20.8450,235
40514609002203,11:15:14.609,20.8450,100
40514609002783,11:15:14.609,20.8450,200
40517342000714,11:15:17.342,20.8450,100
40517934997295,11:15:17.934,20.8450,100
40544230977095,11:15:44.230,20.8500,2700
40629580017681,11:17:09.580,20.8550,200
40635670863831,11:17:15.670,20.8600,200
40638654367509,11:17:18.654,20.8600,100
40643019444867,11:17:23.019,20.8600,100
40740935327031,11:19:00.935,20.8600,1326
40740935398316,11:19:00.935,20.8600,974
40740935398316,11:19:00.935,20.8600,400
40740935398316,11:19:00.935,20.8600,100
40768978821497,11:19:28.978,20.8550,200
40824229121179,11:20:24.229,20.8600,100
40824429405850,11:20:24.429,20.8600,100
40827733305714,11:20:27.733,20.8600,100
40827933700672,11:20:27.933,20.8600,100
40885697812738,11:21:25.697,20.8600,4500
40896746323495,11:21:36.746,20.8600,200
40896746323495,11:21:36.746,20.8600,267
40896746375202,11:21:36.746,20.8600,573
40896746390452,11:21:36.746,20.8600,2500
40896746443682,11:21:36.746,20.8600,287
40896746860206,11:21:36.746,20.8600,573
40896746860880,11:21:36.746,20.8600,131
40896746932680,11:21:36.746,20.8600,100
40896746932680,11:21:36.746,20.8600,100
41064642774169,11:24:24.642,20.8550,100
41069719593565,11:24:29.719,20.8550,100
41090076031261,11:24:50.076,20.8550,100
41113506006561,11:25:13.506,20.8550,300
41114056380077,11:25:14.056,20.8550,100
41145425485357,11:25:45.425,20.8500,100
41145425485357,11:25:45.425,20.8500,100
41145425485357,11:25:45.425,20.8500,100
41145425485357,11:25:45.425,20.8500,200
41145425485357,11:25:45.425,20.8500,100
41145425485357,11:25:45.425,20.8500,100
41145529489902,11:25:45.529,20.8450,100
41165449996506,11:26:05.449,20.8450,100
41165449999420,11:26:05.449,20.8450,535
41165449999973,11:26:05.449,20.8450,100
41222943057760,11:27:02.943,20.8500,118
41222943057760,11:27:02.943,20.8500,300
41261492490713,11:27:41.492,20.8600,100
41292715153630,11:28:12.715,20.8600,100
41292715153630,11:28:12.715,20.8600,100
41292715153630,11:28:12.715,20.8600,80
41292715656707,11:28:12.715,20.8600,1146
41297323264509,11:28:17.323,20.8600,215
41297323371037,11:28:17.323,20.8600,200
41297323390003,11:28:17.323,20.8600,15
41297324638684,11:28:17.324,20.8550,500
41297325118015,11:28:17.325,20.8550,100
41362257348207,11:29:22.257,20.8500,100
41362257348207,11:29:22.257,20.8500,6100
41362257348207,11:29:22.257,20.8500,100
41362257348207,11:29:22.257,20.8500,49
41461021133030,11:31:01.021,20.8600,100
41487041587945,11:31:27.041,20.8700,100
41487041587945,11:31:27.041,20.8700,100
41487041587945,11:31:27.041,20.8700,56
41487041587945,11:31:27.041,20.8700,100
41487041587945,11:31:27.041,20.8700,100
41487041587945,11:31:27.041,20.8700,500
41487768318258,11:31:27.768,20.8700,177
41487768318844,11:31:27.768,20.8700,23
41487768318844,11:31:27.768,20.8700,601
41487768318844,11:31:27.768,20.8700,1095
41487768375797,11:31:27.768,20.8700,1963
41487768393427,11:31:27.768,20.8700,1939
41487768421753,11:31:27.768,20.8700,968
41487768426936,11:31:27.768,20.8700,35
41487768426936,11:31:27.768,20.8700,700
41487768672870,11:31:27.768,20.8700,2544
41488248591780,11:31:28.248,20.8650,200
41488248591780,11:31:28.248,20.8650,100
41503387486130,11:31:43.387,20.8650,200
41538462011759,11:32:18.462,20.8650,100
41634659915508,11:33:54.659,20.8700,100
41653480827463,11:34:13.480,20.8700,100
41655084483584,11:34:15.084,20.8700,1206
41655084922799,11:34:15.084,20.8700,828
41655084922799,11:34:15.084,20.8700,400
41655085038297,11:34:15.085,20.8700,100
41655085038297,11:34:15.085,20.8700,100
41655085038297,11:34:15.085,20.8700,2666
41690857239082,11:34:50.857,20.8800,100
41700827720153,11:35:00.827,20.8850,800
41700827720153,11:35:00.827,20.8800,100
41700827720153,11:35:00.827,20.8800,100
41700827720153,11:35:00.827,20.8800,100
41735530639018,11:35:35.530,20.8850,200
41738002669852,11:35:38.002,20.8800,100
41739507626521,11:35:39.507,20.8800,800
41739507626521,11:35:39.507,20.8800,100
41739507626521,11:35:39.507,20.8800,100
41739507998677,11:35:39.507,20.8800,100
41739508007031,11:35:39.508,20.8800,104
41739509443827,11:35:39.509,20.8750,800
41739509929761,11:35:39.509,20.8750,200
41739509929761,11:35:39.509,20.8750,400
41739510404524,11:35:39.510,20.8750,100
42024855029416,11:40:24.855,20.8750,600
42054543939817,11:40:54.543,20.8700,400
42054543939817,11:40:54.543,20.8700,100
42054543939817,11:40:54.543,20.8700,200
42054543939817,11:40:54.543,20.8700,100
42054543939817,11:40:54.543,20.8700,100
42054543939817,11:40:54.543,20.8700,100
42054544323563,11:40:54.544,20.8700,1
42054544323563,11:40:54.544,20.8700,999
42054544455716,11:40:54.544,20.8700,573
42054544481091,11:40:54.544,20.8700,4128
42056564342704,11:40:56.564,20.8700,1101
42120005400096,11:42:00.005,20.8700,5700
42120005400096,11:42:00.005,20.8700,400
42120005400096,11:42:00.005,20.8700,300
42121429019978,11:42:01.429,20.8750,100
42121429021309,11:42:01.429,20.8750,100
42121929019219,11:42:01.929,20.8750,100
42122006015272,11:42:02.006,20.8750,100
42138962740481,11:42:18.962,20.8800,1
42149319246992,11:42:29.319,20.8800,99
42149319246992,11:42:29.319,20.8800,1
42153915156635,11:42:33.915,20.8800,100
42157101531606,11:42:37.101,20.8800,119
42157101673830,11:42:37.101,20.8800,200
42157101899818,11:42:37.101,20.8800,300
42157101899818,11:42:37.101,20.8800,700
42158142025753,11:42:38.142,20.8850,100
42168430611385,11:42:48.430,20.8900,100
42178081641526,11:42:58.081,20.8900,100
42187681041508,11:43:07.681,20.8900,100
42187958854360,11:43:07.958,20.8900,100
42187958854360,11:43:07.958,20.8900,100
42241027446859,11:44:01.027,20.8900,200
42241027446859,11:44:01.027,20.8900,659
42241027494011,11:44:01.027,20.8900,115
42241027953034,11:44:01.027,20.8900,100
42241028035393,11:44:01.028,20.8900,100
42241529023212,11:44:01.529,20.8850,100
42281973019927,11:44:41.973,20.8850,100
42301094011591,11:45:01.094,20.8900,1
42306744463601,11:45:06.744,20.8900,2000
42306744891145,11:45:06.744,20.8900,347
42308447005557,11:45:08.447,20.8950,100
42311048927019,11:45:11.048,20.8900,37
42331162942783,11:45:31.162,20.9000,100
42331162942783,11:45:31.162,20.9000,100
42331162942783,11:45:31.162,20.9000,333
42345783002174,11:45:45.783,20.8950,100
42352358681514,11:45:52.358,20.8900,63
42352358681514,11:45:52.358,20.8900,2337
42352358820962,11:45:52.358,20.8800,1828
42357053068343,11:45:57.053,20.8850,200
42422234434259,11:47:02.234,20.8800,100
42682559596720,11:51:22.559,20.8850,200
42689268372762,11:51:29.268,20.8800,200
42689268372762,11:51:29.268,20.8800,2200
42689268400353,11:51:29.268,20.8800,2900
42689268400353,11:51:29.268,20.8800,100
42713092946471,11:51:53.092,20.8800,1932
42713117339313,11:51:53.117,20.8800,500
42718484583244,11:51:58.484,20.8800,1000
42718484622594,11:51:58.484,20.8800,400
42718485390096,11:51:58.485,20.8800,3200
42719137025850,11:51:59.137,20.8850,100
42828130795729,11:53:48.130,20.8900,100
42837144322726,11:53:57.144,20.8900,100
42850969874312,11:54:10.969,20.8900,100
42860187872853,11:54:20.187,20.8900,100
42865739708582,11:54:25.739,20.8900,100
42896908260923,11:54:56.908,20.8900,100
42903261366206,11:55:03.261,20.8900,500
42903261366206,11:55:03.261,20.8900,500
42903261366206,11:55:03.261,20.8900,500
42903261435154,11:55:03.261,20.8900,100
42903261435154,11:55:03.261,20.8900,3
43047992416516,11:57:27.992,20.8950,200
43047992416516,11:57:27.992,20.8950,200
43062988279628,11:57:42.988,20.9000,100
43097621624040,11:58:17.621,20.9000,567
43097621624040,11:58:17.621,20.9000,100
43097621751092,11:58:17.621,20.9000,1146
43097621761148,11:58:17.621,20.9000,954
43097621761148,11:58:17.621,20.9000,192
43097833297138,11:58:17.833,20.9050,200
43097833297138,11:58:17.833,20.9000,1519
43097833373370,11:58:17.833,20.9000,1146
43097833601783,11:58:17.833,20.9000,335
43097833601783,11:58:17.833,20.9000,1384
43097833612908,11:58:17.833,20.9000,1146
43097833666353,11:58:17.833,20.9000,573
43098066478692,11:58:18.066,20.9000,100
43098066949481,11:58:18.066,20.9000,400
43098066949481,11:58:18.066,20.9000,2466
43111054526157,11:58:31.054,20.9000,600
43111054526157,11:58:31.054,20.9000,4300
43111060216874,11:58:31.060,20.9000,800
43208869786150,12:00:08.869,20.9100,74
43213475137328,12:00:13.475,20.9100,100
43219092273996,12:00:19.092,20.9150,200
43219092273996,12:00:19.092,20.9100,946
43219092282558,12:00:19.092,20.9100,286
43219092283813,12:00:19.092,20.9100,573
43219092287869,12:00:19.092,20.9100,384
43219092298606,12:00:19.092,20.9100,286
43219092674834,12:00:19.092,20.9100,189
43219092844168,12:00:19.092,20.9100,275
43219375754580,12:00:19.375,20.9100,34
43219375864708,12:00:19.375,20.9100,27
43219375864708,12:00:19.375,20.9100,100
43219375864708,12:00:19.375,20.9100,100
43219375864708,12:00:19.375,20.9100,59
43219376071615,12:00:19.376,20.9100,41
43219376071615,12:00:19.376,20.9100,100
43219376071615,12:00:19.376,20.9100,145
43219376437096,12:00:19.376,20.9100,1255
43219376437096,12:00:19.376,20.9100,464
43219377313320,12:00:19.377,20.9100,263
43220714062341,12:00:20.714,20.9100,273
43220714062341,12:00:20.714,20.9100,300
43220714075731,12:00:20.714,20.9100,286
43220714110846,12:00:20.714,20.9100,286
43220714132598,12:00:20.714,20.9100,286
43220714214873,12:00:20.714,20.9100,286
43220714359573,12:00:20.714,20.9100,1146
43241011434862,12:00:41.011,20.9100,1
43245821774526,12:00:45.821,20.9100,100
43246973019516,12:00:46.973,20.9050,100
43260751024533,12:01:00.751,20.9050,400
43260751026003,12:01:00.751,20.9050,100
43287820367041,12:01:27.820,20.9000,498
43287820367656,12:01:27.820,20.9000,573
43287820471442,12:01:27.820,20.8900,100
43287820471442,12:01:27.820,20.8900,100
43287820471442,12:01:27.820,20.8900,100
43287820471442,12:01:27.820,20.8900,100
43287820471442,12:01:27.820,20.8900,100
43287820471442,12:01:27.820,20.8900,646
43287820476061,12:01:27.820,20.8900,154
43287820476061,12:01:27.820,20.8900,132
43289823033294,12:01:29.823,20.8950,100
43289823033294,12:01:29.823,20.8950,400
43289823033294,12:01:29.823,20.8950,200
43289823033294,12:01:29.823,20.8950,100
43320170108710,12:02:00.170,20.9000,200
43320170108710,12:02:00.170,20.9000,2200
43320170139828,12:02:00.170,20.9000,107
43320170174923,12:02:00.170,20.9000,309
43320170174923,12:02:00.170,20.9000,100
43413912919017,12:03:33.912,20.9100,100
43459040542021,12:04:19.040,20.9100,100
43474718560456,12:04:34.718,20.9050,200
43474718560456,12:04:34.718,20.9050,200
43485502155391,12:04:45.502,20.9050,200
43525719121606,12:05:25.719,20.9000,30
43543307715823,12:05:43.307,20.9000,300
43543307743540,12:05:43.307,20.9000,4500
43543307743540,12:05:43.307,20.9000,100
43543307743540,12:05:43.307,20.9000,100
43543307743540,12:05:43.307,20.9000,400
43543307743540,12:05:43.307,20.9000,100
43543309775773,12:05:43.309,20.8950,200
43543310250562,12:05:43.310,20.8950,100
43550875007329,12:05:50.875,20.8950,100
43550875008668,12:05:50.875,20.8950,100
43622664460308,12:07:02.664,20.9000,1
43622664814884,12:07:02.664,20.9000,99
43622664814884,12:07:02.664,20.9000,400
43622664814884,12:07:02.664,20.9000,401
43622664900077,12:07:02.664,20.9000,99
43644798054958,12:07:24.798,20.9000,2400
43644798106125,12:07:24.798,20.9000,100
43644798106125,12:07:24.798,20.9000,100
43673513224631,12:07:53.513,20.9000,1685
43673513249761,12:07:53.513,20.9000,515
43673513249761,12:07:53.513,20.9000,2279
43673526482244,12:07:53.526,20.9000,200
43678813961654,12:07:58.813,20.9000,100
43684087772796,12:08:04.087,20.9000,100
43689350822629,12:08:09.350,20.9000,100
43693017669251,12:08:13.017,20.9000,100
43694614843992,12:08:14.614,20.9000,100
43699881673132,12:08:19.881,20.9000,100
43701014142891,12:08:21.014,20.9000,100
43710361278304,12:08:30.361,20.9000,100
43720892339266,12:08:40.892,20.9000,100
43723416081737,12:08:43.416,20.9000,1900
43723416112605,12:08:43.416,20.9000,266
43723416664604,12:08:43.416,20.9000,1334
43723416664604,12:08:43.416,20.9000,500
43723416664604,12:08:43.416,20.9000,100
43723416684533,12:08:43.416,20.9000,100
43729815912117,12:08:49.815,20.9000,200
43729815912117,12:08:49.815,20.9000,200
43729815912117,12:08:49.815,20.9000,4500
43729815912117,12:08:49.815,20.9000,300
43809846368636,12:10:09.846,20.9100,68
43809846392697,12:10:09.846,20.9100,207
43824542840888,12:10:24.542,20.9100,4225
43897236408728,12:11:37.236,20.9200,200
43897236408728,12:11:37.236,20.9200,200
43897236523168,12:11:37.236,20.9200,573
43897236796466,12:11:37.236,20.9200,2027
43897236796466,12:11:37.236,20.9200,100
43897236796466,12:11:37.236,20.9200,48
43897237446472,12:11:37.237,20.9250,100
43897238441029,12:11:37.238,20.9250,300
43909054806541,12:11:49.054,20.9150,200
43909055281163,12:11:49.055,20.9150,100
43945589028741,12:12:25.589,20.9150,200
43948618784046,12:12:28.618,20.9100,85
43948618876080,12:12:28.618,20.9100,1719
43948618905729,12:12:28.618,20.9100,166
43948618906244,12:12:28.618,20.9100,573
43948618918530,12:12:28.618,20.9100,51
43948864369059,12:12:28.864,20.9100,2006
43948864369059,12:12:28.864,20.9100,94
43948864740492,12:12:28.864,20.9100,6
43948866132694,12:12:28.866,20.9050,400
43948866598727,12:12:28.866,20.9050,100
44130934254693,12:15:30.934,20.9000,100
44130934254693,12:15:30.934,20.9000,4600
44130934254693,12:15:30.934,20.9000,200
44130934254693,12:15:30.934,20.9000,100
44130934254693,12:15:30.934,20.9000,100
44132160025270,12:15:32.160,20.8950,100
44169969593057,12:16:09.969,20.8900,500
44174733419683,12:16:14.733,20.8900,4000
44174733443794,12:16:14.733,20.8900,2
44174734000865,12:16:14.734,20.8900,498
44333297979156,12:18:53.297,20.8850,200
44339710861794,12:18:59.710,20.8800,100
44339710861794,12:18:59.710,20.8800,200
44377019035618,12:19:37.019,20.8800,2400
44377019156382,12:19:37.019,20.8800,158
44377019156382,12:19:37.019,20.8800,500
44391770728626,12:19:51.770,20.8850,200
44397587999599,12:19:57.587,20.8800,100
44400384741525,12:20:00.384,20.8800,800
44433099012111,12:20:33.099,20.8850,500
44434054020576,12:20:34.054,20.8850,291
44445498336814,12:20:45.498,20.8900,4600
44445498336814,12:20:45.498,20.8900,500
44445498336814,12:20:45.498,20.8900,500
44498015685568,12:21:38.015,20.8900,200
44498015685568,12:21:38.015,20.8900,100
44498015685568,12:21:38.015,20.8900,43
44498015685568,12:21:38.015,20.8900,51
44498015685568,12:21:38.015,20.8900,6
44498015756258,12:21:38.015,20.8900,194
44500018323178,12:21:40.018,20.8850,240
44500018323178,12:21:40.018,20.8850,100
44500018323178,12:21:40.018,20.8850,200
44500018323178,12:21:40.018,20.8850,460
44500018865913,12:21:40.018,20.8850,340
44500018865913,12:21:40.018,20.8850,160
44500019324033,12:21:40.019,20.8850,100
44594961749595,12:23:14.961,20.8900,100
44594961749595,12:23:14.961,20.8900,200
44600028003552,12:23:20.028,20.8850,635
44600028004388,12:23:20.028,20.8850,100
44682572853293,12:24:42.572,20.8800,100
44682573418787,12:24:42.573,20.8800,174
44682573520155,12:24:42.573,20.8800,1720
44682573542456,12:24:42.573,20.8800,1506
44682573542456,12:24:42.573,20.8800,100
44682573542456,12:24:42.573,20.8800,100
44684576106716,12:24:44.576,20.8750,240
44684576106716,12:24:44.576,20.8750,100
44684576106716,12:24:44.576,20.8750,160
44684576620018,12:24:44.576,20.8750,40
44711756243378,12:25:11.756,20.8800,300
44722599140756,12:25:22.599,20.8750,200
44722599140756,12:25:22.599,20.8750,100
44785778763539,12:26:25.778,20.8750,200
44965245604900,12:29:25.245,20.8700,200
44965245604900,12:29:25.245,20.8700,100
44965245604900,12:29:25.245,20.8700,200
44965245604900,12:29:25.245,20.8700,100
45036326416017,12:30:36.326,20.8600,100
45036326416017,12:30:36.326,20.8600,59
45037842072769,12:30:37.842,20.8600,400
45061474693895,12:31:01.474,20.8600,300
45061474948203,12:31:01.474,20.8600,100
45061474948203,12:31:01.474,20.8600,200
45061476764156,12:31:01.476,20.8550,400
45132512054875,12:32:12.512,20.8550,200
45147659623347,12:32:27.659,20.8500,100
45147659633928,12:32:27.659,20.8500,100
45147659633928,12:32:27.659,20.8500,100
45193274564380,12:33:13.274,20.8500,860
45193274581938,12:33:13.274,20.8500,971
45193274592509,12:33:13.274,20.8500,1078
45193274592509,12:33:13.274,20.8500,1000
45215722705514,12:33:35.722,20.8500,500
45215722705514,12:33:35.722,20.8500,100
45215722705514,12:33:35.722,20.8500,300
45424073154559,12:37:04.073,20.8500,100
45424073154559,12:37:04.073,20.8500,1000
45424073154559,12:37:04.073,20.8500,200
45424073693424,12:37:04.073,20.8500,1146
45424073769848,12:37:04.073,20.8500,573
45431846154804,12:37:11.846,20.8500,200
45431846154804,12:37:11.846,20.8500,1731
45431846175926,12:37:11.846,20.8500,900
45431846181632,12:37:11.846,20.8500,1469
45465939802487,12:37:45.939,20.8500,200
45465939802487,12:37:45.939,20.8500,4100
45465940750690,12:37:45.940,20.8500,100
45465940750690,12:37:45.940,20.8500,100
45465940750690,12:37:45.940,20.8500,100
45465940750690,12:37:45.940,20.8500,100
45465940750690,12:37:45.940,20.8500,173
45468287356862,12:37:48.287,20.8500,380
45595397026021,12:39:55.397,20.8500,614
45596185229635,12:39:56.185,20.8500,100
45596185229635,12:39:56.185,20.8500,386
45596186055202,12:39:56.186,20.8500,3814
45631696869732,12:40:31.696,20.8500,1714
45631696933291,12:40:31.696,20.8500,200
45631696933291,12:40:31.696,20.8500,100
45631696933291,12:40:31.696,20.8500,200
45631696933291,12:40:31.696,20.8400,100
45631696933291,12:40:31.696,20.8400,100
45631696933291,12:40:31.696,20.8400,886
45945439720211,12:45:45.439,20.8500,17
45945443879528,12:45:45.443,20.8500,154
45953015444522,12:45:53.015,20.8500,55
45953015444522,12:45:53.015,20.8500,45
45953016111791,12:45:53.016,20.8500,1284
46023474728528,12:47:03.474,20.8600,385
46041532150269,12:47:21.532,20.8600,1200
46041532150269,12:47:21.532,20.8600,500
46041532150269,12:47:21.532,20.8600,500
46041532150269,12:47:21.532,20.8600,1000
46041532271293,12:47:21.532,20.8600,842
46041532295199,12:47:21.532,20.8600,103
46041532301999,12:47:21.532,20.8600,1855
46041532301999,12:47:21.532,20.8600,908
46056193669520,12:47:36.193,20.8650,200
46062126676894,12:47:42.126,20.8600,100
46062126676894,12:47:42.126,20.8600,1200
46062126746827,12:47:42.126,20.8600,3000
46062645042921,12:47:42.645,20.8550,100
46095564838994,12:48:15.564,20.8600,1700
46095565429869,12:48:15.565,20.8600,2600
46096238046282,12:48:16.238,20.8650,100
46262526353697,12:51:02.526,20.8700,1800
46262526378910,12:51:02.526,20.8700,2
46262526943275,12:51:02.526,20.8700,500
46262526943275,12:51:02.526,20.8700,1100
46263177027060,12:51:03.177,20.8750,300
46263177027756,12:51:03.177,20.8750,100
46263753032745,12:51:03.753,20.8750,100
46525811467620,12:55:25.811,20.8750,200
46525811467620,12:55:25.811,20.8750,100
46526482738458,12:55:26.482,20.8700,1599
46526482749262,12:55:26.482,20.8700,2701
46526482749262,12:55:26.482,20.8700,100
46526482749262,12:55:26.482,20.8700,65
46526482777328,12:55:26.482,20.8700,135
46526482777328,12:55:26.482,20.8700,100
46526482777328,12:55:26.482,20.8700,200
46526482777328,12:55:26.482,20.8700,100
46526482777328,12:55:26.482,20.8700,100
46526482777328,12:55:26.482,20.8700,156
46526482917205,12:55:26.482,20.8700,3
46526482917205,12:55:26.482,20.8700,788
46526483028497,12:55:26.483,20.8700,612
46526483371700,12:55:26.483,20.8700,3
46526483371700,12:55:26.483,20.8700,97
46526483471903,12:55:26.483,20.8700,2866
46526483530863,12:55:26.483,20.8600,573
46526483537384,12:55:26.483,20.8600,74
46561803881098,12:56:01.803,20.8700,675
46561804462550,12:56:01.804,20.8700,3525
46561804462550,12:56:01.804,20.8700,73
46673060883445,12:57:53.060,20.8750,200
46812099799787,13:00:12.099,20.8650,100
46812100570608,13:00:12.100,20.8650,100
46897513093551,13:01:37.513,20.8600,800
46897513093551,13:01:37.513,20.8600,100
46897513093551,13:01:37.513,20.8600,200
46897513093551,13:01:37.513,20.8600,200
46897513093551,13:01:37.513,20.8600,100
46897513093551,13:01:37.513,20.8600,100
46897513093551,13:01:37.513,20.8600,100
46897513093551,13:01:37.513,20.8600,200
46897513093551,13:01:37.513,20.8600,400
46928109690113,13:02:08.109,20.8600,48
46932759335194,13:02:12.759,20.8600,200
46932759335194,13:02:12.759,20.8600,3800
46943023624422,13:02:23.023,20.8600,600
47316550066126,13:08:36.550,20.8700,3600
47316550200814,13:08:36.550,20.8700,500
47316550200814,13:08:36.550,20.8700,100
47316550200814,13:08:36.550,20.8700,300
47316550935099,13:08:36.550,20.8750,100
47316557448710,13:08:36.557,20.8750,300
47316559003363,13:08:36.559,20.8750,240
47456914519679,13:10:56.914,20.8800,500
47456914519679,13:10:56.914,20.8800,500
47456914519679,13:10:56.914,20.8800,500
47456914519679,13:10:56.914,20.8800,100
47456914519679,13:10:56.914,20.8800,100
47456915305518,13:10:56.915,20.8800,1473
47459048417329,13:10:59.048,20.8800,200
47459048417329,13:10:59.048,20.8800,373
47459048426825,13:10:59.048,20.8800,573
47459048453688,13:10:59.048,20.8800,1719
47459048506227,13:10:59.048,20.8800,707
47459048530782,13:10:59.048,20.8800,100
47460406107152,13:11:00.406,20.8800,728
47460406107152,13:11:00.406,20.8800,40
47460406107152,13:11:00.406,20.8800,600
47460407357952,13:11:00.407,20.8750,800
47460407357952,13:11:00.407,20.8750,100
47460407847075,13:11:00.407,20.8750,100
47460906009702,13:11:00.906,20.8750,100
47604155829503,13:13:24.155,20.8750,200
47614467146685,13:13:34.467,20.8700,384
47614467169676,13:13:34.467,20.8700,189
47614467170337,13:13:34.467,20.8700,1146
47614467238494,13:13:34.467,20.8700,826
47614467258942,13:13:34.467,20.8700,1386
47614467267144,13:13:34.467,20.8700,269
47614467267144,13:13:34.467,20.8700,100
47614467267144,13:13:34.467,20.8700,200
47614467267144,13:13:34.467,20.8700,200
47614467267144,13:13:34.467,20.8700,100
47614467267144,13:13:34.467,20.8700,100
47614467267144,13:13:34.467,20.8700,200
47614467336515,13:13:34.467,20.8600,100
47614467336515,13:13:34.467,20.8600,100
47614467336515,13:13:34.467,20.8600,100
47614467336515,13:13:34.467,20.8600,1626
47723589125842,13:15:23.589,20.8600,800
47723589125842,13:15:23.589,20.8600,200
47723589125842,13:15:23.589,20.8600,100
47759023439916,13:15:59.023,20.8600,940
47759023447874,13:15:59.023,20.8600,2250
47759023447874,13:15:59.023,20.8600,1617
47759023459995,13:15:59.023,20.8600,2883
47759023459995,13:15:59.023,20.8600,1
47782376975248,13:16:22.376,20.8600,100
47784753933576,13:16:24.753,20.8600,4400
48279456237352,13:24:39.456,20.8600,402
48279456921866,13:24:39.456,20.8600,100
48279456921866,13:24:39.456,20.8600,500
48282477140738,13:24:42.477,20.8600,100
48282478105084,13:24:42.478,20.8600,100
48287861278137,13:24:47.861,20.8600,100
48287861480583,13:24:47.861,20.8600,100
48292941682762,13:24:52.941,20.8600,100
48292941682762,13:24:52.941,20.8600,100
48292941682762,13:24:52.941,20.8600,1000
48292941682762,13:24:52.941,20.8600,100
48292941682762,13:24:52.941,20.8600,100
48292941682762,13:24:52.941,20.8600,1200
48292941712517,13:24:52.941,20.8600,3300
48388832028767,13:26:28.832,20.8550,100
48560929834377,13:29:20.929,20.8600,200
48560929834377,13:29:20.929,20.8600,100
48560929834377,13:29:20.929,20.8600,500
48560929834377,13:29:20.929,20.8600,200
48561077904580,13:29:21.077,20.8650,100
48561579988477,13:29:21.579,20.8650,100
48564111967188,13:29:24.111,20.8650,100
48567118441936,13:29:27.118,20.8650,100
48570123182647,13:29:30.123,20.8650,100
48780012227171,13:33:00.012,20.8700,4400
48780012227171,13:33:00.012,20.8700,100
48780012227171,13:33:00.012,20.8700,500
49351867231607,13:42:31.867,20.8750,200
49351867231607,13:42:31.867,20.8750,100
49352909381029,13:42:32.909,20.8700,1770
49352909395746,13:42:32.909,20.8700,2730
49352909395746,13:42:32.909,20.8700,200
49352909395746,13:42:32.909,20.8700,300
49352909395746,13:42:32.909,20.8700,49
49352909395746,13:42:32.909,20.8700,100
49352909395746,13:42:32.909,20.8700,100
49352909453955,13:42:32.909,20.8600,1200
49352909453955,13:42:32.909,20.8600,355
49352909471609,13:42:32.909,20.8700,1146
49352909611230,13:42:32.909,20.8700,200
49352909612646,13:42:32.909,20.8700,2
49352909612646,13:42:32.909,20.8700,798
49352910025833,13:42:32.910,20.8700,100
49352910065075,13:42:32.910,20.8700,102
49402912135544,13:43:22.912,20.8700,136
49403523239510,13:43:23.523,20.8700,4264
49403523239510,13:43:23.523,20.8700,363
49403523271735,13:43:23.523,20.8700,671
49414077538783,13:43:34.077,20.8750,200
49414077538783,13:43:34.077,20.8750,100
49414077538783,13:43:34.077,20.8750,100
49460621965530,13:44:20.621,20.8700,100
49460621965530,13:44:20.621,20.8700,34
49460621965530,13:44:20.621,20.8700,100
49460621965530,13:44:20.621,20.8700,200
49460621965530,13:44:20.621,20.8700,200
49460621965530,13:44:20.621,20.8700,200
49460621965530,13:44:20.621,20.8700,200
49921953041618,13:52:01.953,20.8700,233
49921953096549,13:52:01.953,20.8700,573
49921953105966,13:52:01.953,20.8700,3694
50054627186521,13:54:14.627,20.8800,500
50054627186521,13:54:14.627,20.8800,200
50054627186521,13:54:14.627,20.8800,500
50054928798929,13:54:14.928,20.8850,200
50054928798929,13:54:14.928,20.8800,3900
50054928798929,13:54:14.928,20.8800,1000
50054928798929,13:54:14.928,20.8800,500
50054928798929,13:54:14.928,20.8800,600
50057631997519,13:54:17.631,20.8850,80
50057631997519,13:54:17.631,20.8850,20
50091417866683,13:54:51.417,20.8850,200
50091417866683,13:54:51.417,20.8850,100
50094514326448,13:54:54.514,20.8800,539
50094514418621,13:54:54.514,20.8800,1721
50094514426740,13:54:54.514,20.8800,1740
50094514426740,13:54:54.514,20.8800,200
50094514426740,13:54:54.514,20.8800,100
50094514426740,13:54:54.514,20.8800,200
50126386282636,13:55:26.386,20.8700,2382
50126386301836,13:55:26.386,20.8700,899
50126386313532,13:55:26.386,20.8700,1419
50126386313532,13:55:26.386,20.8700,200
50157958667498,13:55:57.958,20.8600,100
50157958667498,13:55:57.958,20.8600,100
50157958667498,13:55:57.958,20.8600,545
50157959115502,13:55:57.959,20.8600,2500
50157959115502,13:55:57.959,20.8600,2100
50157959115502,13:55:57.959,20.8600,4700
50157959115502,13:55:57.959,20.8600,32
50157959115502,13:55:57.959,20.8600,100
50163485496935,13:56:03.485,20.8600,100
50163485496935,13:56:03.485,20.8600,100
50163485496935,13:56:03.485,20.8600,200
50163485526476,13:56:03.485,20.8600,4500
50221954388897,13:57:01.954,20.8700,19
50221954421536,13:57:01.954,20.8700,19
50221954559621,13:57:01.954,20.8700,155
50221956410255,13:57:01.956,20.8700,500
50223953785011,13:57:03.953,20.8700,500
50224682613409,13:57:04.682,20.8700,500
50231608824597,13:57:11.608,20.8700,500
50235953612400,13:57:15.953,20.8700,173
50235953710640,13:57:15.953,20.8700,173
50235953736669,13:57:15.953,20.8700,1924
50235953789465,13:57:15.953,20.8700,237
50355292059448,13:59:15.292,20.8700,300
50355292059448,13:59:15.292,20.8700,47
50355292100111,13:59:15.292,20.8700,53
50355292100111,13:59:15.292,20.8700,48
50355292100111,13:59:15.292,20.8700,200
50355292100111,13:59:15.292,20.8700,100
50355292100111,13:59:15.292,20.8700,494
50355292137076,13:59:15.292,20.8700,221
50403221288068,14:00:03.221,20.8700,500
50403221288068,14:00:03.221,20.8700,147
50403221299336,14:00:03.221,20.8700,453
50403221299336,14:00:03.221,20.8700,100
50403221318167,14:00:03.221,20.8700,553
50403221418863,14:00:03.221,20.8700,47
50403221549529,14:00:03.221,20.8700,47
50403221652186,14:00:03.221,20.8700,1927
50403221668062,14:00:03.221,20.8700,240
50403221683353,14:00:03.221,20.8700,586
50405221497251,14:00:05.221,20.8800,4600
50405221497251,14:00:05.221,20.8800,65
50405221525103,14:00:05.221,20.8800,435
50405221525103,14:00:05.221,20.8800,100
50405882228736,14:00:05.882,20.8850,200
50405882228736,14:00:05.882,20.8850,493
50407909528705,14:00:07.909,20.9000,100
50408840504136,14:00:08.840,20.9100,600
50408843251141,14:00:08.843,20.9100,600
50408848638977,14:00:08.848,20.9200,2400
50411374992599,14:00:11.374,20.9100,200
50413740737814,14:00:13.740,20.9300,380
50413740737814,14:00:13.740,20.9300,500
50413741201690,14:00:13.741,20.9300,500
50413741241089,14:00:13.741,20.9300,10
50413741282609,14:00:13.741,20.9300,1990
50413744885606,14:00:13.744,20.9400,2100
50413745285113,14:00:13.745,20.9400,400
50413752167079,14:00:13.752,20.9400,4600
50413752167079,14:00:13.752,20.9400,2200
50413752167079,14:00:13.752,20.9400,100
50413752167079,14:00:13.752,20.9400,300
50413752167079,14:00:13.752,20.9400,981
50413754497729,14:00:13.754,20.9500,100
50413754497729,14:00:13.754,20.9500,100
50413755307687,14:00:13.755,20.9500,500
50413755346410,14:00:13.755,20.9500,2310
50413757807041,14:00:13.757,20.9500,500
50413760595428,14:00:13.760,20.9500,500
50413762292820,14:00:13.762,20.9500,2000
50413762292820,14:00:13.762,20.9500,900
50413762389630,14:00:13.762,20.9500,1500
50413762389630,14:00:13.762,20.9500,1000
50413762427388,14:00:13.762,20.9500,1600
50413771159931,14:00:13.771,20.9400,2000
50413771159931,14:00:13.771,20.9400,2100
50413771159931,14:00:13.771,20.9400,4600
50413771159931,14:00:13.771,20.9400,500
50413793827813,14:00:13.793,20.9300,1400
50413793852798,14:00:13.793,20.9300,800
50413793852798,14:00:13.793,20.9300,300
50413793852798,14:00:13.793,20.9300,500
50413795348626,14:00:13.795,20.9200,400
50413796751944,14:00:13.796,20.9200,728
50414112741729,14:00:14.112,20.9300,1600
50416330768792,14:00:16.330,20.9300,100
50416833677111,14:00:16.833,20.9250,200
50417200406710,14:00:17.200,20.9250,1200
50417200406710,14:00:17.200,20.9250,300
50418366428270,14:00:18.366,20.9250,200
50418464237042,14:00:18.464,20.9250,200
50420300330043,14:00:20.300,20.9300,500
50420300330043,14:00:20.300,20.9300,100
50420300330043,14:00:20.300,20.9300,600
50420300330043,14:00:20.300,20.9300,200
50420300330043,14:00:20.300,20.9300,100
50422186114300,14:00:22.186,20.9400,361
50424505179432,14:00:24.505,20.9300,400
50424505204940,14:00:24.505,20.9400,500
50430819096240,14:00:30.819,20.9500,600
50430819099886,14:00:30.819,20.9500,700
50433131959382,14:00:33.131,20.9600,100
50441566147273,14:00:41.566,20.9600,400
50441571153694,14:00:41.571,20.9600,1000
50443017006453,14:00:43.017,20.9600,100
50446392351976,14:00:46.392,20.9550,100
50463588622192,14:01:03.588,20.9700,100
50463588622192,14:01:03.588,20.9700,573
50466789751706,14:01:06.789,20.9700,100
50466790383013,14:01:06.790,20.9700,500
50466790383013,14:01:06.790,20.9700,434
50469027117640,14:01:09.027,20.9700,100
50471203794477,14:01:11.203,20.9700,2100
50473056200782,14:01:13.056,20.9700,100
50479436956232,14:01:19.436,20.9800,1500
50479436956232,14:01:19.436,20.9800,100
50479436956232,14:01:19.436,20.9800,500
50479436956232,14:01:19.436,20.9900,1200
50479436956232,14:01:19.436,20.9900,1400
50479436956232,14:01:19.436,20.9900,100
50479436956232,14:01:19.436,20.9900,500
50479438011879,14:01:19.438,20.9900,100
50479438882791,14:01:19.438,20.9900,1100
50480268179048,14:01:20.268,20.9900,438
50480351246485,14:01:20.351,20.9900,2200
50480351246485,14:01:20.351,20.9900,3938
50480351246485,14:01:20.351,20.9900,1300
50480568014104,14:01:20.568,20.9900,2300
50480568014104,14:01:20.568,20.9900,400
50480568014104,14:01:20.568,20.9900,1600
50480568014104,14:01:20.568,20.9900,1000
50480568014104,14:01:20.568,20.9900,3800
50480568541051,14:01:20.568,20.9900,700
50481047017766,14:01:21.047,20.9950,200
50481047017766,14:01:21.047,20.9900,900
50481049000463,14:01:21.049,20.9900,2600
50481049000463,14:01:21.049,20.9900,400
50481049000463,14:01:21.049,20.9900,800
50481049000463,14:01:21.049,20.9900,1000
50481077353462,14:01:21.077,20.9900,100
50481155637653,14:01:21.155,20.9900,800
50481597633207,14:01:21.597,20.9900,4
50481743773237,14:01:21.743,20.9900,1600
50481743848195,14:01:21.743,20.9900,1296
50485272475341,14:01:25.272,20.9900,200
50531762327265,14:02:11.762,20.9900,100
50531762327265,14:02:11.762,20.9900,17
50538341862432,14:02:18.341,20.9750,200
50538341862432,14:02:18.341,20.9700,300
50538343104985,14:02:18.343,20.9700,100
50550847604622,14:02:30.847,20.9700,100
50553933761380,14:02:33.933,20.9800,42
50557092875129,14:02:37.092,20.9750,200
50558116080865,14:02:38.116,20.9700,100
50580114106759,14:03:00.114,20.9900,500
50582380965381,14:03:02.380,20.9900,200
50595271592796,14:03:15.271,21.0000,100
50595271592796,14:03:15.271,21.0000,100
50595271592796,14:03:15.271,21.0000,50
50595272158901,14:03:15.272,21.0000,1146
50595272173100,14:03:15.272,21.0000,1146
50595272186269,14:03:15.272,21.0000,108
50595272186269,14:03:15.272,21.0000,100
50595272186269,14:03:15.272,21.0000,900
50595272186269,14:03:15.272,21.0000,100
50595272186269,14:03:15.272,21.0000,100
50595272186269,14:03:15.272,21.0000,411
50595272759112,14:03:15.272,21.0000,573
50596049429731,14:03:16.049,21.0000,200
50600582750445,14:03:20.582,21.0000,25
50600586762480,14:03:20.586,20.9950,100
50606122148565,14:03:26.122,21.0000,100
50606122148565,14:03:26.122,21.0000,17
50609095338358,14:03:29.095,21.0000,21
50622577100980,14:03:42.577,20.9900,700
50624068719649,14:03:44.068,21.0000,200
50624171238447,14:03:44.171,21.0000,100
50627974950176,14:03:47.974,21.0000,950
50633979997740,14:03:53.979,20.9900,100
50633979997740,14:03:53.979,20.9900,100
50634564347536,14:03:54.564,20.9900,288
50634564348804,14:03:54.564,20.9900,112
50634676915660,14:03:54.676,20.9850,300
50635346155538,14:03:55.346,21.0000,650
50635346155538,14:03:55.346,21.0000,100
50635346155538,14:03:55.346,21.0000,900
50635347895808,14:03:55.347,21.0000,154
50635347897894,14:03:55.347,21.0000,573
50635347937637,14:03:55.347,21.0000,3300
50635347971280,14:03:55.347,21.0000,288
50635348162170,14:03:55.348,21.0000,438
50635348167876,14:03:55.348,21.0000,300
50635348238280,14:03:55.348,21.0000,500
50635348275475,14:03:55.348,21.0000,1497
50635348275475,14:03:55.348,21.0000,2500
50635348275475,14:03:55.348,21.0000,300
50635348275475,14:03:55.348,21.0000,100
50635348275475,14:03:55.348,21.0000,1100
50635566882622,14:03:55.566,20.9900,400
50635566882622,14:03:55.566,20.9900,100
50640335065148,14:04:00.335,20.9900,2877
50646413278504,14:04:06.413,21.0100,500
50646413791402,14:04:06.413,21.0100,1146
50648078100473,14:04:08.078,21.0200,1000
50648078100473,14:04:08.078,21.0200,146
50648078120316,14:04:08.078,21.0200,1719
50648078800487,14:04:08.078,21.0200,1146
50648079021797,14:04:08.079,21.0200,1480
50648079045403,14:04:08.079,21.0200,1374
50648927077179,14:04:08.927,21.0150,200
50648928720049,14:04:08.928,21.0100,100
50648928720049,14:04:08.928,21.0100,900
50648928720049,14:04:08.928,21.0100,500
50653612946528,14:04:13.612,21.0200,1100
50653612946528,14:04:13.612,21.0200,4000
50653612946528,14:04:13.612,21.0200,100
50671573451056,14:04:31.573,21.0200,17
50679673966186,14:04:39.673,21.0300,500
50679673966186,14:04:39.673,21.0300,500
50683804576976,14:04:43.804,21.0400,500
50700328075331,14:05:00.328,21.0500,500
50700840013839,14:05:00.840,21.0500,200
50700929584018,14:05:00.929,21.0500,300
50700929584018,14:05:00.929,21.0500,1200
50703666558728,14:05:03.666,21.0500,17
50703973976032,14:05:03.973,21.0500,500
50703973976032,14:05:03.973,21.0500,200
50703973987177,14:05:03.973,21.0500,200
50703973993996,14:05:03.973,21.0500,100
50705378757479,14:05:05.378,21.0600,400
50705378773181,14:05:05.378,21.0600,100
50705921442244,14:05:05.921,21.0600,1
50707054333828,14:05:07.054,21.0600,17
50707054333828,14:05:07.054,21.0600,700
50713077051854,14:05:13.077,21.0550,100
50713077559269,14:05:13.077,21.0550,52
50713081304861,14:05:13.081,21.0500,100
50713081304861,14:05:13.081,21.0500,17
50713781994720,14:05:13.781,21.0500,500
50713781994720,14:05:13.781,21.0500,100
50713967125334,14:05:13.967,21.0500,500
50713967125334,14:05:13.967,21.0500,100
50717092714318,14:05:17.092,21.0400,100
50717442068127,14:05:17.442,21.0400,100
50727172022422,14:05:27.172,21.0300,600
50736239264312,14:05:36.239,21.0150,200
50740167547802,14:05:40.167,21.0200,100
50740313361064,14:05:40.313,21.0200,100
50740313361064,14:05:40.313,21.0200,100
50749845962694,14:05:49.845,21.0300,300
50749845991341,14:05:49.845,21.0300,1200
50753928809406,14:05:53.928,21.0400,100
50756510047860,14:05:56.510,21.0400,200
50757100976365,14:05:57.100,21.0500,100
50757100976365,14:05:57.100,21.0500,300
50757132713478,14:05:57.132,21.0500,200
50757132713478,14:05:57.132,21.0500,100
50759245460325,14:05:59.245,21.0400,200
50759245460325,14:05:59.245,21.0400,8
50764816312516,14:06:04.816,21.0300,100
50770600341703,14:06:10.600,21.0200,100
50772900985647,14:06:12.900,21.0200,300
50780591664741,14:06:20.591,21.0300,100
50780591664741,14:06:20.591,21.0300,100
50795121699123,14:06:35.121,21.0300,100
50795121699123,14:06:35.121,21.0300,17
50798290763979,14:06:38.290,21.0200,100
50806518576281,14:06:46.518,21.0100,100
50806518576281,14:06:46.518,21.0100,73
50806518651439,14:06:46.518,21.0100,27
50851274391322,14:07:31.274,21.0200,200
50858620458624,14:07:38.620,21.0200,100
50878346392267,14:07:58.346,21.0100,100
50901755734380,14:08:21.755,21.0100,200
50914222979275,14:08:34.222,21.0100,100
50914222979275,14:08:34.222,21.0100,100
50983110056474,14:09:43.110,21.0100,23
50986273539031,14:09:46.273,21.0100,300
50990026471875,14:09:50.026,21.0100,500
51009246029646,14:10:09.246,21.0300,500
51009246136805,14:10:09.246,21.0300,100
51009246136805,14:10:09.246,21.0300,100
51009246136805,14:10:09.246,21.0300,600
51009246136805,14:10:09.246,21.0300,346
51009246142575,14:10:09.246,21.0300,1719
51011926710092,14:10:11.926,21.0300,100
51011926710092,14:10:11.926,21.0300,100
51020005142241,14:10:20.005,21.0300,600
51027123739951,14:10:27.123,21.0300,300
51042789734285,14:10:42.789,21.0300,2500
51042789734285,14:10:42.789,21.0300,100
51042789734285,14:10:42.789,21.0300,100
51058927720412,14:10:58.927,21.0400,455
51058927793972,14:10:58.927,21.0400,45
51058927890509,14:10:58.927,21.0400,573
51058927892248,14:10:58.927,21.0400,1627
51058927892248,14:10:58.927,21.0400,666
51058927913884,14:10:58.927,21.0400,100
51058927913884,14:10:58.927,21.0400,100
51058927913884,14:10:58.927,21.0400,373
51058928959050,14:10:58.928,21.0400,900
51058928959050,14:10:58.928,21.0400,246
51058928967837,14:10:58.928,21.0400,286
51079962542152,14:11:19.962,21.0400,245
51079966165122,14:11:19.966,21.0400,2055
51079966165122,14:11:19.966,21.0400,34
51081110794583,14:11:21.110,21.0400,600
51118863998280,14:11:58.863,21.0450,100
51118863999769,14:11:58.863,21.0450,100
51124040347693,14:12:04.040,21.0400,100
51124040510274,14:12:04.040,21.0400,300
51124041259893,14:12:04.041,21.0400,300
51124041403479,14:12:04.041,21.0400,200
51124041403479,14:12:04.041,21.0400,100
51124041403479,14:12:04.041,21.0400,400
51124041403479,14:12:04.041,21.0400,300
51124041525568,14:12:04.041,21.0400,100
51124042460123,14:12:04.042,21.0400,500
51124042460123,14:12:04.042,21.0400,100
51125866050947,14:12:05.866,21.0400,200
51125866248217,14:12:05.866,21.0400,1000
51144325162467,14:12:24.325,21.0500,279
51144325307624,14:12:24.325,21.0500,100
51144325397700,14:12:24.325,21.0500,21
51145400001663,14:12:25.400,21.0550,100
51150671652564,14:12:30.671,21.0550,100
51169534939785,14:12:49.534,21.0600,100
51169534939785,14:12:49.534,21.0600,155
51169535012915,14:12:49.535,21.0600,245
51170206350257,14:12:50.206,21.0600,1146
51174125575574,14:12:54.125,21.0600,100
51174125575574,14:12:54.125,21.0600,100
51174125575574,14:12:54.125,21.0600,100
51174125575574,14:12:54.125,21.0600,500
51174125575574,14:12:54.125,21.0600,600
51178601002083,14:12:58.601,21.0650,100
51185441001305,14:13:05.441,21.0650,100
51187068238162,14:13:07.068,21.0700,700
51192087582633,14:13:12.087,21.0700,100
51195965999096,14:13:15.965,21.0750,100
51197773001645,14:13:17.773,21.0750,100
51200225999941,14:13:20.225,21.0750,100
51202591999755,14:13:22.591,21.0750,100
51207586212723,14:13:27.586,21.0600,100
51207586212723,14:13:27.586,21.0600,100
51207586212723,14:13:27.586,21.0600,100
51207586212723,14:13:27.586,21.0600,100
51207586212723,14:13:27.586,21.0600,200
51207910115424,14:13:27.910,21.0600,100
51207919558230,14:13:27.919,21.0600,2000
51207919558230,14:13:27.919,21.0600,200
51207922762381,14:13:27.922,21.0600,300
51250308426393,14:14:10.308,21.0700,500
51260097917645,14:14:20.097,21.0800,400
51260098117063,14:14:20.098,21.0800,500
51263434449675,14:14:23.434,21.0800,1600
51276781000274,14:14:36.781,21.0850,200
51279044721390,14:14:39.044,21.0850,800
51279044721390,14:14:39.044,21.0900,1200
51300098678298,14:15:00.098,21.0900,100
51300167882953,14:15:00.167,21.0900,1400
51300167882953,14:15:00.167,21.0900,900
51300167882953,14:15:00.167,21.0900,840
51300168050747,14:15:00.168,21.0900,1760
51300168050747,14:15:00.168,21.0900,700
51300168050747,14:15:00.168,21.0900,40
51300168072993,14:15:00.168,21.0900,60
51300168072993,14:15:00.168,21.0900,40
51300168994460,14:15:00.168,21.0900,600
51300168994460,14:15:00.168,21.0900,100
51300168994460,14:15:00.168,21.0900,100
51300168994460,14:15:00.168,21.0900,600
51300170476544,14:15:00.170,21.0900,140
51300174481409,14:15:00.174,21.0800,100
51300174481409,14:15:00.174,21.0800,100
51300174481409,14:15:00.174,21.0800,1600
51300174482824,14:15:00.174,21.0800,1066
51300192306970,14:15:00.192,21.0900,366
51300192307614,14:15:00.192,21.0900,134
51300323689730,14:15:00.323,21.0850,145
51301256495351,14:15:01.256,21.0800,300
51301256585518,14:15:01.256,21.0800,300
51301257909437,14:15:01.257,21.0800,1200
51301258204050,14:15:01.258,21.0800,400
51302710595499,14:15:02.710,21.0800,100
51302813651708,14:15:02.813,21.0800,300
51302813651708,14:15:02.813,21.0800,200
51302814026712,14:15:02.814,21.0800,100
51302894565721,14:15:02.894,21.0800,200
51302894704921,14:15:02.894,21.0800,2100
51302896152689,14:15:02.896,21.0800,600
51302896716284,14:15:02.896,21.0800,100
51302896849819,14:15:02.896,21.0800,100
51302897263577,14:15:02.897,21.0800,300
51302897830685,14:15:02.897,21.0800,893
51303546024351,14:15:03.546,21.0750,300
51305731565824,14:15:05.731,21.0800,1600
51309902073406,14:15:09.902,21.0800,100
51310013487982,14:15:10.013,21.0800,100
51310564681710,14:15:10.564,21.0800,287
51310564701270,14:15:10.564,21.0800,2038
51310564715247,14:15:10.564,21.0800,175
51312927184958,14:15:12.927,21.0800,200
51312927184958,14:15:12.927,21.0800,2500
51312927184958,14:15:12.927,21.0800,100
51312927184958,14:15:12.927,21.0800,200
51312927184958,14:15:12.927,21.0800,300
51320557823707,14:15:20.557,21.0800,200
51322260360601,14:15:22.260,21.0850,200
51352709018989,14:15:52.709,21.0900,100
51365970193537,14:16:05.970,21.1000,400
51365970193537,14:16:05.970,21.1000,500
51382198033423,14:16:22.198,21.1100,700
51382198033423,14:16:22.198,21.1100,400
51382198089443,14:16:22.198,21.1100,100
51389712721852,14:16:29.712,21.1100,100
51412664006452,14:16:52.664,21.1050,100
51415228797852,14:16:55.228,21.1000,1100
51415228797852,14:16:55.228,21.1000,500
51415229172379,14:16:55.229,21.1000,300
51415229172379,14:16:55.229,21.1000,56
51420239584492,14:17:00.239,21.0900,1600
51421066040320,14:17:01.066,21.0900,215
51421066090205,14:17:01.066,21.0900,600
51421066110113,14:17:01.066,21.0900,200
51421066142288,14:17:01.066,21.0900,1200
51421669006944,14:17:01.669,21.0950,100
51430451367711,14:17:10.451,21.1100,100
51436757244093,14:17:16.757,21.1000,100
51436757244093,14:17:16.757,21.1000,100
51451878836602,14:17:31.878,21.0900,100
51451878836602,14:17:31.878,21.0900,100
51451878836602,14:17:31.878,21.0900,100
51452750831195,14:17:32.750,21.0900,300
51452751648159,14:17:32.751,21.0900,173
51452751674220,14:17:32.751,21.0900,87
51452752096920,14:17:32.752,21.0900,173
51452752192133,14:17:32.752,21.0900,87
51461565014950,14:17:41.565,21.0950,100
51462181010404,14:17:42.181,21.0950,100
51467116021037,14:17:47.116,21.0950,100
51476727495045,14:17:56.727,21.1000,1100
51476727495045,14:17:56.727,21.1000,500
51481408153977,14:18:01.408,21.1100,500
51490983871974,14:18:10.983,21.1200,100
51490983871974,14:18:10.983,21.1200,100
51490983871974,14:18:10.983,21.1200,400
51490983871974,14:18:10.983,21.1200,400
51490985536038,14:18:10.985,21.1150,800
51490986021135,14:18:10.986,21.1150,200
51490986479243,14:18:10.986,21.1150,100
51491835015436,14:18:11.835,21.1050,100
51503270021057,14:18:23.270,21.1050,200
51507419329673,14:18:27.419,21.1100,100
51520760018614,14:18:40.760,21.1050,200
51523680013465,14:18:43.680,21.1050,200
51541078020398,14:19:01.078,21.1150,200
51545522012734,14:19:05.522,21.1150,100
51550219014190,14:19:10.219,21.1150,100
51556820098392,14:19:16.820,21.1200,60
51556820159087,14:19:16.820,21.1200,19
51556820470222,14:19:16.820,21.1200,155
51556820950388,14:19:16.820,21.1200,173
51556821526954,14:19:16.821,21.1200,2193
51572783026660,14:19:32.783,21.1300,400
51572783075844,14:19:32.783,21.1300,500
51575339017987,14:19:35.339,21.1250,200
51577164019625,14:19:37.164,21.1250,100
51579061024875,14:19:39.061,21.1250,100
51585746737059,14:19:45.746,21.1200,1341
51597076016923,14:19:57.076,21.1150,100
51633542021275,14:20:33.542,21.1150,300
51635688372346,14:20:35.688,21.1100,400
51640959219979,14:20:40.959,21.1100,43
51652556234146,14:20:52.556,21.1100,1000
51660201514563,14:21:00.201,21.1200,400
51677090025422,14:21:17.090,21.1300,1
51677127516531,14:21:17.127,21.1300,400
51677128426131,14:21:17.128,21.1300,400
51677129317645,14:21:17.129,21.1300,400
51677130300046,14:21:17.130,21.1300,400
51677131086123,14:21:17.131,21.1300,400
51677131656662,14:21:17.131,21.1300,400
51677132229595,14:21:17.132,21.1300,400
51677132751372,14:21:17.132,21.1300,300
51677132751372,14:21:17.132,21.1300,100
51677133261633,14:21:17.133,21.1300,100
51681880303600,14:21:21.880,21.1300,100
51688949050395,14:21:28.949,21.1300,2700
51688949050395,14:21:28.949,21.1300,100
51688949050395,14:21:28.949,21.1300,900
51690405435953,14:21:30.405,21.1300,200
51697224015354,14:21:37.224,21.1350,100
51704587048539,14:21:44.587,21.1400,900
51704587048539,14:21:44.587,21.1400,100
51704587048539,14:21:44.587,21.1400,100
51704587048539,14:21:44.587,21.1400,100
51704587048539,14:21:44.587,21.1400,700
51704587048539,14:21:44.587,21.1400,100
51704587048539,14:21:44.587,21.1400,100
51704587346026,14:21:44.587,21.1400,200
51704588051552,14:21:44.588,21.1400,100
51704588051552,14:21:44.588,21.1400,100
51704588051552,14:21:44.588,21.1400,200
51713520910120,14:21:53.520,21.1400,100
51713823988281,14:21:53.823,21.1450,200
51721796657055,14:22:01.796,21.1400,100
51721796657055,14:22:01.796,21.1400,100
51721796657055,14:22:01.796,21.1400,100
51721796657055,14:22:01.796,21.1400,100
51721796791967,14:22:01.796,21.1400,100
51721797429163,14:22:01.797,21.1400,100
51721797656769,14:22:01.797,21.1400,100
51721797800949,14:22:01.797,21.1400,100
51731488482542,14:22:11.488,21.1400,200
51731488482542,14:22:11.488,21.1400,2800
51739772168091,14:22:19.772,21.1500,573
51739772168890,14:22:19.772,21.1500,206
51739772179520,14:22:19.772,21.1500,286
51739873310742,14:22:19.873,21.1500,300
51753295759206,14:22:33.295,21.1400,200
51753725226736,14:22:33.725,21.1400,2700
51803816168799,14:23:23.816,21.1300,200
51803816845709,14:23:23.816,21.1300,102
51807069458779,14:23:27.069,21.1300,100
51807069458779,14:23:27.069,21.1300,2
51827082240868,14:23:47.082,21.1200,100
51827082240868,14:23:47.082,21.1200,100
51827082240868,14:23:47.082,21.1200,1291
51827082278781,14:23:47.082,21.1200,309
51833251750874,14:23:53.251,21.1200,1100
51845113996233,14:24:05.113,21.1200,700
51845113996233,14:24:05.113,21.1200,600
51845114039826,14:24:05.114,21.1200,667
51845114060586,14:24:05.114,21.1200,300
51845114076065,14:24:05.114,21.1200,33
51856816538755,14:24:16.816,21.1100,400
51856816538755,14:24:16.816,21.1100,1500
51865351074878,14:24:25.351,21.1100,100
51865351206057,14:24:25.351,21.1100,100
51865979990874,14:24:25.979,21.1150,100
51868868602282,14:24:28.868,21.1100,100
51872050484358,14:24:32.050,21.1100,131
51872050485681,14:24:32.050,21.1100,969
51872050485681,14:24:32.050,21.1100,177
51872050536778,14:24:32.050,21.1100,286
51872050565564,14:24:32.050,21.1100,1037
51872050565564,14:24:32.050,21.1100,400
51899314965045,14:24:59.314,21.1000,2600
51899314965045,14:24:59.314,21.1000,100
51899315140068,14:24:59.315,21.1000,100
51899315315929,14:24:59.315,21.1000,400
51918875633946,14:25:18.875,21.1000,500
51940020443781,14:25:40.020,21.1100,3000
51940020443781,14:25:40.020,21.1100,500
51940020443781,14:25:40.020,21.1100,100
51967061983783,14:26:07.061,21.1050,300
52009599979926,14:26:49.599,21.1050,200
52014832258339,14:26:54.832,21.1050,200
52014832258339,14:26:54.832,21.1050,200
52014838822459,14:26:54.838,21.1050,600
52014838822459,14:26:54.838,21.1050,200
52020793857341,14:27:00.793,21.1000,700
52020793857341,14:27:00.793,21.1000,400
52020793884478,14:27:00.793,21.1000,100
52020793884478,14:27:00.793,21.1000,17
52020793884478,14:27:00.793,21.1000,18
52029592981561,14:27:09.592,21.0950,100
52042886762264,14:27:22.886,21.0900,2000
52042886790165,14:27:22.886,21.0900,500
52042886790165,14:27:22.886,21.0900,51
52042886790165,14:27:22.886,21.0900,100
52042888379493,14:27:22.888,21.0850,400
52042888848379,14:27:22.888,21.0850,100
52061488191686,14:27:41.488,21.0900,3100
52061488191686,14:27:41.488,21.0900,500
52089457988338,14:28:09.457,21.0800,2500
52089457988338,14:28:09.457,21.0800,366
52089457996380,14:28:09.457,21.0800,1334
52089457996380,14:28:09.457,21.0800,300
52089457996380,14:28:09.457,21.0800,500
52089457996380,14:28:09.457,21.0800,500
52089457996380,14:28:09.457,21.0800,100
52091463245764,14:28:11.463,21.0750,200
52091465949218,14:28:11.465,21.0700,206
52091465975330,14:28:11.465,21.0700,286
52091466022252,14:28:11.466,21.0700,286
52091466054408,14:28:11.466,21.0700,286
52091466087042,14:28:11.466,21.0700,286
52091693548458,14:28:11.693,21.0700,32
52091693996698,14:28:11.693,21.0700,1118
52091693996698,14:28:11.693,21.0700,100
52091693996698,14:28:11.693,21.0700,295
52091693997707,14:28:11.693,21.0700,105
52091693997707,14:28:11.693,21.0700,101
52093717010868,14:28:13.717,21.0700,400
52093717433951,14:28:13.717,21.0700,400
52093717490224,14:28:13.717,21.0700,400
52093717545934,14:28:13.717,21.0700,199
52101620977411,14:28:21.620,21.0650,200
52102799977313,14:28:22.799,21.0650,200
52105777976657,14:28:25.777,21.0650,100
52112460128527,14:28:32.460,21.0650,100
52112460128527,14:28:32.460,21.0600,186
52112460186767,14:28:32.460,21.0600,286
52112460256781,14:28:32.460,21.0600,286
52142377481618,14:29:02.377,21.0650,100
52152470975834,14:29:12.470,21.0650,100
52170395496412,14:29:30.395,21.0700,2400
52170395496412,14:29:30.395,21.0700,900
52170395522414,14:29:30.395,21.0700,997
52170395536785,14:29:30.395,21.0700,480
52170395558407,14:29:30.395,21.0700,1200
52170395567880,14:29:30.395,21.0700,400
52170395585272,14:29:30.395,21.0700,2400
52170395592076,14:29:30.395,21.0700,500
52170395601913,14:29:30.395,21.0700,200
52170395606005,14:29:30.395,21.0700,2411
52170395620607,14:29:30.395,21.0700,200
52170395677605,14:29:30.395,21.0700,200
52170395690539,14:29:30.395,21.0700,845
52170395690539,14:29:30.395,21.0700,1
52170395690539,14:29:30.395,21.0700,100
52170396250465,14:29:30.396,21.0700,100
52170396250465,14:29:30.396,21.0700,1046
52170396534247,14:29:30.396,21.0700,100
52170396545215,14:29:30.396,21.0700,200
52170396719107,14:29:30.396,21.0700,533
52170396731711,14:29:30.396,21.0700,1401
52170700613348,14:29:30.700,21.0750,800
52170700613348,14:29:30.700,21.0700,1000
52170700613348,14:29:30.700,21.0700,100
52170700613348,14:29:30.700,21.0700,966
52170700622746,14:29:30.700,21.0700,1834
52170700622746,14:29:30.700,21.0700,100
52170700622746,14:29:30.700,21.0700,932
52170702520719,14:29:30.702,21.0700,2866
52191007318002,14:29:51.007,21.0700,287
52191033112095,14:29:51.033,21.0700,1200
52191033809402,14:29:51.033,21.0700,1500
52191034483089,14:29:51.034,21.0700,100
52191047584207,14:29:51.047,21.0700,1100
52191073135202,14:29:51.073,21.0700,900
52191083161980,14:29:51.083,21.0700,100
52191085341003,14:29:51.085,21.0700,100
52199923735350,14:29:59.923,21.0700,1600
52201804006703,14:30:01.804,21.0750,100
52203042611245,14:30:03.042,21.0700,1300
52203042758417,14:30:03.042,21.0700,436
52203042801998,14:30:03.042,21.0700,1764
52203043080001,14:30:03.043,21.0700,1300
52203043090428,14:30:03.043,21.0700,243
52203043092149,14:30:03.043,21.0700,221
52203043113017,14:30:03.043,21.0700,436
52203943994158,14:30:03.943,21.0650,200
52211961089026,14:30:11.961,21.0700,500
52214105023152,14:30:14.105,21.0800,100
52223525428587,14:30:23.525,21.0800,21
52225689303197,14:30:25.689,21.0850,100
52228699606285,14:30:28.699,21.0850,100
52253018932200,14:30:53.018,21.0900,100
52253018956616,14:30:53.018,21.0900,102
52253019055420,14:30:53.019,21.0900,100
52256763012257,14:30:56.763,21.0950,300
52265423513537,14:31:05.423,21.1000,100
52265424245515,14:31:05.424,21.1000,100
52265424245515,14:31:05.424,21.1000,3532
52265424312036,14:31:05.424,21.1000,168
52265424341565,14:31:05.424,21.1000,100
52265424341565,14:31:05.424,21.1000,168
52265424361294,14:31:05.424,21.1000,100
52265424448913,14:31:05.424,21.1000,168
52265424482182,14:31:05.424,21.1000,164
52265424482182,14:31:05.424,21.1000,100
52268768160141,14:31:08.768,21.1050,100
52280979104343,14:31:20.979,21.1050,100
52284003906582,14:31:24.003,21.1050,100
52284452017185,14:31:24.452,21.1050,300
52302405428864,14:31:42.405,21.1100,100
52302405428864,14:31:42.405,21.1100,100
52303393363913,14:31:43.393,21.1100,189
52307285434762,14:31:47.285,21.1100,100
52307285988838,14:31:47.285,21.1100,400
52342065035717,14:32:22.065,21.1050,200
52354318205743,14:32:34.318,21.1000,600
52354318205743,14:32:34.318,21.1000,273
52354318418981,14:32:34.318,21.1000,127
52354318418981,14:32:34.318,21.1000,68
52360198499552,14:32:40.198,21.1000,100
52360301430374,14:32:40.301,21.1050,100
52379546024712,14:32:59.546,21.1100,200
52379546024712,14:32:59.546,21.1100,1000
52379546024712,14:32:59.546,21.1100,500
52379546024712,14:32:59.546,21.1100,36
52379546114010,14:32:59.546,21.1100,564
52379546114010,14:32:59.546,21.1100,500
52379546114010,14:32:59.546,21.1100,100
52399369027775,14:33:19.369,21.1150,400
52441875922976,14:34:01.875,21.1200,100
52441875922976,14:34:01.875,21.1200,200
52441875922976,14:34:01.875,21.1200,200
52445235267530,14:34:05.235,21.1250,100
52445418033777,14:34:05.418,21.1250,300
52448239635621,14:34:08.239,21.1250,100
52449624032440,14:34:09.624,21.1250,300
52452661036235,14:34:12.661,21.1250,300
52478925648400,14:34:38.925,21.1250,100
52478925648400,14:34:38.925,21.1200,100
52478925648400,14:34:38.925,21.1200,200
52478925648400,14:34:38.925,21.1200,1200
52478925724839,14:34:38.925,21.1200,600
52478925724839,14:34:38.925,21.1200,500
52506047396700,14:35:06.047,21.1200,1481
52506047441387,14:35:06.047,21.1200,500
52506047441387,14:35:06.047,21.1200,500
52511950025904,14:35:11.950,21.1250,300
52525941019331,14:35:25.941,21.1250,200
52559852608271,14:35:59.852,21.1200,100
52559852608271,14:35:59.852,21.1200,100
52559852608271,14:35:59.852,21.1200,100
52559852608271,14:35:59.852,21.1200,700
52559852608271,14:35:59.852,21.1200,300
52559852608271,14:35:59.852,21.1200,400
52559852608271,14:35:59.852,21.1200,300
52559853198489,14:35:59.853,21.1200,100
52559853198489,14:35:59.853,21.1200,400
52573449384432,14:36:13.449,21.1000,45
52575451681698,14:36:15.451,21.0950,500
52575452137513,14:36:15.452,21.0950,100
52578631567639,14:36:18.631,21.1000,1200
52585806458931,14:36:25.806,21.1000,100
52587697017277,14:36:27.697,21.0950,300
52598885915296,14:36:38.885,21.1000,600
52617520798899,14:36:57.520,21.1050,100
52617520798899,14:36:57.520,21.1050,300
52633133583465,14:37:13.133,21.1000,1900
52633133639143,14:37:13.133,21.1000,100
52633133639143,14:37:13.133,21.1000,700
52633133684774,14:37:13.133,21.0900,100
52633133684774,14:37:13.133,21.0900,100
52633133684774,14:37:13.133,21.0900,100
52633133684774,14:37:13.133,21.0900,100
52633133684774,14:37:13.133,21.0900,519
52638314813462,14:37:18.314,21.1000,886
52644678929087,14:37:24.678,21.1100,100
52644679749226,14:37:24.679,21.1100,100
52644680421604,14:37:24.680,21.1100,100
52644682055284,14:37:24.682,21.1100,100
52644682619807,14:37:24.682,21.1100,13
52644786368504,14:37:24.786,21.1150,400
52663299724426,14:37:43.299,21.1150,400
52677719001220,14:37:57.719,21.1150,300
52683205997069,14:38:03.205,21.1150,200
52684174988143,14:38:04.174,21.1150,200
52705259557106,14:38:25.259,21.1200,400
52720021164169,14:38:40.021,21.1300,100
52720021164169,14:38:40.021,21.1300,100
52720026918332,14:38:40.026,21.1300,100
52720026918332,14:38:40.026,21.1300,100
52720026918332,14:38:40.026,21.1300,100
52720026918332,14:38:40.026,21.1300,100
52720026918332,14:38:40.026,21.1300,38
52722750991673,14:38:42.750,21.1350,200
52770336917313,14:39:30.336,21.1300,600
52770336917313,14:39:30.336,21.1300,100
52770336917313,14:39:30.336,21.1300,500
52770337936328,14:39:30.337,21.1300,438
52770338416776,14:39:30.338,21.1300,962
52770343892801,14:39:30.343,21.1300,800
52772339770160,14:39:32.339,21.1250,558
52772339770160,14:39:32.339,21.1250,242
52772339770160,14:39:32.339,21.1250,200
52772340262629,14:39:32.340,21.1250,100
52774374192558,14:39:34.374,21.1300,1100
52774374192558,14:39:34.374,21.1300,2824
52774374209553,14:39:34.374,21.1300,200
52774374216463,14:39:34.374,21.1300,400
52774374221003,14:39:34.374,21.1300,18
52786003862560,14:39:46.003,21.1400,100
52786003862560,14:39:46.003,21.1400,500
52786003862560,14:39:46.003,21.1400,700
52797313509899,14:39:57.313,21.1400,200
52830436704430,14:40:30.436,21.1300,100
52830436704430,14:40:30.436,21.1300,100
52830436704430,14:40:30.436,21.1300,100
52836208005584,14:40:36.208,21.1250,100
52875849654576,14:41:15.849,21.1250,200
52910706905899,14:41:50.706,21.1300,219
52910706905899,14:41:50.706,21.1300,500
52910706953792,14:41:50.706,21.1300,1
52915954905702,14:41:55.954,21.1350,400
52931359743655,14:42:11.359,21.1400,400
52945071298618,14:42:25.071,21.1400,400
52965803029525,14:42:45.803,21.1450,400
52975854020295,14:42:55.854,21.1450,100
52975854022072,14:42:55.854,21.1450,200
52977247024277,14:42:57.247,21.1450,100
52985198713066,14:43:05.198,21.1400,100
52985198713066,14:43:05.198,21.1400,700
52985199052484,14:43:05.199,21.1400,56
52985199052484,14:43:05.199,21.1400,382
52985199078808,14:43:05.199,21.1400,438
52995066829803,14:43:15.066,21.1300,100
52999299368994,14:43:19.299,21.1200,437
52999299368994,14:43:19.299,21.1200,200
52999299368994,14:43:19.299,21.1200,300
52999299368994,14:43:19.299,21.1200,100
53028424308092,14:43:48.424,21.1300,500
53028424308092,14:43:48.424,21.1300,700
53031398013828,14:43:51.398,21.1350,100
53042755348599,14:44:02.755,21.1400,800
53045808296975,14:44:05.808,21.1400,3500
53045808296975,14:44:05.808,21.1400,350
53107076145260,14:45:07.076,21.1300,2000
53107076462550,14:45:07.076,21.1300,219
53107076464176,14:45:07.076,21.1300,201
53107076534038,14:45:07.076,21.1300,280
53107076534038,14:45:07.076,21.1300,158
53107076618998,14:45:07.076,21.1300,242
53107076618998,14:45:07.076,21.1300,156
53189260130096,14:46:29.260,21.1300,1933
53189260132936,14:46:29.260,21.1300,1355
53189260242725,14:46:29.260,21.1300,73
53189260242725,14:46:29.260,21.1300,1
53189260242725,14:46:29.260,21.1300,500
53189260242725,14:46:29.260,21.1300,100
53268449888994,14:47:48.449,21.1400,3900
53268594155553,14:47:48.594,21.1400,2000
53281699161400,14:48:01.699,21.1350,400
53333705997574,14:48:53.705,21.1350,400
53354499453585,14:49:14.499,21.1350,200
53355160824119,14:49:15.160,21.1350,200
53355160824119,14:49:15.160,21.1300,1800
53379313069606,14:49:39.313,21.1300,400
53379313069606,14:49:39.313,21.1300,184
53379313081604,14:49:39.313,21.1300,216
53379313081604,14:49:39.313,21.1300,400
53379314727604,14:49:39.314,21.1250,700
53379314727604,14:49:39.314,21.1250,200
53379315218088,14:49:39.315,21.1250,100
53408696297164,14:50:08.696,21.1200,1759
53408696327161,14:50:08.696,21.1200,2141
53408696327161,14:50:08.696,21.1200,8
53408696327161,14:50:08.696,21.1200,400
53420594093226,14:50:20.594,21.1200,100
53456884085797,14:50:56.884,21.1150,600
53464974077749,14:51:04.974,21.1100,400
53464974077749,14:51:04.974,21.1100,17
53464974077749,14:51:04.974,21.1100,17
53490150098090,14:51:30.150,21.1000,51
53490150098090,14:51:30.150,21.1000,400
53490150098090,14:51:30.150,21.1000,100
53497273007705,14:51:37.273,21.0950,100
53497774000245,14:51:37.774,21.0950,100
53510565819766,14:51:50.565,21.0900,100
53512262293635,14:51:52.262,21.0900,3081
53512889006882,14:51:52.889,21.0850,300
53526678408367,14:52:06.678,21.0900,2300
53526678697609,14:52:06.678,21.0900,1309
53526678697609,14:52:06.678,21.0900,431
53526678705255,14:52:06.678,21.0900,3369
53526678705255,14:52:06.678,21.0900,498
53526678714385,14:52:06.678,21.0900,802
53537640774895,14:52:17.640,21.1000,100
53537640774895,14:52:17.640,21.1000,300
53537640820136,14:52:17.640,21.1000,200
53537640820136,14:52:17.640,21.1000,100
53556066955296,14:52:36.066,21.1100,400
53569661973453,14:52:49.661,21.1100,1600
53569661973453,14:52:49.661,21.1100,400
53569662020369,14:52:49.662,21.1100,600
53569662020369,14:52:49.662,21.1100,100
53598915440361,14:53:18.915,21.1200,1673
53598915447375,14:53:18.915,21.1200,100
53625613949550,14:53:45.613,21.1200,300
53625614912234,14:53:45.614,21.1200,500
53625615219848,14:53:45.615,21.1200,199
53625615333481,14:53:45.615,21.1200,623
53643956018752,14:54:03.956,21.1250,100
