timestamp,time,price,volume
34199025967778,09:29:59.025,23.5100,100
34200587347466,09:30:00.587,23.5000,124
34580667582895,09:36:20.667,23.4500,100
34736155858416,09:38:56.155,23.4600,32
34736156493221,09:38:56.156,23.4600,68
35051590250765,09:44:11.590,23.4800,14
35051590330805,09:44:11.590,23.4800,186
35051590330805,09:44:11.590,23.4800,300
35103684319207,09:45:03.684,23.4800,100
35143555583037,09:45:43.555,23.4200,100
35143556648487,09:45:43.556,23.4200,100
35143557404944,09:45:43.557,23.4100,400
35516563763785,09:51:56.563,23.3900,100
35670589021823,09:54:30.589,23.3700,100
36343431790704,10:05:43.431,23.3800,100
36934547453272,10:15:34.547,23.3800,138
36934547747869,10:15:34.547,23.3800,62
36934547747869,10:15:34.547,23.3800,1
36934547965446,10:15:34.547,23.3700,200
36934547965446,10:15:34.547,23.3600,1
36934548818462,10:15:34.548,23.3700,100
37378259174279,10:22:58.259,23.3300,100
37378268391161,10:22:58.268,23.3300,3
37378550082814,10:22:58.550,23.3300,97
37378550082814,10:22:58.550,23.3400,500
37944980774085,10:32:24.980,23.3700,5
37944980774085,10:32:24.980,23.3700,95
37944980818876,10:32:24.980,23.3700,5
38031021516982,10:33:51.021,23.3700,100
38032265635417,10:33:52.265,23.3800,100
38328912090838,10:38:48.912,23.4000,100
38925709679102,10:48:45.709,23.4100,100
39467397312383,10:57:47.397,23.4500,100
39467397741935,10:57:47.397,23.4500,42
39467397923398,10:57:47.397,23.4500,16
39467397957067,10:57:47.397,23.4500,26
39467399375268,10:57:47.399,23.4500,16
39624929354053,11:00:24.929,23.4700,1
39663464150022,11:01:03.464,23.4800,10
39831256778958,11:03:51.256,23.5000,15
39831256804307,11:03:51.256,23.5000,6
40935660398860,11:22:15.660,23.4400,100
40935660398860,11:22:15.660,23.4400,100
41461083757570,11:31:01.083,23.4500,100
41998548773824,11:39:58.548,23.4300,11
41998548773824,11:39:58.548,23.4300,89
41998549212396,11:39:58.549,23.4300,5
41998549318629,11:39:58.549,23.4300,6
42044495725668,11:40:44.495,23.4000,100
42044495725668,11:40:44.495,23.4000,200
42044495725668,11:40:44.495,23.4000,100
42044495755869,11:40:44.495,23.4000,33
42067456612351,11:41:07.456,23.4000,5
42067456612351,11:41:07.456,23.4000,100
42067456612351,11:41:07.456,23.4000,100
42211457073914,11:43:31.457,23.4000,100
42289625750070,11:44:49.625,23.4000,101
42357985365652,11:45:57.985,23.4100,36
42502289748398,11:48:22.289,23.4200,1
42509260317021,11:48:29.260,23.4700,1
42509270694756,11:48:29.270,23.4700,99
42509286295222,11:48:29.286,23.4700,5
42681439535035,11:51:21.439,23.4500,100
43217584443328,12:00:17.584,23.4900,5
43698508051861,12:08:18.508,23.4900,234
43700497856230,12:08:20.497,23.5000,165
43884603173110,12:11:24.603,23.5000,100
43884603548970,12:11:24.603,23.5000,97
44766166468130,12:26:06.166,23.5000,5
44766166468130,12:26:06.166,23.5000,2
44766166468130,12:26:06.166,23.5000,100
44766166468130,12:26:06.166,23.5000,100
44766166802898,12:26:06.166,23.5000,100
44766166934257,12:26:06.166,23.5100,100
44766166934257,12:26:06.166,23.5100,100
44766225404824,12:26:06.225,23.5000,197
44766261682972,12:26:06.261,23.5000,700
44766732956478,12:26:06.732,23.5100,100
44766828832262,12:26:06.828,23.5100,600
44766828868284,12:26:06.828,23.5100,37
44766829188625,12:26:06.829,23.5100,37
44766829355963,12:26:06.829,23.5100,37
44886669643392,12:28:06.669,23.5300,100
44886674988338,12:28:06.674,23.5300,100
44886691811914,12:28:06.691,23.5300,198
44902307325744,12:28:22.307,23.5400,67
44902370027754,12:28:22.370,23.5400,200
44902370027754,12:28:22.370,23.5400,100
44904358743358,12:28:24.358,23.5500,100
44912965653590,12:28:32.965,23.5400,100
44924534007405,12:28:44.534,23.5200,100
44926617942312,12:28:46.617,23.5300,100
44929478024618,12:28:49.478,23.5300,200
44931562051509,12:28:51.562,23.5400,117
44931562102019,12:28:51.562,23.5400,83
44934671449622,12:28:54.671,23.5600,235
44934671478254,12:28:54.671,23.5600,65
44934671478254,12:28:54.671,23.5600,100
44934671574757,12:28:54.671,23.5600,50
44934679282181,12:28:54.679,23.5600,100
44934696512322,12:28:54.696,23.5650,50
44934696512322,12:28:54.696,23.5700,1
44936412197863,12:28:56.412,23.5600,300
44946390153898,12:29:06.390,23.5300,100
44958529656552,12:29:18.529,23.5000,207
44970480346935,12:29:30.480,23.4900,92
44970481078197,12:29:30.481,23.4900,100
44972082241344,12:29:32.082,23.5100,100
44973774763234,12:29:33.774,23.5150,200
44973774763234,12:29:33.774,23.5200,198
45092824148091,12:31:32.824,23.5100,100
45092824148091,12:31:32.824,23.5100,64
45092833557419,12:31:32.833,23.5100,100
45092833557419,12:31:32.833,23.5100,36
45094045421515,12:31:34.045,23.5200,333
45097784382112,12:31:37.784,23.5300,100
45229050278652,12:33:49.050,23.5200,40
45229050278652,12:33:49.050,23.5300,93
45229061751012,12:33:49.061,23.5300,7
45229061751012,12:33:49.061,23.5300,200
45229061751012,12:33:49.061,23.5300,27
45374805039420,12:36:14.805,23.5300,200
45374813524751,12:36:14.813,23.5300,20
45374813524751,12:36:14.813,23.5300,5
45374813524751,12:36:14.813,23.5300,8
45393185576648,12:36:33.185,23.5200,300
45576003907448,12:39:36.003,23.5100,4
45692772339245,12:41:32.772,23.5000,4
45773010904693,12:42:53.010,23.4600,100
45789784385427,12:43:09.784,23.4600,74
45900462951975,12:45:00.462,23.4500,5
45962339808629,12:46:02.339,23.4500,100
45962339808629,12:46:02.339,23.4500,100
45962390399873,12:46:02.390,23.4500,100
45962390399873,12:46:02.390,23.4500,100
45962390399873,12:46:02.390,23.4500,200
45965451967610,12:46:05.451,23.4800,104
45965481359527,12:46:05.481,23.4800,200
46070035001257,12:47:50.035,23.4700,194
46177036522273,12:49:37.036,23.4700,134
46787140300956,12:59:47.140,23.4700,5
47167497245470,13:06:07.497,23.4400,200
47167497245470,13:06:07.497,23.4400,132
47167497245470,13:06:07.497,23.4400,200
47167497245470,13:06:07.497,23.4400,100
47167499197431,13:06:07.499,23.4300,100
47167499197431,13:06:07.499,23.4300,500
47167499197431,13:06:07.499,23.4300,500
47167499197431,13:06:07.499,23.4300,100
47167499197431,13:06:07.499,23.4300,100
47167499197431,13:06:07.499,23.4300,200
47167502396743,13:06:07.502,23.4200,500
47171924936123,13:06:11.924,23.4500,100
47172971848394,13:06:12.971,23.4600,100
47182466083819,13:06:22.466,23.4500,200
47187971986475,13:06:27.971,23.4600,233
47187998319428,13:06:27.998,23.4600,100
47254947490092,13:07:34.947,23.4700,200
47424522550137,13:10:24.522,23.4700,95
47424522550137,13:10:24.522,23.4700,5
47424522988782,13:10:24.522,23.4700,1
47478269486005,13:11:18.269,23.4500,100
47559356627275,13:12:39.356,23.4850,100
47559356627275,13:12:39.356,23.4850,100
47559356627275,13:12:39.356,23.4900,200
47559364166326,13:12:39.364,23.5000,7
47559463689910,13:12:39.463,23.5100,100
47559474595768,13:12:39.474,23.5100,2
47648815084695,13:14:08.815,23.5000,100
47648815084695,13:14:08.815,23.5000,100
47649848257182,13:14:09.848,23.5000,100
47649848257182,13:14:09.848,23.5100,33
47649857392420,13:14:09.857,23.5000,200
47649857392420,13:14:09.857,23.5100,63
47649857678557,13:14:09.857,23.5100,104
47649868661723,13:14:09.868,23.5100,152
47649875593057,13:14:09.875,23.5200,100
47705740689971,13:15:05.740,23.4900,7
47926431218215,13:18:46.431,23.4700,100
47926702852291,13:18:46.702,23.4700,100
47927249722766,13:18:47.249,23.4800,100
47933323719958,13:18:53.323,23.4800,100
47933323719958,13:18:53.323,23.4800,200
47991492756591,13:19:51.492,23.4700,234
48283932331384,13:24:43.932,23.4400,100
48518971166452,13:28:38.971,23.4600,5
48518971166452,13:28:38.971,23.4600,8
48549300867833,13:29:09.300,23.4700,100
48549453945596,13:29:09.453,23.4700,100
48706347581545,13:31:46.347,23.4600,7
49100128282513,13:38:20.128,23.4600,7
49407700830268,13:43:27.700,23.4700,200
49519345436565,13:45:19.345,23.4600,37
49994999847717,13:53:14.999,23.4900,5
49994999847717,13:53:14.999,23.4900,95
50331028100590,13:58:51.028,23.4700,8
50331029940856,13:58:51.029,23.4700,47
50408993799695,14:00:08.993,23.5100,58
50408993833070,14:00:08.993,23.5100,53
50411266602572,14:00:11.266,23.5100,100
50466740061982,14:01:06.740,23.4600,8
50824288928243,14:07:04.288,23.5200,300
51000751848008,14:10:00.751,23.5000,8
51075052434076,14:11:15.052,23.5000,100
51853763298861,14:24:13.763,23.5000,9
52074853038268,14:27:54.853,23.4800,8
52075923098250,14:27:55.923,23.4600,37
52075923510391,14:27:55.923,23.4600,27
52142760248744,14:29:02.760,23.4700,100
52349441814452,14:32:29.441,23.4600,9
52630190288430,14:37:10.190,23.4400,100
52630190312632,14:37:10.190,23.4400,9
52630190314171,14:37:10.190,23.4400,36
53049365075799,14:44:09.365,23.4600,100
53218229635895,14:46:58.229,23.5000,100
53228865808420,14:47:08.865,23.5000,100
53526444102965,14:52:06.444,23.4800,23
53526444198579,14:52:06.444,23.4800,23
53556398870256,14:52:36.398,23.5000,29
53556399214695,14:52:36.399,23.5000,55
53558407044701,14:52:38.407,23.5000,11
53558407044701,14:52:38.407,23.5000,54
53805087971716,14:56:45.087,23.5100,61
53989639573575,14:59:49.639,23.5100,100
53989639573575,14:59:49.639,23.5100,28
54123189877723,15:02:03.189,23.4800,8
54123189877723,15:02:03.189,23.4800,2
54123189877723,15:02:03.189,23.4800,54
54146227705537,15:02:26.227,23.4900,100
54146227705537,15:02:26.227,23.4900,100
54146227705537,15:02:26.227,23.4900,100
54146526730978,15:02:26.526,23.4800,200
54146537018272,15:02:26.537,23.4800,200
54148826689003,15:02:28.826,23.4800,46
54225893580926,15:03:45.893,23.4800,40
54246808070484,15:04:06.808,23.4800,33
54299447268499,15:04:59.447,23.4600,100
54299447268499,15:04:59.447,23.4600,134
54299944569814,15:04:59.944,23.4700,32
54299944569814,15:04:59.944,23.4700,163
54301429510777,15:05:01.429,23.4800,100
54309090479019,15:05:09.090,23.4500,57
54309090488774,15:05:09.090,23.4500,57
54309136680055,15:05:09.136,23.4500,100
54309136707504,15:05:09.136,23.4500,1
54309136793516,15:05:09.136,23.4500,100
54309152562444,15:05:09.152,23.4500,85
54312269940256,15:05:12.269,23.4900,200
54350260738118,15:05:50.260,23.4700,100
54486059274748,15:08:06.059,23.4700,125
54486059299690,15:08:06.059,23.4700,75
54488048665722,15:08:08.048,23.4800,200
54605076907222,15:10:05.076,23.4700,100
54605076907222,15:10:05.076,23.4700,19
54689132833531,15:11:29.132,23.4700,60
54689132833531,15:11:29.132,23.4700,40
54862515944387,15:14:22.515,23.4900,60
54862515944387,15:14:22.515,23.4900,40
54921790198358,15:15:21.790,23.5000,36
55047566665795,15:17:27.566,23.5100,47
55047703666532,15:17:27.703,23.5100,13
55047938116151,15:17:27.938,23.5100,100
55132760469542,15:18:52.760,23.5100,30
55135717981964,15:18:55.717,23.5400,200
55135717981964,15:18:55.717,23.5400,100
55135717981964,15:18:55.717,23.5400,100
55382259145226,15:23:02.259,23.5200,17
55428257912702,15:23:48.257,23.5200,200
55428257912702,15:23:48.257,23.5200,100
55428258475638,15:23:48.258,23.5200,100
55431361362092,15:23:51.361,23.5400,100
55531101759462,15:25:31.101,23.5400,100
55531101759462,15:25:31.101,23.5400,100
55619447401530,15:26:59.447,23.5400,99
55621481512486,15:27:01.481,23.5500,100
55621496710517,15:27:01.496,23.5500,100
55623296149721,15:27:03.296,23.5500,17
55623296149721,15:27:03.296,23.5500,83
55637211190898,15:27:17.211,23.5500,17
55637212135144,15:27:17.212,23.5600,83
55763347724104,15:29:23.347,23.5500,100
55790931019422,15:29:50.931,23.5400,232
55812687474053,15:30:12.687,23.5300,12
55813389768102,15:30:13.389,23.5200,18
55841847164887,15:30:41.847,23.5300,200
55841847205700,15:30:41.847,23.5300,100
56133244439915,15:35:33.244,23.5300,100
56133244439915,15:35:33.244,23.5300,100
56135298855033,15:35:35.298,23.5400,72
56167503968147,15:36:07.503,23.5300,100
56289293083470,15:38:09.293,23.5200,82
56289854772707,15:38:09.854,23.5000,200
56342904659513,15:39:02.904,23.5100,100
56466021906953,15:41:06.021,23.4900,16
56470714041948,15:41:10.714,23.5000,200
56470714041948,15:41:10.714,23.5000,100
56575834481749,15:42:55.834,23.5000,156
56577062270865,15:42:57.062,23.5000,100
56577062270865,15:42:57.062,23.5000,100
56584013811399,15:43:04.013,23.5000,100
56586289668897,15:43:06.289,23.5100,100
56627584091445,15:43:47.584,23.5200,100
56628124602756,15:43:48.124,23.5300,1
56628124602756,15:43:48.124,23.5300,99
56714932617822,15:45:14.932,23.5200,16
56714932778690,15:45:14.932,23.5200,2
56714933075754,15:45:14.933,23.5200,82
56720858518064,15:45:20.858,23.5100,16
56720858543944,15:45:20.858,23.5100,14
56752576309126,15:45:52.576,23.5200,200
56754630227326,15:45:54.630,23.5300,100
56985031190682,15:49:45.031,23.5200,5
56985031190682,15:49:45.031,23.5200,25
56989131082547,15:49:49.131,23.5200,87
57077163498241,15:51:17.163,23.5100,33
57079958300285,15:51:19.958,23.5100,13
57082953291663,15:51:22.953,23.5100,54
57082953291663,15:51:22.953,23.5100,100
57082953291663,15:51:22.953,23.5100,93
57088192413975,15:51:28.192,23.5100,87
57088323995121,15:51:28.323,23.5100,100
57088323995121,15:51:28.323,23.5100,100
57088323995121,15:51:28.323,23.5100,86
57133468797243,15:52:13.468,23.5100,14
57133468797243,15:52:13.468,23.5100,200
57133468797243,15:52:13.468,23.5100,119
57159842748838,15:52:39.842,23.5100,30
57159842748838,15:52:39.842,23.5100,100
57159842748838,15:52:39.842,23.5100,161
57159842748838,15:52:39.842,23.5100,39
57159842748838,15:52:39.842,23.5100,70
57159842975015,15:52:39.842,23.5100,30
57159842975015,15:52:39.842,23.5100,100
57159842975015,15:52:39.842,23.5100,100
57159842975015,15:52:39.842,23.5100,100
57159842984404,15:52:39.842,23.5100,61
57159842984404,15:52:39.842,23.5100,200
57159842984404,15:52:39.842,23.5200,69
57161890181303,15:52:41.890,23.5200,100
57161895731582,15:52:41.895,23.5200,100
57161970613509,15:52:41.970,23.5200,100
57163019515586,15:52:43.019,23.5200,100
57163019515586,15:52:43.019,23.5200,33
57163033272158,15:52:43.033,23.5200,132
57165128310487,15:52:45.128,23.5300,100
57197723807913,15:53:17.723,23.5100,19
57310476807693,15:55:10.476,23.5200,100
57310477246752,15:55:10.477,23.5200,27
57310477246752,15:55:10.477,23.5200,100
57310477246752,15:55:10.477,23.5200,63
57310477265061,15:55:10.477,23.5200,37
57344718386947,15:55:44.718,23.5300,5
57344718386947,15:55:44.718,23.5300,16
57344718386947,15:55:44.718,23.5300,100
57344718386947,15:55:44.718,23.5300,12
57368826046380,15:56:08.826,23.5300,15
57368826046380,15:56:08.826,23.5300,4
57368826046380,15:56:08.826,23.5300,2
57368826046380,15:56:08.826,23.5300,5
57368826046380,15:56:08.826,23.5300,5
57368826046380,15:56:08.826,23.5300,69
57372044772471,15:56:12.044,23.5400,200
57380522978045,15:56:20.522,23.5400,100
57380522978045,15:56:20.522,23.5400,19
57380522978045,15:56:20.522,23.5400,100
57380522978045,15:56:20.522,23.5400,13
57380538593165,15:56:20.538,23.5400,87
57380538593165,15:56:20.538,23.5400,100
57380538593165,15:56:20.538,23.5400,45
57380538593165,15:56:20.538,23.5400,1
57380538593165,15:56:20.538,23.5400,31
57382015755478,15:56:22.015,23.5400,7
57383553290540,15:56:23.553,23.5300,17
57389154250447,15:56:29.154,23.5300,15
57405307887159,15:56:45.307,23.5400,9
57405307887159,15:56:45.307,23.5400,1
57422883808909,15:57:02.883,23.5500,100
57422883808909,15:57:02.883,23.5500,200
57422883808909,15:57:02.883,23.5500,33
57423937529838,15:57:03.937,23.5500,8
57423937529838,15:57:03.937,23.5500,15
57423937529838,15:57:03.937,23.5500,57
57423937529838,15:57:03.937,23.5500,11
57423937529838,15:57:03.937,23.5500,9
57423965996054,15:57:03.965,23.5500,1
57430599333753,15:57:10.599,23.5400,15
57463647875023,15:57:43.647,23.5400,137
57463647875023,15:57:43.647,23.5400,63
57489592495953,15:58:09.592,23.5400,17
57489592495953,15:58:09.592,23.5400,32
57489592495953,15:58:09.592,23.5400,25
57489592495953,15:58:09.592,23.5400,26
57489592538984,15:58:09.592,23.5400,29
57534896634661,15:58:54.896,23.5450,56
57534896634661,15:58:54.896,23.5450,111
57534896634661,15:58:54.896,23.5500,42
57534896634661,15:58:54.896,23.5500,24
57534896893859,15:58:54.896,23.5500,76
57534896893859,15:58:54.896,23.5500,37
57534897031052,15:58:54.897,23.5500,63
57534897031052,15:58:54.897,23.5500,100
57534897031052,15:58:54.897,23.5500,15
57534897031052,15:58:54.897,23.5500,78
57534897031052,15:58:54.897,23.5500,40
57534897031052,15:58:54.897,23.5500,15
57544178121635,15:59:04.178,23.5600,100
57544178121635,15:59:04.178,23.5600,200
57544178121635,15:59:04.178,23.5600,100
57544178121635,15:59:04.178,23.5600,200
57544178121635,15:59:04.178,23.5600,18
57544178121635,15:59:04.178,23.5600,200
57544178121635,15:59:04.178,23.5600,25
57546238875920,15:59:06.238,23.5700,100
57546238875920,15:59:06.238,23.5700,73
57553946081964,15:59:13.946,23.5600,5
57561552097279,15:59:21.552,23.5600,8
57572655517205,15:59:32.655,23.5650,56
57572655517205,15:59:32.655,23.5700,27
57572655517205,15:59:32.655,23.5700,200
57572655517205,15:59:32.655,23.5700,49
57572655517205,15:59:32.655,23.5700,122
57600042230549,16:00:00.042,23.5700,78
57600042230549,16:00:00.042,23.5700,100
57600042230549,16:00:00.042,23.5700,622
57600588053720,16:00:00.588,23.5600,138
57600588053720,16:00:00.588,23.5600,121
57600588053720,16:00:00.588,23.5600,8179
