timestamp,time,price,volume
34200442742792,09:30:00.442,0.0000,0
34200620250732,09:30:00.620,22.7300,42
34656407964348,09:37:36.407,22.7800,100
34727369634142,09:38:47.369,22.8000,200
34894408675039,09:41:34.408,22.8500,500
34950765338650,09:42:30.765,22.9000,5
35021710226244,09:43:41.710,22.9000,200
35213652202584,09:46:53.652,22.8500,100
35330638790576,09:48:50.638,22.9400,1000
35334249123091,09:48:54.249,22.9400,200
35359155445313,09:49:19.155,22.9000,200
35359327742134,09:49:19.327,22.9000,200
35370729616979,09:49:30.729,22.9000,200
35370729616979,09:49:30.729,22.9000,200
35946305900719,09:59:06.305,22.9500,1000
35962061331865,09:59:22.061,22.9500,200
35969800910859,09:59:29.800,22.9700,100
35995606466209,09:59:55.606,23.0000,200
36036407484310,10:00:36.407,23.0100,100
36036409612855,10:00:36.409,23.0100,100
36036419811874,10:00:36.419,23.0100,100
36036724746074,10:00:36.724,23.0100,100
36037002029589,10:00:37.002,23.0100,100
36037003865396,10:00:37.003,23.0100,100
36037011427927,10:00:37.011,23.0100,400
36166649921462,10:02:46.649,23.0000,5045
36189614229016,10:03:09.614,23.0300,100
36209267120587,10:03:29.267,23.0300,300
36210300719439,10:03:30.300,23.0300,100
36288180437344,10:04:48.180,23.0400,300
36750439368969,10:12:30.439,22.9400,200
36821528551728,10:13:41.528,22.9400,100
36851720004760,10:14:11.720,22.9300,200
36882161705665,10:14:42.161,22.9000,1
37172377258553,10:19:32.377,22.9600,200
37172377339400,10:19:32.377,22.9600,300
37175398477555,10:19:35.398,22.9400,300
37583976534443,10:26:23.976,22.7900,300
37589228446749,10:26:29.228,22.8000,100
37800087427003,10:30:00.087,22.8200,200
38199385523840,10:36:39.385,22.7600,50
38273917739641,10:37:53.917,22.8600,200
38494923567948,10:41:34.923,22.8000,100
38494923567948,10:41:34.923,22.8000,100
38696750235321,10:44:56.750,22.7600,100
38697070056753,10:44:57.070,22.7500,100
38743101743541,10:45:43.101,22.7500,100
38807787961308,10:46:47.787,22.7400,600
38817045351898,10:46:57.045,22.7500,100
38817045477217,10:46:57.045,22.7500,150
38817045801740,10:46:57.045,22.7500,100
38820876320831,10:47:00.876,22.7500,100
38820876375484,10:47:00.876,22.7500,50
38900032515991,10:48:20.032,22.7900,67
39190324629199,10:53:10.324,22.8700,200
39274254445331,10:54:34.254,22.9000,2000
39467234740664,10:57:47.234,22.9000,100
39662804746834,11:01:02.804,22.8300,300
39662824132946,11:01:02.824,22.8200,300
39663018901647,11:01:03.018,22.7900,100
39663310015270,11:01:03.310,22.7800,100
39663454780640,11:01:03.454,22.7600,300
39663460903742,11:01:03.460,22.7500,300
39663460903742,11:01:03.460,22.7500,300
39663474612629,11:01:03.474,22.7300,300
39789943188322,11:03:09.943,22.7000,100
40765088329452,11:19:25.088,22.7200,60
40917706847591,11:21:57.706,22.7200,39
41023574044045,11:23:43.574,22.7500,100
41297312865278,11:28:17.312,22.7800,300
41437215803702,11:30:37.215,22.8100,100
41439445113505,11:30:39.445,22.8200,100
41998518623794,11:39:58.518,22.7700,100
42099837116227,11:41:39.837,22.7400,100
42331826862058,11:45:31.826,22.6500,100
42617181310659,11:50:17.181,22.7000,100
42617188806309,11:50:17.188,22.7100,300
43167367779560,11:59:27.367,22.6300,1000
43198670091918,11:59:58.670,22.6000,700
43198670091918,11:59:58.670,22.6000,5
43744195986194,12:09:04.195,22.5500,60
43860173371396,12:11:00.173,22.5200,222
43897613290444,12:11:37.613,22.5000,1
43897613290444,12:11:37.613,22.5000,200
43941747113892,12:12:21.747,22.4800,300
43957004390724,12:12:37.004,22.5000,7500
44369040473286,12:19:29.040,22.4500,300
44466943666518,12:21:06.943,22.4100,100
44466943751185,12:21:06.943,22.4100,100
44466943751185,12:21:06.943,22.4100,200
44674859653625,12:24:34.859,22.4400,300
44689064212106,12:24:49.064,22.4500,300
44689074284371,12:24:49.074,22.4600,1000
44830303929639,12:27:10.303,22.4200,3
45008152974091,12:30:08.152,22.4500,300
45215714981923,12:33:35.714,22.4900,100
45215714981923,12:33:35.714,22.4900,300
45215714981923,12:33:35.714,22.4900,100
45215719262795,12:33:35.719,22.5000,300
45215719262795,12:33:35.719,22.5000,1000
45215750350651,12:33:35.750,22.5100,300
45234830098384,12:33:54.830,22.5000,50
45423825354049,12:37:03.825,22.5200,200
46082489079986,12:48:02.489,22.4900,100
46999268114524,13:03:19.268,22.4500,2
47209909268789,13:06:49.909,22.4400,100
47529331897710,13:12:09.331,22.4300,100
47597909408224,13:13:17.909,22.4700,100
48028319669685,13:20:28.319,22.5200,100
48040112345788,13:20:40.112,22.5300,100
48372100900182,13:26:12.100,22.5200,100
48372100936893,13:26:12.100,22.5200,100
48379533930865,13:26:19.533,22.5300,100
48379534027147,13:26:19.534,22.5300,100
48867935613807,13:34:27.935,22.4900,100
49764618714017,13:49:24.618,22.5900,100
49983685101240,13:53:03.685,22.5000,100
50402688609564,14:00:02.688,22.5100,300
50402696669861,14:00:02.696,22.5200,300
50402715451718,14:00:02.715,22.4800,1
50402724492501,14:00:02.724,22.5600,300
50403200466219,14:00:03.200,22.4500,300
50403906262812,14:00:03.906,22.5000,100
50403906311151,14:00:03.906,22.5000,100
50403912089438,14:00:03.912,22.5100,30
50403912132772,14:00:03.912,22.5100,100
50405575920348,14:00:05.575,22.5000,100
50405718950928,14:00:05.718,22.4700,100
50405722691220,14:00:05.722,22.4600,100
50406727289122,14:00:06.727,22.4300,100
50407838086659,14:00:07.838,22.4000,100
50407838086659,14:00:07.838,22.4000,1
50407838128094,14:00:07.838,22.4000,100
50408313572277,14:00:08.313,22.3900,1
50408313666807,14:00:08.313,22.3900,100
50408593108973,14:00:08.593,22.3500,200
50408992123557,14:00:08.992,22.3100,200
50408994965303,14:00:08.994,22.3000,200
50410814147642,14:00:10.814,22.2500,300
50410814200269,14:00:10.814,22.2500,100
50416528867181,14:00:16.528,22.1900,300
50416822291055,14:00:16.822,22.2400,100
50417589593560,14:00:17.589,22.2600,100
50419265977737,14:00:19.265,22.2100,300
50423328219255,14:00:23.328,22.2900,41
50423352852062,14:00:23.352,22.2800,100
50442130745039,14:00:42.130,22.2400,300
50451046905974,14:00:51.046,22.3000,100
50464178917123,14:01:04.178,22.2100,100
50465670282668,14:01:05.670,22.1900,300
50466702774592,14:01:06.702,22.1900,20
50471390591742,14:01:11.390,22.3100,300
50471391188355,14:01:11.391,22.3100,100
50471954315176,14:01:11.954,22.2900,300
50471958026107,14:01:11.958,22.2800,100
50471958287936,14:01:11.958,22.2800,200
50474385541138,14:01:14.385,22.2400,100
50474385558176,14:01:14.385,22.2400,100
50474385604328,14:01:14.385,22.2400,100
50510962348916,14:01:50.962,22.2100,100
50537826482441,14:02:17.826,22.3300,300
50537828698311,14:02:17.828,22.3300,400
50537834899920,14:02:17.834,22.3400,30
50537897003094,14:02:17.897,22.3400,30
50576398681563,14:02:56.398,22.2500,130
50613167028062,14:03:33.167,22.1500,100
50613176357138,14:03:33.176,22.1500,100
50613179324969,14:03:33.179,22.1300,300
50613179442236,14:03:33.179,22.1400,30
50613191148380,14:03:33.191,22.1400,30
50613200503219,14:03:33.200,22.1400,40
50613208886453,14:03:33.208,22.1200,300
50613211033295,14:03:33.211,22.1100,300
50651729496785,14:04:11.729,22.1000,10
50708702825985,14:05:08.702,22.0200,1
50819459900674,14:06:59.459,22.0300,300
50837817863409,14:07:17.817,22.0400,200
50928066418950,14:08:48.066,22.0500,75
50928066835149,14:08:48.066,22.0500,100
50939189374677,14:08:59.189,22.0400,1
50963644890060,14:09:23.644,22.0400,175
50963644928044,14:09:23.644,22.0400,100
50963644946354,14:09:23.644,22.0400,25
51065099023656,14:11:05.099,22.0300,20
51083912305099,14:11:23.912,22.0000,50
51083912305099,14:11:23.912,22.0000,125
51084097314167,14:11:24.097,21.9800,300
51084097397957,14:11:24.097,21.9900,30
51085874599226,14:11:25.874,22.0100,100
51085874648110,14:11:25.874,22.0100,100
51085874946842,14:11:25.874,22.0100,100
51089508347104,14:11:29.508,21.9900,30
51121727293645,14:12:01.727,21.9900,20
51176966849806,14:12:56.966,21.9500,50
51182480831626,14:13:02.480,21.9600,300
51284995344778,14:14:44.995,21.9000,50
51300178136993,14:15:00.178,21.9200,1000
51300244313119,14:15:00.244,21.9700,100
51300257330894,14:15:00.257,21.9600,100
51300269734793,14:15:00.269,21.9700,30
51300269734793,14:15:00.269,21.9700,100
51300271883697,14:15:00.271,21.9700,100
51300271883697,14:15:00.271,21.9700,29
51305143123713,14:15:05.143,21.9500,100
51307012214071,14:15:07.012,21.9500,300
51308591673411,14:15:08.591,21.9400,100
51308591674339,14:15:08.591,21.9400,200
51316148422302,14:15:16.148,21.9400,300
51331231850527,14:15:31.231,21.9800,100
51387918667109,14:16:27.918,21.9300,100
51387919204160,14:16:27.919,21.9300,129
51387919550308,14:16:27.919,21.9300,71
51400206702600,14:16:40.206,21.9200,100
51429690205612,14:17:09.690,21.8800,100
51635660497732,14:20:35.660,21.9200,100
51635660542813,14:20:35.660,21.9200,200
51653998952732,14:20:53.998,21.8800,100
51661236508778,14:21:01.236,21.8500,300
51715216441270,14:21:55.216,21.8000,100
51759075635105,14:22:39.075,21.7800,100
51759075660397,14:22:39.075,21.7800,300
51784303800207,14:23:04.303,21.8000,100
51803606198841,14:23:23.606,21.8000,100
51806969920594,14:23:26.969,21.7800,75
51806969921129,14:23:26.969,21.7800,200
51806970109053,14:23:26.970,21.7800,25
52151310471350,14:29:11.310,21.8800,300
52151310471350,14:29:11.310,21.8800,100
52151414239645,14:29:11.414,21.8800,300
52151414239645,14:29:11.414,21.8800,100
52151518586037,14:29:11.518,21.8800,300
52151518586037,14:29:11.518,21.8800,100
52204782082193,14:30:04.782,21.9200,100
52429131583021,14:33:49.131,21.8800,1
52504438756241,14:35:04.438,21.8000,25
52563975716626,14:36:03.975,21.8900,100
52564214861934,14:36:04.214,21.8900,100
52564227604134,14:36:04.227,21.8900,100
52564227604134,14:36:04.227,21.8900,100
52568940418283,14:36:08.940,21.9300,100
52601447188323,14:36:41.447,21.9000,1400
52611016079434,14:36:51.016,21.8800,1000
52611016079434,14:36:51.016,21.8800,100
52611017294227,14:36:51.017,21.8800,300
52611017294227,14:36:51.017,21.8800,200
53189255265566,14:46:29.255,21.7900,300
53189268835388,14:46:29.268,21.7800,300
53230514195413,14:47:10.514,21.7200,300
53230516407352,14:47:10.516,21.7100,300
53446760914666,14:50:46.760,21.7500,100
53555774325514,14:52:35.774,21.6500,200
53587886661981,14:53:07.886,21.6100,500
53754301804699,14:55:54.301,21.6000,50
53756745239085,14:55:56.745,21.6000,50
53756745239085,14:55:56.745,21.6000,50
53823978629722,14:57:03.978,21.6000,100
53982215531730,14:59:42.215,21.5600,121
54140200699153,15:02:20.200,21.6100,100
54176442951749,15:02:56.442,21.6100,12
54326327793140,15:05:26.327,21.7000,200
54326327793140,15:05:26.327,21.7000,100
54643464108542,15:10:43.464,21.8500,400
54763125374324,15:12:43.125,21.8200,100
54865700724036,15:14:25.700,21.7900,75
54865971678264,15:14:25.971,21.7900,25
54927846908794,15:15:27.846,21.7600,100
55201559788119,15:20:01.559,21.7400,98
55202012044096,15:20:02.012,21.7400,100
55202012092516,15:20:02.012,21.7400,100
55202012140773,15:20:02.012,21.7400,100
55202012633305,15:20:02.012,21.7400,42
55202012683511,15:20:02.012,21.7400,100
55202013638396,15:20:02.013,21.7400,42
55202013773102,15:20:02.013,21.7400,42
55202014621904,15:20:02.014,21.7400,42
55202014765672,15:20:02.014,21.7400,42
55206544415400,15:20:06.544,21.7400,41
55206544635798,15:20:06.544,21.7400,42
55237501070578,15:20:37.501,21.7400,128
55238463591157,15:20:38.463,21.7100,100
55238463628671,15:20:38.463,21.7100,100
55238498017142,15:20:38.498,21.7100,100
55238627309644,15:20:38.627,21.7100,100
55238797104471,15:20:38.797,21.7100,100
55243652807886,15:20:43.652,21.7100,100
55673121311043,15:27:53.121,21.7200,100
55673144397134,15:27:53.144,21.7100,100
55755589234003,15:29:15.589,21.7000,100
55883436154198,15:31:23.436,21.7500,300
56463181842458,15:41:03.181,21.8400,300
56463183125474,15:41:03.183,21.8400,100
56480463241345,15:41:20.463,21.8400,200
56543215640521,15:42:23.215,21.8600,300
56543283203915,15:42:23.283,21.8600,157
56652266770558,15:44:12.266,21.8600,395
56666945335464,15:44:26.945,21.8600,5
56810534449855,15:46:50.534,21.8000,400
56834629071856,15:47:14.629,21.8000,48
56972134936245,15:49:32.134,21.8100,30
57013319448159,15:50:13.319,21.8300,200
57013319481271,15:50:13.319,21.8300,200
57095181629759,15:51:35.181,21.8400,100
57115718380717,15:51:55.718,21.8400,1
57240518204467,15:54:00.518,21.8600,25
57300021688342,15:55:00.021,21.8800,100
57318881101319,15:55:18.881,21.8100,200
57318881200134,15:55:18.881,21.8100,200
57318888319777,15:55:18.888,21.8100,100
57343997914573,15:55:43.997,21.8000,100
57343998557329,15:55:43.998,21.7900,100
57364053770434,15:56:04.053,21.7900,500
57452694583654,15:57:32.694,21.7800,100
57468040138464,15:57:48.040,21.7800,100
57468041566699,15:57:48.041,21.7800,100
57468042536942,15:57:48.042,21.7800,100
57468043196034,15:57:48.043,21.7800,100
57468043731846,15:57:48.043,21.7800,100
57468045058786,15:57:48.045,21.7800,100
57508352068148,15:58:28.352,21.7800,55
57529229209185,15:58:49.229,21.7700,80
57600298130723,16:00:00.298,21.7600,42
57600738287018,16:00:00.738,0.0000,0
58309323029267,16:11:49.323,21.7700,9
61281598336698,17:01:21.598,22.0800,10
