timestamp,time,price,volume
34200395148680,09:30:00.395,0.0000,0
34277826488492,09:31:17.826,42.5500,78
34277826513076,09:31:17.826,42.5500,322
34282922834537,09:31:22.922,42.5500,276
34282922859229,09:31:22.922,42.5500,124
34294927020019,09:31:34.927,42.5300,400
34359058412635,09:32:39.058,42.5500,400
34380077058208,09:33:00.077,42.5400,400
34413963054226,09:33:33.963,42.5800,152
34428514268529,09:33:48.514,42.5900,400
34504762518373,09:35:04.762,42.5600,296
34504762544917,09:35:04.762,42.5600,104
34532036559452,09:35:32.036,42.5900,400
34617634400387,09:36:57.634,42.6300,400
34621315056414,09:37:01.315,42.6300,400
34633137528606,09:37:13.137,42.6200,100
34643536986467,09:37:23.536,42.6000,50
34643536986467,09:37:23.536,42.6000,1650
34643560982917,09:37:23.560,42.6000,400
35026657777520,09:43:46.657,42.6800,100
35287587579499,09:48:07.587,42.7700,211
35287587604399,09:48:07.587,42.7700,174
35317602294836,09:48:37.602,42.7700,42
35461209664236,09:51:01.209,42.7900,211
35533141515680,09:52:13.141,42.7900,111
35533141583757,09:52:13.141,42.7900,300
35660471285547,09:54:20.471,42.8300,500
35746401749231,09:55:46.401,42.8500,89
35746468567051,09:55:46.468,42.8500,11
35755740244359,09:55:55.740,42.8600,100
35759161019850,09:55:59.161,42.8700,100
35761701579143,09:56:01.701,42.8700,11
35761702077668,09:56:01.702,42.8700,89
35806362004371,09:56:46.362,42.8800,57
35862967139860,09:57:42.967,42.8700,1
36011132728138,10:00:11.132,42.8900,22
36011136863045,10:00:11.136,42.8900,78
36160208677196,10:02:40.208,42.8700,100
36166110882102,10:02:46.110,42.8800,100
36166692084195,10:02:46.692,42.8900,100
36166761231947,10:02:46.761,42.9000,100
36166804780975,10:02:46.804,42.9000,100
36625456008832,10:10:25.456,42.8500,41
36630853672754,10:10:30.853,42.8500,57
36726339248316,10:12:06.339,42.8000,824
36726339290005,10:12:06.339,42.8000,226
37356436071438,10:22:36.436,42.7300,58
37361731506092,10:22:41.731,42.7400,100
37365307626868,10:22:45.307,42.7400,43
37826570035491,10:30:26.570,42.6600,500
37826570035491,10:30:26.570,42.6600,100
37826570035491,10:30:26.570,42.6600,1800
37826570035491,10:30:26.570,42.6600,100
37826570035491,10:30:26.570,42.6600,200
37827501855343,10:30:27.501,42.6600,1800
37827501855343,10:30:27.501,42.6600,500
37827501855343,10:30:27.501,42.6600,100
37827502604176,10:30:27.502,42.6600,100
37827502604176,10:30:27.502,42.6600,100
37827502874964,10:30:27.502,42.6600,10
37827502937209,10:30:27.502,42.6600,90
37827518342248,10:30:27.518,42.6600,1800
37827518342248,10:30:27.518,42.6600,500
37827519121596,10:30:27.519,42.6600,200
37827519121596,10:30:27.519,42.6600,200
37827519188844,10:30:27.519,42.6600,500
37827519188844,10:30:27.519,42.6600,200
37827519188844,10:30:27.519,42.6600,200
37827705549985,10:30:27.705,42.6600,100
37828527255463,10:30:28.527,42.6600,300
37828527255463,10:30:28.527,42.6600,500
37828527255463,10:30:28.527,42.6600,1400
37845306677531,10:30:45.306,42.6600,100
37845306750424,10:30:45.306,42.6600,400
37845306802853,10:30:45.306,42.6600,100
37970276116787,10:32:50.276,42.6300,100
38301025943875,10:38:21.025,42.6100,100
38328975368714,10:38:48.975,42.6000,100
38342132209629,10:39:02.132,42.5900,100
38368939171117,10:39:28.939,42.5900,42
38376825961954,10:39:36.825,42.6000,42
38383547394231,10:39:43.547,42.6000,70
38383547394231,10:39:43.547,42.6000,100
38453772127667,10:40:53.772,42.6000,100
38609273766552,10:43:29.273,42.6000,42
38657475222670,10:44:17.475,42.5800,100
38696752970987,10:44:56.752,42.5600,100
38778384145071,10:46:18.384,42.5600,17
38859269792667,10:47:39.269,42.5900,1
38867007059966,10:47:47.007,42.6000,100
39188195546923,10:53:08.195,42.6100,1
39472840080564,10:57:52.840,42.6200,42
39663475253432,11:01:03.475,42.5600,100
40125625392862,11:08:45.625,42.5800,81
40125625418493,11:08:45.625,42.5800,59
40125625464574,11:08:45.625,42.5800,160
40273072227319,11:11:13.072,42.5900,256
40926628288126,11:22:06.628,42.6300,100
40926628288126,11:22:06.628,42.6300,300
40989246028922,11:23:09.246,42.6400,100
41079168467620,11:24:39.168,42.6300,300
41429185437163,11:30:29.185,42.6500,3
41497996373316,11:31:37.996,42.6400,300
42070913403078,11:41:10.913,42.6600,300
42139673723722,11:42:19.673,42.6400,100
42467341517790,11:47:47.341,42.5800,100
42554228643035,11:49:14.228,42.5800,100
42625932628170,11:50:25.932,42.5800,100
42895278865979,11:54:55.278,42.5900,1
43007950229972,11:56:47.950,42.5900,1
43007950541661,11:56:47.950,42.5900,299
43028642241076,11:57:08.642,42.5900,100
43028642241076,11:57:08.642,42.5900,300
43110826280940,11:58:30.826,42.6000,1
43111045421455,11:58:31.045,42.6000,299
43114174080767,11:58:34.174,42.6000,29
43114174599984,11:58:34.174,42.6000,200
43168977655940,11:59:28.977,42.6100,100
43168977655940,11:59:28.977,42.6100,300
43225758392736,12:00:25.758,42.5800,299
43225758418576,12:00:25.758,42.5800,1
43339208139274,12:02:19.208,42.5700,100
43356751166368,12:02:36.751,42.5600,100
43385635903071,12:03:05.635,42.5500,100
43669438255677,12:07:49.438,42.5600,100
43995563485720,12:13:15.563,42.5000,100
44221018323103,12:17:01.018,42.4900,100
44250241166552,12:17:30.241,42.5000,100
44408172898319,12:20:08.172,42.4900,1
44426091725228,12:20:26.091,42.4900,100
44450018393363,12:20:50.018,42.4900,100
44475016393330,12:21:15.016,42.4900,100
44511863771197,12:21:51.863,42.5000,100
44610797563250,12:23:30.797,42.4800,100
44640834075549,12:24:00.834,42.4900,400
44679987387279,12:24:39.987,42.4900,100
44681553286205,12:24:41.553,42.4900,100
44703073293575,12:25:03.073,42.4900,1
44731559725676,12:25:31.559,42.5000,100
44732227866054,12:25:32.227,42.5000,100
44739387856843,12:25:39.387,42.5000,100
44830308064323,12:27:10.308,42.4900,1
44944196657896,12:29:04.196,42.4900,399
45159466099298,12:32:39.466,42.5000,1
45710907886842,12:41:50.907,42.5800,100
45713389025835,12:41:53.389,42.5800,200
45847114032937,12:44:07.114,42.5800,1
45903397013454,12:45:03.397,42.5900,39
45903397037685,12:45:03.397,42.5900,361
45989083055046,12:46:29.083,42.5900,400
47116612398056,13:05:16.612,42.5550,100
48123554997419,13:22:03.554,42.5700,100
48306987526574,13:25:06.987,42.6000,264
48306987560452,13:25:06.987,42.6000,136
48646517582712,13:30:46.517,42.5900,100
48724294885378,13:32:04.294,42.5900,261
48724294909501,13:32:04.294,42.5900,139
48831335541335,13:33:51.335,42.5800,200
49058799038359,13:37:38.799,42.5900,100
49061534470385,13:37:41.534,42.5900,300
49153195133695,13:39:13.195,42.5900,100
49153195136383,13:39:13.195,42.5900,100
49394006232667,13:43:14.006,42.5900,154
49455228646386,13:44:15.228,42.5900,100
49737335877826,13:48:57.335,42.6100,100
49866695879489,13:51:06.695,42.6200,400
50013227622528,13:53:33.227,42.5900,200
50091404318533,13:54:51.404,42.5800,200
50241083949769,13:57:21.083,42.5800,100
50291328353670,13:58:11.328,42.5900,30
50408594727102,14:00:08.594,42.5500,1
50452225858148,14:00:52.225,42.5100,300
50471953736088,14:01:11.953,42.5200,1400
50690215424670,14:04:50.215,42.4000,200
50713615979344,14:05:13.615,42.3700,253
50713616105582,14:05:13.616,42.3700,47
50941180729792,14:09:01.180,42.3900,3
50941180773271,14:09:01.180,42.3900,297
50971038780908,14:09:31.038,42.3900,300
50988110110677,14:09:48.110,42.4200,100
50989927158330,14:09:49.927,42.4200,200
51009533058388,14:10:09.533,42.4200,1
51009533085019,14:10:09.533,42.4200,299
51061021924504,14:11:01.021,42.4000,1
51136093541323,14:12:16.093,42.3500,100
51206277783650,14:13:26.277,42.3100,100
51206277783650,14:13:26.277,42.3100,27
51265014550673,14:14:25.014,42.3000,200
51275809707760,14:14:35.809,42.2900,300
51300180532978,14:15:00.180,42.3000,100
51300191236139,14:15:00.191,42.3000,100
51300211268859,14:15:00.211,42.3100,200
51300211474301,14:15:00.211,42.3100,100
51386206231828,14:16:26.206,42.2900,300
51400203637095,14:16:40.203,42.2800,300
51400203697771,14:16:40.203,42.2800,300
51451563082671,14:17:31.563,42.2900,100
51453929753796,14:17:33.929,42.2900,100
51460687466062,14:17:40.687,42.3000,100
51473286182588,14:17:53.286,42.3100,100
51501577373728,14:18:21.577,42.3100,100
51517958362596,14:18:37.958,42.3100,100
51551969074727,14:19:11.969,42.2900,100
51584626588497,14:19:44.626,42.2900,100
51591315686859,14:19:51.315,42.3000,100
51591315695748,14:19:51.315,42.3000,100
51609315968429,14:20:09.315,42.3000,100
51609315968429,14:20:09.315,42.3000,100
51618868892339,14:20:18.868,42.2900,28
51618868929858,14:20:18.868,42.2900,72
51623916311756,14:20:23.916,42.3000,100
51654712467984,14:20:54.712,42.2800,300
51655020358009,14:20:55.020,42.2800,11
51655030304253,14:20:55.030,42.2800,100
51655030304253,14:20:55.030,42.2800,200
51655030304253,14:20:55.030,42.2800,200
51655030304253,14:20:55.030,42.2800,100
51655030304253,14:20:55.030,42.2800,107
51796790257721,14:23:16.790,42.2800,1
51828617444602,14:23:48.617,42.2800,140
51828617471997,14:23:48.617,42.2800,60
51867428406243,14:24:27.428,42.2900,1
52077500731490,14:27:57.500,42.3600,100
52118581344079,14:28:38.581,42.3500,2
52636316804043,14:37:16.316,42.3800,88
52636316848709,14:37:16.316,42.3800,12
52636834505456,14:37:16.834,42.3700,200
52980562651984,14:43:00.562,42.3300,100
53086908381530,14:44:46.908,42.3100,300
53211544780657,14:46:51.544,42.2700,200
53211544780657,14:46:51.544,42.2700,300
53211544780657,14:46:51.544,42.2700,300
53216217980664,14:46:56.217,42.2600,300
53216479792277,14:46:56.479,42.2400,197
53216490670475,14:46:56.490,42.2400,100
53251530620745,14:47:31.530,42.2400,100
53425025039482,14:50:25.025,42.2700,100
53461335445188,14:51:01.335,42.2800,292
53462322955534,14:51:02.322,42.2800,100
53542016548336,14:52:22.016,42.2300,100
53542017331034,14:52:22.017,42.2300,200
53596845976364,14:53:16.845,42.2000,300
53596879541470,14:53:16.879,42.1900,50
53596879566637,14:53:16.879,42.1900,250
53654790530253,14:54:14.790,42.1900,100
53672710240275,14:54:32.710,42.2000,200
53680285846138,14:54:40.285,42.2000,100
53766542273020,14:56:06.542,42.2000,50
53805202412420,14:56:45.202,42.1700,300
53902691400503,14:58:22.691,42.1600,100
54118224936905,15:01:58.224,42.1900,1
54313306478633,15:05:13.306,42.2400,100
54540024300771,15:09:00.024,42.2400,100
54598634495839,15:09:58.634,42.2700,100
54598994999623,15:09:58.994,42.2700,100
54600083849932,15:10:00.083,42.2700,100
54665940127167,15:11:05.940,42.3300,100
54674058192535,15:11:14.058,42.3300,100
54761346384349,15:12:41.346,42.3200,200
55095603982989,15:18:15.603,42.3100,67
55095604634359,15:18:15.604,42.3100,200
55389002601404,15:23:09.002,42.3200,100
55542183864729,15:25:42.183,42.3300,100
55612972197624,15:26:52.972,42.3300,200
55672821750345,15:27:52.821,42.3300,200
55748865916522,15:29:08.865,42.3100,188
55748865945939,15:29:08.865,42.3100,12
55753150720887,15:29:13.150,42.3100,100
55857981679333,15:30:57.981,42.3500,100
56133447329661,15:35:33.447,42.3500,500
56133447329661,15:35:33.447,42.3500,89
56171003211171,15:36:11.003,42.3600,100
56171857425028,15:36:11.857,42.3600,100
56211240407541,15:36:51.240,42.3600,100
56363232021102,15:39:23.232,42.3600,100
56808676925724,15:46:48.676,42.3600,62
56879460574678,15:47:59.460,42.3700,28
56934335436526,15:48:54.335,42.3800,100
56934335440472,15:48:54.335,42.3800,100
57296090517417,15:54:56.090,42.4300,200
57357471746669,15:55:57.471,42.3700,200
57380501804618,15:56:20.501,42.3750,100
57380501804618,15:56:20.501,42.3750,100
57380507351231,15:56:20.507,42.3750,100
57380507351231,15:56:20.507,42.3800,400
57380507351231,15:56:20.507,42.3800,200
57380507351231,15:56:20.507,42.3800,100
57380507351231,15:56:20.507,42.3800,1800
57380507351231,15:56:20.507,42.3800,200
57380507351231,15:56:20.507,42.3800,200
57380507351231,15:56:20.507,42.3800,100
57380507351231,15:56:20.507,42.3800,500
57380507351231,15:56:20.507,42.3800,100
57422927968303,15:57:02.927,42.3600,200
57450868831710,15:57:30.868,42.3700,100
57523026142326,15:58:43.026,42.3700,51
57541313788968,15:59:01.313,42.3600,200
57550018279393,15:59:10.018,42.3400,100
57550018279393,15:59:10.018,42.3400,200
57559674549585,15:59:19.674,42.3100,100
57559674875798,15:59:19.674,42.3100,100
57570536131510,15:59:30.536,42.3000,100
57573990946329,15:59:33.990,42.3100,100
57576057513824,15:59:36.057,42.3000,100
57587607184178,15:59:47.607,42.3100,200
57587607184178,15:59:47.607,42.3100,116
57590230642619,15:59:50.230,42.3000,36
57594244766986,15:59:54.244,42.3000,64
57600407589377,16:00:00.407,0.0000,0
