timestamp,time,price,volume
34200951057420,09:30:00.951,0.0000,0
34342058520516,09:32:22.058,22.2500,100
34342058520516,09:32:22.058,22.2500,47
34342281396781,09:32:22.281,22.1600,100
34548281488900,09:35:48.281,21.9800,17
34683595220881,09:38:03.595,22.1000,100
34684025769137,09:38:04.025,22.0400,53
34684026000968,09:38:04.026,22.0400,47
34774953274164,09:39:34.953,22.1700,35
34774953298559,09:39:34.953,22.1700,65
34891610455747,09:41:31.610,22.1800,100
35037085707891,09:43:57.085,22.1900,100
35393457316090,09:49:53.457,22.1700,8
35393986988593,09:49:53.986,22.2000,140
35583145975626,09:53:03.145,22.2000,100
36005967113399,10:00:05.967,22.1100,90
36012698763374,10:00:12.698,22.0800,100
36018234210150,10:00:18.234,22.0800,100
36028932265421,10:00:28.932,22.1400,100
36028932865173,10:00:28.932,22.1600,83
36130055416051,10:02:10.055,22.1400,100
36360109916616,10:06:00.109,22.0900,50
36360109978442,10:06:00.109,22.0900,50
36360110001103,10:06:00.110,22.0900,50
36360111399328,10:06:00.111,22.1100,100
36419854459981,10:06:59.854,22.1900,100
36419854459981,10:06:59.854,22.2000,100
36419854576879,10:06:59.854,22.2000,100
36419880539301,10:06:59.880,22.2400,100
36419882602469,10:06:59.882,22.2400,100
36421156016227,10:07:01.156,22.2300,5
37087580531574,10:18:07.580,22.0900,100
37877550589248,10:31:17.550,22.3400,100
37877551218558,10:31:17.551,22.3100,100
37877581262468,10:31:17.581,22.3700,100
38184935963628,10:36:24.935,22.3400,100
38184935963628,10:36:24.935,22.3400,18
38443603036980,10:40:43.603,22.2600,100
38670583774128,10:44:30.583,22.1800,10
38713476167979,10:45:13.476,22.1500,100
38857918481215,10:47:37.918,22.1200,4
39130052337121,10:52:10.052,22.0400,25
39246842339876,10:54:06.842,22.0900,200
39246842793293,10:54:06.842,22.0900,23
39246843139327,10:54:06.843,22.1000,21
39246843139327,10:54:06.843,22.1000,100
39246843139327,10:54:06.843,22.1000,100
39246964339453,10:54:06.964,22.1000,100
39246964339453,10:54:06.964,22.1100,13
39246964339453,10:54:06.964,22.1100,100
39246964339453,10:54:06.964,22.1100,100
39246964339453,10:54:06.964,22.1100,100
39246964339453,10:54:06.964,22.1100,12
39246964369839,10:54:06.964,22.1100,88
39246964369839,10:54:06.964,22.1100,12
39246965241512,10:54:06.965,22.1200,5
39246965241512,10:54:06.965,22.1200,100
39305034561848,10:55:05.034,22.1300,100
39305051730943,10:55:05.051,22.1100,1
39663492173124,11:01:03.492,22.0600,100
39663792827256,11:01:03.792,22.0700,100
39698625744340,11:01:38.625,22.0500,100
39708286970240,11:01:48.286,22.0000,100
39779013493119,11:02:59.013,21.9700,4
39878588087445,11:04:38.588,21.9600,100
40088937558605,11:08:08.937,21.9200,100
40158094195254,11:09:18.094,21.9100,26
40158094217025,11:09:18.094,21.9100,24
40158094276276,11:09:18.094,21.9100,50
40158094775491,11:09:18.094,21.9100,100
40197109385638,11:09:57.109,21.9200,48
40200153540273,11:10:00.153,21.9200,52
40200153540273,11:10:00.153,21.9200,20
40202235463478,11:10:02.235,21.9200,11
40220104525870,11:10:20.104,21.9200,89
40220104525870,11:10:20.104,21.9200,12
40289230863148,11:11:29.230,21.8800,100
40375395576361,11:12:55.395,21.8800,10
40379141142727,11:12:59.141,21.8500,100
40463595767634,11:14:23.595,21.8700,100
40463600593779,11:14:23.600,21.8800,100
40463600593779,11:14:23.600,21.8800,100
40463600593779,11:14:23.600,21.8800,100
40463984197151,11:14:23.984,21.8500,28
40517879562069,11:15:17.879,21.8500,100
40764241323769,11:19:24.241,21.8200,100
40764242552514,11:19:24.242,21.8100,100
40764242576529,11:19:24.242,21.8100,1
40764242576529,11:19:24.242,21.8100,1
40764246643456,11:19:24.246,21.8000,1
40765258803749,11:19:25.258,21.7900,100
40921727089767,11:22:01.727,21.7600,100
41028216199307,11:23:48.216,21.7800,100
41028216199307,11:23:48.216,21.7800,100
41028218038883,11:23:48.218,21.8000,100
41028218038883,11:23:48.218,21.8000,100
41028218907420,11:23:48.218,21.8000,100
41474403712682,11:31:14.403,21.7500,99
41474404231040,11:31:14.404,21.7200,90
41580102044073,11:33:00.102,21.8000,1
41580106086140,11:33:00.106,21.8100,100
41580140556589,11:33:00.140,21.8200,100
41580237731181,11:33:00.237,21.8300,100
41590712103179,11:33:10.712,21.8600,40
41590712103179,11:33:10.712,21.8600,2
41719790764276,11:35:19.790,21.9000,10
41787215109925,11:36:27.215,21.8700,1
41787215129013,11:36:27.215,21.8700,20
41787215153714,11:36:27.215,21.8700,1
41787215354401,11:36:27.215,21.8700,2
41787215579211,11:36:27.215,21.8600,1
41787215579211,11:36:27.215,21.8600,67
41787215607547,11:36:27.215,21.8600,1
41787215900649,11:36:27.215,21.8600,98
42015950254142,11:40:15.950,21.8400,1
42015952662796,11:40:15.952,21.8200,1
42077478725128,11:41:17.478,21.7900,100
42463565515932,11:47:43.565,21.8600,100
42503053670644,11:48:23.053,21.8400,6
42542052729618,11:49:02.052,21.8400,29
42571352988132,11:49:31.352,21.8700,100
42573458102915,11:49:33.458,21.8900,100
42573959653030,11:49:33.959,21.9000,100
42753264282909,11:52:33.264,21.8400,65
42946927906972,11:55:46.927,21.8200,100
42958897695934,11:55:58.897,21.7500,200
42958897695934,11:55:58.897,21.7500,100
43156542665839,11:59:16.542,21.7000,100
43156621122187,11:59:16.621,21.6800,100
43283246223138,12:01:23.246,21.6600,21
43388078706849,12:03:08.078,21.6700,2
43496704679155,12:04:56.704,21.7100,100
43892629375712,12:11:32.629,21.7700,40
43992529298226,12:13:12.529,21.7800,100
43992529467075,12:13:12.529,21.7800,100
43995028276145,12:13:15.028,21.8000,33
43995028302049,12:13:15.028,21.8000,67
44040431028666,12:14:00.431,21.7900,92
44040431268857,12:14:00.431,21.7900,8
44191615649703,12:16:31.615,21.7700,1
44191643946013,12:16:31.643,21.7600,2
44191728808773,12:16:31.728,21.7600,100
44192432611119,12:16:32.432,21.7500,100
44211966177397,12:16:51.966,21.7500,100
44213451562796,12:16:53.451,21.7500,100
44352623581808,12:19:12.623,21.7100,200
44522510776646,12:22:02.510,21.7000,38
44522510776646,12:22:02.510,21.7000,62
44617502964996,12:23:37.502,21.6900,100
44706093994332,12:25:06.093,21.6900,33
44717102910934,12:25:17.102,21.6900,15
44835210473215,12:27:15.210,21.6700,100
44835210473215,12:27:15.210,21.6700,100
44862771417265,12:27:42.771,21.6600,68
44862771417265,12:27:42.771,21.6600,32
44876824139426,12:27:56.824,21.6900,100
44876893043483,12:27:56.893,21.7100,100
44876893043483,12:27:56.893,21.7100,100
44877062113174,12:27:57.062,21.7100,100
44943334949652,12:29:03.334,21.7100,2
45312407510425,12:35:12.407,21.7300,22
45312408063057,12:35:12.408,21.7300,5
45450180381371,12:37:30.180,21.7000,8
45740280366748,12:42:20.280,21.6700,1
45770684008439,12:42:50.684,21.6900,100
45770691362771,12:42:50.691,21.7100,2
45771506719185,12:42:51.506,21.7100,44
45887728378309,12:44:47.728,21.7100,5
45945300870434,12:45:45.300,21.7100,51
47066799227924,13:04:26.799,21.6900,100
47120316414537,13:05:20.316,21.7100,50
47120316441242,13:05:20.316,21.7100,50
47379783489245,13:09:39.783,21.7200,100
47379783514281,13:09:39.783,21.7200,100
47766142149178,13:16:06.142,21.7200,6
47868631835670,13:17:48.631,21.7250,43
47868631835670,13:17:48.631,21.7400,100
47868631835670,13:17:48.631,21.7400,157
47868631836678,13:17:48.631,21.7400,43
48046704473289,13:20:46.704,21.7300,1
48438684029059,13:27:18.684,21.6900,100
48438684891517,13:27:18.684,21.7000,10
48438691196293,13:27:18.691,21.7200,100
48438691221219,13:27:18.691,21.7200,25
48438691221219,13:27:18.691,21.7200,100
48438691221219,13:27:18.691,21.7200,100
48438691221219,13:27:18.691,21.7200,100
48438691221219,13:27:18.691,21.7200,100
48438691221219,13:27:18.691,21.7200,100
48438691852772,13:27:18.691,21.7200,40
48552547349583,13:29:12.547,21.7500,100
48552547349583,13:29:12.547,21.7500,13
48783554727370,13:33:03.554,21.7500,100
48784357429276,13:33:04.357,21.7500,100
49060636085051,13:37:40.636,21.7400,7
49494013833248,13:44:54.013,21.7000,1
49574266968761,13:46:14.266,21.7100,100
49917969366935,13:51:57.969,21.7000,100
49917969797334,13:51:57.969,21.7000,100
49917969927676,13:51:57.969,21.6950,100
50014698956191,13:53:34.698,21.7000,17
50014698956191,13:53:34.698,21.7000,83
50014763023299,13:53:34.763,21.6950,100
50015112009312,13:53:35.112,21.6900,100
50403202104820,14:00:03.202,21.7100,19
50403205098932,14:00:03.205,21.7200,2
50403205103455,14:00:03.205,21.7200,100
50403205108197,14:00:03.205,21.7200,24
50403205108197,14:00:03.205,21.7200,16
50403205115644,14:00:03.205,21.7200,84
50403205115644,14:00:03.205,21.7200,100
50403205115644,14:00:03.205,21.7200,14
50403218149185,14:00:03.218,21.7300,5
50446277656509,14:00:46.277,21.7600,100
50576398446325,14:02:56.398,21.8800,100
50585120021100,14:03:05.120,21.9000,100
50591524893517,14:03:11.524,21.9000,20
50700211603028,14:05:00.211,21.9400,100
50700212395373,14:05:00.212,21.9800,100
50700212395373,14:05:00.212,21.9800,100
50807274244138,14:06:47.274,22.0400,100
50807274476560,14:06:47.274,22.0400,13
50848230498025,14:07:28.230,22.0200,26
51019943956664,14:10:19.943,22.0000,100
51021192382297,14:10:21.192,21.9600,100
51021192382297,14:10:21.192,21.9500,200
51093364828403,14:11:33.364,21.9900,100
51093364828403,14:11:33.364,21.9900,123
51093366708010,14:11:33.366,22.0000,100
51093366708010,14:11:33.366,22.0000,100
51256395365594,14:14:16.395,22.1300,100
51362833724354,14:16:02.833,22.1400,100
51362835265933,14:16:02.835,22.1500,100
51362835293924,14:16:02.835,22.1500,25
51362835318350,14:16:02.835,22.1500,75
51362835318350,14:16:02.835,22.1500,25
51362835329162,14:16:02.835,22.1500,75
51362835329162,14:16:02.835,22.1500,25
51362835353229,14:16:02.835,22.1500,75
51367188941725,14:16:07.188,22.1900,67
51400197139747,14:16:40.197,22.1800,100
51420505271839,14:17:00.505,22.1500,4
51537807359397,14:18:57.807,22.1300,400
51537807359397,14:18:57.807,22.1300,100
51546884024816,14:19:06.884,22.1400,100
51971678770698,14:26:11.678,22.1300,4
51996556184090,14:26:36.556,22.1600,100
52037431341348,14:27:17.431,22.1800,134
52499251612832,14:34:59.251,22.2100,7
52499251624040,14:34:59.251,22.2100,93
52547452182598,14:35:47.452,22.2700,100
52566074593568,14:36:06.074,22.2500,14
52566074593568,14:36:06.074,22.2500,100
52581000570534,14:36:21.000,22.2600,35
52581000849812,14:36:21.000,22.2600,45
52728135243638,14:38:48.135,22.2700,100
52729001553449,14:38:49.001,22.2900,100
52729001578830,14:38:49.001,22.2900,7
52729007345002,14:38:49.007,22.2900,93
53028650231250,14:43:48.650,22.2900,40
53082942366371,14:44:42.942,22.3100,100
53111033843866,14:45:11.033,22.3500,4
53243248128997,14:47:23.248,22.4100,136
53303078497538,14:48:23.078,22.4500,50
53303082378153,14:48:23.082,22.5000,100
53303082378153,14:48:23.082,22.5000,100
53303088292312,14:48:23.088,22.5000,100
53303107369221,14:48:23.107,22.5100,100
53345661806585,14:49:05.661,22.4800,100
53364428350727,14:49:24.428,22.4700,100
53364721119998,14:49:24.721,22.4700,100
53364721119998,14:49:24.721,22.4600,100
53364721121058,14:49:24.721,22.4600,100
53364726429405,14:49:24.726,22.4500,100
53421282181254,14:50:21.282,22.4100,4
53421486537822,14:50:21.486,22.3900,100
53469234529447,14:51:09.234,22.3800,100
53542006976056,14:52:22.006,22.3900,50
53597116700225,14:53:17.116,22.4100,50
53597116716337,14:53:17.116,22.4100,36
53597116725816,14:53:17.116,22.4100,14
53680290653571,14:54:40.290,22.4000,100
53789706532119,14:56:29.706,22.4200,22
53909316439243,14:58:29.316,22.4100,44
53909316452979,14:58:29.316,22.4100,37
54085661775066,15:01:25.661,22.3900,102
54262689283133,15:04:22.689,22.3800,100
54303064700295,15:05:03.064,22.4000,100
54402201562453,15:06:42.201,22.3800,100
54402201625256,15:06:42.201,22.3800,14
54402201625256,15:06:42.201,22.3800,86
54485511636554,15:08:05.511,22.4100,100
54485511807818,15:08:05.511,22.4100,32
54485511807818,15:08:05.511,22.4100,14
54686504171246,15:11:26.504,22.3100,100
54909164264156,15:15:09.164,22.3300,100
54909164264156,15:15:09.164,22.3300,100
54910506238843,15:15:10.506,22.3400,100
55068520685613,15:17:48.520,22.4100,100
55068521176367,15:17:48.521,22.3900,15
55068531248432,15:17:48.531,22.4100,100
55069930561857,15:17:49.930,22.4100,100
55069930561857,15:17:49.930,22.4100,100
55282566877623,15:21:22.566,22.4300,40
55282566877623,15:21:22.566,22.4300,100
55282618652361,15:21:22.618,22.4400,100
55282618652361,15:21:22.618,22.4400,100
55282618652361,15:21:22.618,22.4400,100
55384148439574,15:23:04.148,22.4200,68
55434793211680,15:23:54.793,22.4300,100
55459490938866,15:24:19.490,22.4200,100
55459491016093,15:24:19.491,22.4400,100
55459491016093,15:24:19.491,22.4400,100
55470857018357,15:24:30.857,22.4300,10
55470857018357,15:24:30.857,22.4300,29
55470858511230,15:24:30.858,22.4300,43
55470858941540,15:24:30.858,22.4500,100
55470859002407,15:24:30.859,22.4500,30
55470889616663,15:24:30.889,22.4500,100
55470889616663,15:24:30.889,22.4500,28
55470889616663,15:24:30.889,22.4500,15
55504072226627,15:25:04.072,22.4600,42
55504072273053,15:25:04.072,22.4600,86
55510857140653,15:25:10.857,22.4700,100
55510857140653,15:25:10.857,22.4700,100
55512445746682,15:25:12.445,22.4800,100
55600033695937,15:26:40.033,22.5000,100
55612854288818,15:26:52.854,22.5000,100
55612855518732,15:26:52.855,22.5000,100
55612855518732,15:26:52.855,22.5000,100
55612992960687,15:26:52.992,22.5000,200
55673110769846,15:27:53.110,22.5100,100
55793069520839,15:29:53.069,22.4700,100
55793084216576,15:29:53.084,22.4700,200
55828566441456,15:30:28.566,22.4700,100
55833016510444,15:30:33.016,22.4800,100
55909622788925,15:31:49.622,22.5000,100
55909625137016,15:31:49.625,22.4900,10
55909625882994,15:31:49.625,22.4900,30
55909625886457,15:31:49.625,22.4900,30
55909626147130,15:31:49.626,22.4900,40
55909626187767,15:31:49.626,22.5000,100
55917603552177,15:31:57.603,22.5100,44
55917603558704,15:31:57.603,22.5100,56
55917603558704,15:31:57.603,22.5100,44
55917603562444,15:31:57.603,22.5100,56
55917603590501,15:31:57.603,22.5100,56
55917603849699,15:31:57.603,22.5100,44
56045670674434,15:34:05.670,22.4500,100
56052694571583,15:34:12.694,22.4300,100
56053239612752,15:34:13.239,22.4500,100
56061785791276,15:34:21.785,22.4500,100
56061785939810,15:34:21.785,22.4500,100
56061799133169,15:34:21.799,22.4500,100
56188234408885,15:36:28.234,22.4400,100
56188234408885,15:36:28.234,22.4400,12
56323518168323,15:38:43.518,22.4100,136
56323518168960,15:38:43.518,22.4100,28
56323521272467,15:38:43.521,22.4100,36
56323521272467,15:38:43.521,22.4100,100
56323521272467,15:38:43.521,22.4100,64
56323521782319,15:38:43.521,22.4100,29
56323526453021,15:38:43.526,22.4100,20
56345006895572,15:39:05.006,22.4200,76
56345007472565,15:39:05.007,22.4200,24
56380950611678,15:39:40.950,22.4000,100
56580115663907,15:43:00.115,22.3500,119
56626177070714,15:43:46.177,22.3600,100
56631815259553,15:43:51.815,22.3700,116
56631815259553,15:43:51.815,22.3700,48
56631815401038,15:43:51.815,22.3700,52
56631815401038,15:43:51.815,22.3700,48
56631815407294,15:43:51.815,22.3700,52
56730817394609,15:45:30.817,22.3900,60
56763114967515,15:46:03.114,22.3800,86
56763114977515,15:46:03.114,22.3800,14
56801193551017,15:46:41.193,22.3700,100
56808911635251,15:46:48.911,22.3700,100
56851504511766,15:47:31.504,22.3400,200
56852305931764,15:47:32.305,22.3400,100
56852305931764,15:47:32.305,22.3400,60
56946442290238,15:49:06.442,22.3300,4
56946442290238,15:49:06.442,22.3300,96
56946442835933,15:49:06.442,22.3300,4
57035854522565,15:50:35.854,22.3200,89
57035856288717,15:50:35.856,22.3200,11
57068319254560,15:51:08.319,22.3100,40
57068319254560,15:51:08.319,22.3100,100
57068319254560,15:51:08.319,22.3100,40
57079014595561,15:51:19.014,22.3100,100
57079014595561,15:51:19.014,22.3100,100
57079014595561,15:51:19.014,22.3100,100
57107891471346,15:51:47.891,22.3100,100
57107898868680,15:51:47.898,22.3100,100
57136611391499,15:52:16.611,22.3000,100
57201323294821,15:53:21.323,22.2500,100
57219843130632,15:53:39.843,22.2700,100
57219843130632,15:53:39.843,22.2700,70
57219843130632,15:53:39.843,22.2700,330
57219843466354,15:53:39.843,22.2700,70
57219843466354,15:53:39.843,22.2700,16
57219843644438,15:53:39.843,22.2700,84
57219843644438,15:53:39.843,22.2700,4
57219843662415,15:53:39.843,22.2700,29
57219843673862,15:53:39.843,22.2700,12
57219843695902,15:53:39.843,22.2700,100
57219843775603,15:53:39.843,22.2700,100
57219843851349,15:53:39.843,22.2700,100
57219843907070,15:53:39.843,22.2700,55
57272571043503,15:54:32.571,22.2900,100
57272571043503,15:54:32.571,22.2900,30
57289886580087,15:54:49.886,22.2900,100
57289886580087,15:54:49.886,22.2900,100
57310895172053,15:55:10.895,22.3000,100
57310895403210,15:55:10.895,22.3000,15
57338047823485,15:55:38.047,22.2900,84
57338051062236,15:55:38.051,22.2900,100
57338051062236,15:55:38.051,22.2900,100
57338051062236,15:55:38.051,22.2900,100
57353605774398,15:55:53.605,22.3000,20
57353605774398,15:55:53.605,22.3000,24
57353605774398,15:55:53.605,22.3000,5
57368041470019,15:56:08.041,22.3400,100
57404422028619,15:56:44.422,22.3200,16
57404422099850,15:56:44.422,22.3200,68
57426809493593,15:57:06.809,22.3100,100
57455371108085,15:57:35.371,22.3200,90
57458368326251,15:57:38.368,22.3200,10
57522635253539,15:58:42.635,22.3100,3
57526124912938,15:58:46.124,22.3200,19
57526972785950,15:58:46.972,22.3200,29
57534282895524,15:58:54.282,22.3200,65
57534283060151,15:58:54.283,22.3200,100
57541415769695,15:59:01.415,22.3300,100
57572202833404,15:59:32.202,22.3900,74
57572202862117,15:59:32.202,22.3900,26
57572202862117,15:59:32.202,22.3800,34
57573040227281,15:59:33.040,22.3900,100
57588103311780,15:59:48.103,22.4300,100
57600234634287,16:00:00.234,0.0000,0
