timestamp,time,price,volume
34200787727354,09:30:00.787,16.7600,1022
34546820361093,09:35:46.820,16.7200,100
34546820361093,09:35:46.820,16.7200,71
34546821733659,09:35:46.821,16.7100,100
34546821758373,09:35:46.821,16.6900,100
34546822123071,09:35:46.822,16.6900,35
34546822147106,09:35:46.822,16.6900,65
34546823299547,09:35:46.823,16.6800,100
34546823299547,09:35:46.823,16.6800,100
34549876534476,09:35:49.876,16.7200,4
34549927096209,09:35:49.927,16.7600,96
34584484478764,09:36:24.484,16.6500,5
34599197879898,09:36:39.197,16.6500,95
34599197879898,09:36:39.197,16.6200,5
34688547986749,09:38:08.547,16.6200,95
34688547986749,09:38:08.547,16.6200,5
34688594099142,09:38:08.594,16.6200,30
34953325026207,09:42:33.325,16.6300,100
34953325190805,09:42:33.325,16.6300,1
34953325190805,09:42:33.325,16.6200,100
34953325190805,09:42:33.325,16.6200,100
34953325190805,09:42:33.325,16.6200,99
35042247082274,09:44:02.247,16.6200,1
35042247082274,09:44:02.247,16.6100,99
35045822324082,09:44:05.822,16.6100,1
35045822324082,09:44:05.822,16.6100,68
35057161240936,09:44:17.161,16.6100,32
35186649700581,09:46:26.649,16.5900,100
35399306403007,09:49:59.306,16.5900,100
35399306798712,09:49:59.306,16.5900,38
35399307220782,09:49:59.307,16.5900,20
35400430246342,09:50:00.430,16.5900,42
35404122076962,09:50:04.122,16.5800,100
35404122540968,09:50:04.122,16.5800,100
35405570929105,09:50:05.570,16.5600,100
35406498085756,09:50:06.498,16.5500,100
35552582354588,09:52:32.582,16.5400,100
35552599229749,09:52:32.599,16.5400,100
35552734197644,09:52:32.734,16.5500,100
35685527242785,09:54:45.527,16.5400,100
35685527242785,09:54:45.527,16.5700,100
35685527269518,09:54:45.527,16.5700,100
35685527621568,09:54:45.527,16.5700,100
35685527621568,09:54:45.527,16.5700,100
35685527621568,09:54:45.527,16.5700,100
35685527721353,09:54:45.527,16.5700,100
35685575212999,09:54:45.575,16.5550,100
35764313352589,09:56:04.313,16.5400,100
35764313352589,09:56:04.313,16.5400,100
35764313352589,09:56:04.313,16.5400,100
35764318244003,09:56:04.318,16.5200,100
35764388097980,09:56:04.388,16.5100,100
35764524807346,09:56:04.524,16.5100,100
35764526191275,09:56:04.526,16.5000,100
36166705701109,10:02:46.705,16.5000,100
36166706786382,10:02:46.706,16.5000,100
36322406291575,10:05:22.406,16.4900,100
36322406291575,10:05:22.406,16.4900,244
36322406291575,10:05:22.406,16.4900,100
36322406291575,10:05:22.406,16.4900,100
36322406291575,10:05:22.406,16.4900,71
36427299001601,10:07:07.299,16.5000,100
36564209405080,10:09:24.209,16.5000,100
36637908342000,10:10:37.908,16.5100,200
36637908342000,10:10:37.908,16.5100,100
36637908342000,10:10:37.908,16.5100,100
36637910347815,10:10:37.910,16.5100,100
36651626481255,10:10:51.626,16.5200,1
36691463435703,10:11:31.463,16.5200,99
36691463435703,10:11:31.463,16.5200,1
36691463489497,10:11:31.463,16.5200,99
36691463670933,10:11:31.463,16.5200,99
36691463713301,10:11:31.463,16.5200,1
36784045984915,10:13:04.045,16.5400,100
36784046091173,10:13:04.046,16.5400,100
36784049242050,10:13:04.049,16.5300,10
36795647978268,10:13:15.647,16.5350,100
36796145108051,10:13:16.145,16.5400,10
36796145108051,10:13:16.145,16.5400,90
36798338624623,10:13:18.338,16.5400,10
36798338624623,10:13:18.338,16.5400,90
36798338682070,10:13:18.338,16.5400,10
36913752375302,10:15:13.752,16.5300,100
36913752375302,10:15:13.752,16.5300,100
36913752375302,10:15:13.752,16.5300,100
36913752375302,10:15:13.752,16.5300,100
36913752421575,10:15:13.752,16.5300,100
36913752421575,10:15:13.752,16.5300,100
36913752996964,10:15:13.752,16.5200,100
37214345653027,10:20:14.345,16.5150,100
37214345653027,10:20:14.345,16.5200,100
37214345653027,10:20:14.345,16.5200,200
37214345682711,10:20:14.345,16.5200,100
37214345931055,10:20:14.345,16.5300,2
37214345992189,10:20:14.345,16.5300,98
37215472532639,10:20:15.472,16.5500,100
37321775834117,10:22:01.775,16.5800,100
37682551067625,10:28:02.551,16.6000,100
37683299985011,10:28:03.299,16.6100,5
37683299985011,10:28:03.299,16.6100,100
37683299985011,10:28:03.299,16.6100,95
37683300013109,10:28:03.300,16.6100,5
37683302924380,10:28:03.302,16.6100,7
37683725585579,10:28:03.725,16.6150,100
37697883863846,10:28:17.883,16.6200,31
37781782816112,10:29:41.782,16.6200,69
37781783412701,10:29:41.783,16.6300,100
37781783412701,10:29:41.783,16.6300,100
37781783412701,10:29:41.783,16.6300,100
37806187134089,10:30:06.187,16.6600,100
37806187134089,10:30:06.187,16.6600,61
37806187134089,10:30:06.187,16.6600,100
37806187134089,10:30:06.187,16.6600,100
37806187134089,10:30:06.187,16.6600,100
37806187134089,10:30:06.187,16.6600,39
37806187162655,10:30:06.187,16.6600,61
37806187164619,10:30:06.187,16.6600,61
37806187269502,10:30:06.187,16.6600,39
37814658731483,10:30:14.658,16.6500,100
37814658731483,10:30:14.658,16.6500,100
37835896031432,10:30:35.896,16.6550,100
37835897830575,10:30:35.897,16.6600,100
37940314077314,10:32:20.314,16.6700,100
38089624140353,10:34:49.624,16.6900,100
38089624140353,10:34:49.624,16.6900,43
38104784485810,10:35:04.784,16.7000,1
38104785950895,10:35:04.785,16.7000,99
38104785976972,10:35:04.785,16.7000,100
38104786521246,10:35:04.786,16.7100,100
38304178901552,10:38:24.178,16.7200,100
38304178901552,10:38:24.178,16.7200,100
38304187975334,10:38:24.187,16.7200,100
38342132650334,10:39:02.132,16.7300,100
38400908908100,10:40:00.908,16.7700,100
38451703404075,10:40:51.703,16.7500,100
38451703404075,10:40:51.703,16.7500,44
38451704368307,10:40:51.704,16.7400,100
38451704368307,10:40:51.704,16.7400,100
38451704448943,10:40:51.704,16.7400,21
38451704498476,10:40:51.704,16.7400,79
38451704498476,10:40:51.704,16.7400,100
38453725637572,10:40:53.725,16.7300,100
38453725637572,10:40:53.725,16.7300,100
38484104537137,10:41:24.104,16.7300,100
38518241206691,10:41:58.241,16.7300,30
38518241231158,10:41:58.241,16.7300,70
38518241231158,10:41:58.241,16.7300,100
38518242139288,10:41:58.242,16.7100,100
38655203690016,10:44:15.203,16.7200,100
38655404535235,10:44:15.404,16.7200,100
38675474782335,10:44:35.474,16.7200,44
38836148540699,10:47:16.148,16.7000,100
38836148540699,10:47:16.148,16.7000,100
38836148540699,10:47:16.148,16.7000,100
39117695098627,10:51:57.695,16.7100,100
39223151407539,10:53:43.151,16.7000,44
39223151407539,10:53:43.151,16.7000,100
39223151407539,10:53:43.151,16.7000,100
39300141222616,10:55:00.141,16.7000,100
39300142139317,10:55:00.142,16.7100,100
39300142139317,10:55:00.142,16.7100,100
39300145128200,10:55:00.145,16.7100,10
39406740782266,10:56:46.740,16.7100,20
39466823741188,10:57:46.823,16.7100,24
39466823741188,10:57:46.823,16.7100,100
39466823901747,10:57:46.823,16.7100,100
39467392570663,10:57:47.392,16.7000,100
39663421913520,11:01:03.421,16.7200,7
39663421925091,11:01:03.421,16.7200,93
39663421925091,11:01:03.421,16.7200,29
39663422425127,11:01:03.422,16.7200,71
39663462234183,11:01:03.462,16.7200,100
39663638415945,11:01:03.638,16.7200,10
39664125498389,11:01:04.125,16.7300,40
40057816019936,11:07:37.816,16.7200,100
40057816019936,11:07:37.816,16.7200,100
40057816019936,11:07:37.816,16.7200,100
40057816019936,11:07:37.816,16.7200,100
40057816019936,11:07:37.816,16.7200,100
40057816019936,11:07:37.816,16.7200,100
40057816052544,11:07:37.816,16.7200,200
40057817189222,11:07:37.817,16.7100,100
40057817189222,11:07:37.817,16.7100,100
40057817189222,11:07:37.817,16.7100,100
40057817309173,11:07:37.817,16.7100,100
40057835420835,11:07:37.835,16.7100,100
40057838659673,11:07:37.838,16.7000,100
40154337295026,11:09:14.337,16.7050,100
40316104226326,11:11:56.104,16.6900,28
40316104387907,11:11:56.104,16.6900,72
40316104387907,11:11:56.104,16.6900,28
40316104653427,11:11:56.104,16.6900,24
40316104753765,11:11:56.104,16.6900,48
40320261800410,11:12:00.261,16.6800,100
40380003118052,11:13:00.003,16.6800,5
40380029917341,11:13:00.029,16.6800,95
40380029917341,11:13:00.029,16.6800,100
40380029917341,11:13:00.029,16.6800,100
40395559484701,11:13:15.559,16.6700,100
40500646665066,11:15:00.646,16.6800,9
40500646665066,11:15:00.646,16.6800,70
40500646665066,11:15:00.646,16.6800,10
40500646665066,11:15:00.646,16.6800,5
40500646665066,11:15:00.646,16.6800,10
40500646665066,11:15:00.646,16.6800,100
40500646665066,11:15:00.646,16.6800,96
40500646696180,11:15:00.646,16.6800,4
40500646849131,11:15:00.646,16.6800,60
40500646976306,11:15:00.646,16.6900,22
40500647360110,11:15:00.647,16.6800,22
40571882790691,11:16:11.882,16.6700,10
40571883983538,11:16:11.883,16.6700,76
40794466607084,11:19:54.466,16.6600,100
40794466607084,11:19:54.466,16.6600,100
40794466607084,11:19:54.466,16.6600,100
40794466607084,11:19:54.466,16.6600,100
40794466607084,11:19:54.466,16.6600,100
40794466607084,11:19:54.466,16.6600,100
40799922858496,11:19:59.922,16.6500,100
40799922858496,11:19:59.922,16.6500,17
40930294064312,11:22:10.294,16.6500,83
40934359917822,11:22:14.359,16.6400,100
40942532233113,11:22:22.532,16.6400,100
40942532233113,11:22:22.532,16.6400,100
40942532233113,11:22:22.532,16.6400,100
40952138546319,11:22:32.138,16.6300,100
41148888072027,11:25:48.888,16.6200,100
41148888072027,11:25:48.888,16.6200,34
41158930034425,11:25:58.930,16.6200,66
41158930034425,11:25:58.930,16.6200,34
41159832715936,11:25:59.832,16.6200,66
41159832715936,11:25:59.832,16.6200,34
41160481002146,11:26:00.481,16.6200,10
41236982656463,11:27:16.982,16.6200,50
41289263927336,11:28:09.263,16.6300,10
41289263927336,11:28:09.263,16.6300,6
41289263927336,11:28:09.263,16.6300,100
41289263927336,11:28:09.263,16.6300,200
41289263927336,11:28:09.263,16.6300,50
41289263982165,11:28:09.263,16.6300,100
41312378360600,11:28:32.378,16.6300,100
41325758547215,11:28:45.758,16.6200,6
41325758547215,11:28:45.758,16.6200,100
41427702005598,11:30:27.702,16.6100,5
41453628712370,11:30:53.628,16.6100,95
41453628712370,11:30:53.628,16.6100,5
41492190246136,11:31:32.190,16.6200,10
41499594765202,11:31:39.594,16.6300,10
41499594765202,11:31:39.594,16.6300,90
41499594819042,11:31:39.594,16.6300,10
41526402018494,11:32:06.402,16.6500,5
41526402018494,11:32:06.402,16.6500,100
41569166237279,11:32:49.166,16.6700,96
41569166237279,11:32:49.166,16.6700,100
41714490643396,11:35:14.490,16.6900,78
41714490643396,11:35:14.490,16.6900,17
41714490670475,11:35:14.490,16.6900,83
41714490670475,11:35:14.490,16.6900,10
41820157285468,11:37:00.157,16.7000,14
41820157285468,11:37:00.157,16.7000,100
41820157285468,11:37:00.157,16.7000,100
41820157285468,11:37:00.157,16.7000,100
41820157285468,11:37:00.157,16.7000,3
41820157285468,11:37:00.157,16.7000,100
41820157285468,11:37:00.157,16.7000,100
41820157285468,11:37:00.157,16.7000,78
41820157528619,11:37:00.157,16.7000,20
42039084388664,11:40:39.084,16.6900,100
42059964603660,11:40:59.964,16.6900,100
42059964603660,11:40:59.964,16.6900,100
42059964603660,11:40:59.964,16.6900,100
42059964603660,11:40:59.964,16.6900,100
42059964603660,11:40:59.964,16.6900,100
42059964603660,11:40:59.964,16.6900,100
42059964603660,11:40:59.964,16.6900,100
42060464899695,11:41:00.464,16.6800,100
42060464899695,11:41:00.464,16.6800,100
42060464899695,11:41:00.464,16.6800,100
42060510902304,11:41:00.510,16.6800,100
42068263195484,11:41:08.263,16.6800,100
42068263195484,11:41:08.263,16.6800,100
42068263195484,11:41:08.263,16.6800,100
42068263306053,11:41:08.263,16.6800,42
42068263698429,11:41:08.263,16.6800,58
42068264038555,11:41:08.264,16.6700,100
42233294481661,11:43:53.294,16.6800,5
42233294481661,11:43:53.294,16.6800,7
42233294481661,11:43:53.294,16.6800,100
42233294481661,11:43:53.294,16.6800,200
42233294497041,11:43:53.294,16.6800,100
42296388063042,11:44:56.388,16.6900,100
42564052878614,11:49:24.052,16.7100,100
42564055951718,11:49:24.055,16.7200,100
42564055951718,11:49:24.055,16.7200,40
42564056053052,11:49:24.056,16.7300,100
42567883852843,11:49:27.883,16.7100,100
42691545737311,11:51:31.545,16.7000,100
42691545811422,11:51:31.545,16.7000,100
42691545836192,11:51:31.545,16.7000,100
42691554222528,11:51:31.554,16.6900,35
42691554222528,11:51:31.554,16.6900,100
42691554257538,11:51:31.554,16.6900,100
42693915018448,11:51:33.915,16.6800,99
42693915154549,11:51:33.915,16.6800,1
42693915154549,11:51:33.915,16.6800,1
42693915207073,11:51:33.915,16.6800,99
42693915288365,11:51:33.915,16.6700,99
42693915429474,11:51:33.915,16.6700,1
43062231717628,11:57:42.231,16.6600,100
43062231816907,11:57:42.231,16.6600,100
43062231816907,11:57:42.231,16.6600,100
43068419229277,11:57:48.419,16.6500,34
43068419229277,11:57:48.419,16.6500,100
43068419229277,11:57:48.419,16.6500,100
43068419229277,11:57:48.419,16.6500,66
43069568390176,11:57:49.568,16.6500,34
43079219354290,11:57:59.219,16.6400,100
43091047460931,11:58:11.047,16.6400,100
43329765877342,12:02:09.765,16.6500,100
43329765877342,12:02:09.765,16.6500,100
43329765877342,12:02:09.765,16.6500,100
43329765877342,12:02:09.765,16.6500,40
43386212370079,12:03:06.212,16.6500,100
43386212370079,12:03:06.212,16.6500,100
43386212553896,12:03:06.212,16.6500,100
43578120841935,12:06:18.120,16.6400,5
43578120841935,12:06:18.120,16.6400,95
43763739810103,12:09:23.739,16.6600,95
43763739835185,12:09:23.739,16.6600,5
44514874147742,12:21:54.874,16.6600,100
44515002532971,12:21:55.002,16.6600,100
44535531411441,12:22:15.531,16.6600,100
44535531411441,12:22:15.531,16.6600,100
44697556197286,12:24:57.556,16.6700,10
44697556197286,12:24:57.556,16.6700,30
44697556197286,12:24:57.556,16.6700,50
44697556428087,12:24:57.556,16.6700,30
44704791031723,12:25:04.791,16.6600,100
45013503575104,12:30:13.503,16.6500,10
45301769836721,12:35:01.769,16.6500,90
45301769836721,12:35:01.769,16.6500,100
45301769836721,12:35:01.769,16.6500,100
45301769836721,12:35:01.769,16.6500,100
45301769836721,12:35:01.769,16.6500,100
45301769836721,12:35:01.769,16.6500,100
45301769836721,12:35:01.769,16.6500,100
45301770147521,12:35:01.770,16.6500,100
45311005000344,12:35:11.005,16.6400,100
45311005000344,12:35:11.005,16.6400,100
45311078703198,12:35:11.078,16.6400,100
45311079741601,12:35:11.079,16.6400,7
45353922649035,12:35:53.922,16.6400,100
45418234420885,12:36:58.234,16.6300,33
45418234420885,12:36:58.234,16.6300,67
45418234420885,12:36:58.234,16.6300,100
45570368337134,12:39:30.368,16.6300,29
45597834353170,12:39:57.834,16.6300,30
45710297784610,12:41:50.297,16.6300,41
45710297784610,12:41:50.297,16.6300,59
45713219670587,12:41:53.219,16.6300,41
45713219670587,12:41:53.219,16.6300,100
45713219670587,12:41:53.219,16.6300,100
45713219670587,12:41:53.219,16.6300,51
45713219792816,12:41:53.219,16.6300,49
45713220302978,12:41:53.220,16.6200,2
45713220302978,12:41:53.220,16.6200,89
45713220310847,12:41:53.220,16.6200,11
45713220310847,12:41:53.220,16.6200,40
45713515710356,12:41:53.515,16.6200,10
45716757360462,12:41:56.757,16.6200,25
45717464078974,12:41:57.464,16.6200,25
45717464078974,12:41:57.464,16.6200,100
45717464078974,12:41:57.464,16.6200,75
45717464416089,12:41:57.464,16.6200,25
45759554203226,12:42:39.554,16.6200,100
45759554203226,12:42:39.554,16.6200,30
45759554203226,12:42:39.554,16.6200,100
45900075083141,12:45:00.075,16.6300,10
46000843244573,12:46:40.843,16.6400,100
46018446562488,12:46:58.446,16.6500,72
46020433832120,12:47:00.433,16.6600,5
46020433966744,12:47:00.433,16.6600,100
46320049318553,12:52:00.049,16.6700,10
46535371962259,12:55:35.371,16.6700,63
46539578765183,12:55:39.578,16.6700,37
46539578765183,12:55:39.578,16.6700,100
46539578765183,12:55:39.578,16.6700,63
46539578824234,12:55:39.578,16.6700,37
46685237226189,12:58:05.237,16.6800,30
47111564460471,13:05:11.564,16.6700,79
47111698422400,13:05:11.698,16.6700,21
47111698422400,13:05:11.698,16.6700,44
47111698422400,13:05:11.698,16.6700,35
47112635525366,13:05:12.635,16.6700,20
47145550139911,13:05:45.550,16.6800,5
47145550139911,13:05:45.550,16.6800,10
47145550139911,13:05:45.550,16.6800,10
47145550139911,13:05:45.550,16.6800,15
47145550139911,13:05:45.550,16.6800,100
47145550139911,13:05:45.550,16.6800,100
47145550139911,13:05:45.550,16.6800,30
47145550139911,13:05:45.550,16.6800,1
47145551135639,13:05:45.551,16.6900,100
47148994337624,13:05:48.994,16.7000,100
47148994337624,13:05:48.994,16.7000,100
47204606899229,13:06:44.606,16.6900,100
47210933126641,13:06:50.933,16.6900,1
47248203447655,13:07:28.203,16.7100,100
47248203693401,13:07:28.203,16.7100,94
47248203698028,13:07:28.203,16.7100,6
47263699241826,13:07:43.699,16.7000,100
47291214747936,13:08:11.214,16.7000,85
47291214772930,13:08:11.214,16.7000,15
47815853936797,13:16:55.853,16.7000,80
48162941562808,13:22:42.941,16.7000,20
48162941562808,13:22:42.941,16.7000,100
48162941562808,13:22:42.941,16.7000,100
48162941562808,13:22:42.941,16.7000,100
48162941562808,13:22:42.941,16.7000,80
48162941692616,13:22:42.941,16.7000,20
48162941692616,13:22:42.941,16.7000,100
48163886667220,13:22:43.886,16.6900,100
48163886667220,13:22:43.886,16.6900,19
48163905152671,13:22:43.905,16.6900,81
48178362299480,13:22:58.362,16.6700,10
48178362299480,13:22:58.362,16.6700,90
48178405437538,13:22:58.405,16.6700,10
48312552831388,13:25:12.552,16.6600,10
48666551707169,13:31:06.551,16.6800,20
49020232925487,13:37:00.232,16.6600,5
49046564526765,13:37:26.564,16.6600,9
49166222306013,13:39:26.222,16.6600,7
49460562317408,13:44:20.562,16.6800,10
49460562317408,13:44:20.562,16.6800,100
49460562317408,13:44:20.562,16.6800,10
49460562317408,13:44:20.562,16.6800,100
49460562317408,13:44:20.562,16.6800,100
49460562317408,13:44:20.562,16.6800,10
49460565488681,13:44:20.565,16.6700,9
49828253823128,13:50:28.253,16.6600,79
49828253823128,13:50:28.253,16.6600,100
49828253823128,13:50:28.253,16.6600,100
49828253823128,13:50:28.253,16.6600,21
49828254200933,13:50:28.254,16.6600,79
49828254200933,13:50:28.254,16.6600,100
49828254200933,13:50:28.254,16.6600,100
49828254200933,13:50:28.254,16.6600,99
49828254200933,13:50:28.254,16.6600,100
49828254200933,13:50:28.254,16.6600,100
49828254200933,13:50:28.254,16.6600,100
49828254200933,13:50:28.254,16.6600,100
49828254266543,13:50:28.254,16.6600,100
50031235325829,13:53:51.235,16.6600,10
50055194409520,13:54:15.194,16.6800,10
50055194409520,13:54:15.194,16.6800,100
50055194409520,13:54:15.194,16.6800,100
50055194409520,13:54:15.194,16.6800,200
50131197573124,13:55:31.197,16.6800,100
50131197714677,13:55:31.197,16.6800,30
50131197917971,13:55:31.197,16.6800,37
50143058678682,13:55:43.058,16.6800,133
50143058678682,13:55:43.058,16.6800,67
50143058705529,13:55:43.058,16.6800,33
50143067288945,13:55:43.067,16.6800,100
50143068731139,13:55:43.068,16.6800,100
50145304832769,13:55:45.304,16.6700,100
50145304857379,13:55:45.304,16.6700,100
50145304857379,13:55:45.304,16.6700,100
50402718172247,14:00:02.718,16.6700,100
50402718172247,14:00:02.718,16.6700,99
50402718434766,14:00:02.718,16.6700,1
50402721061456,14:00:02.721,16.6600,23
50402747116875,14:00:02.747,16.6600,1
50402752467145,14:00:02.752,16.6600,51
50603027370011,14:03:23.027,16.7100,100
50603027560859,14:03:23.027,16.7100,7
50607147758579,14:03:27.147,16.7000,100
50631782172245,14:03:51.782,16.7300,34
50631782296735,14:03:51.782,16.7300,32
50631782324346,14:03:51.782,16.7300,2
50631782359105,14:03:51.782,16.7300,30
50635007564386,14:03:55.007,16.7300,2
50654186353688,14:04:14.186,16.7400,50
50703119183619,14:05:03.119,16.7700,100
50703213142766,14:05:03.213,16.7700,2
50703213215451,14:05:03.213,16.8000,100
50784781200495,14:06:24.781,16.7900,54
50784781249477,14:06:24.781,16.7900,46
50784781249477,14:06:24.781,16.7900,54
50784781585158,14:06:24.781,16.7900,46
50784781585158,14:06:24.781,16.7900,100
50784781585158,14:06:24.781,16.7900,54
50784781624251,14:06:24.781,16.7900,46
50784781668779,14:06:24.781,16.7900,100
50784781668779,14:06:24.781,16.7900,100
50791532313244,14:06:31.532,16.7900,100
50791532313244,14:06:31.532,16.7900,100
50840015493198,14:07:20.015,16.8100,100
50840026431569,14:07:20.026,16.8100,40
50840026792659,14:07:20.026,16.8200,100
50840026792659,14:07:20.026,16.8200,100
50840026792659,14:07:20.026,16.8200,10
50845059939089,14:07:25.059,16.8100,100
50860114368817,14:07:40.114,16.8000,60
50900101460394,14:08:20.101,16.8000,40
50900101460394,14:08:20.101,16.8000,100
50900101460394,14:08:20.101,16.8000,60
51028717542341,14:10:28.717,16.8000,40
51028717542341,14:10:28.717,16.8000,60
51028717611345,14:10:28.717,16.8000,40
51028717611345,14:10:28.717,16.8000,60
51028717842760,14:10:28.717,16.8000,40
51044475271988,14:10:44.475,16.7900,100
51065134737691,14:11:05.134,16.8000,30
51065134894081,14:11:05.134,16.8100,4
51066416598199,14:11:06.416,16.8100,30
51131793154938,14:12:11.793,16.8200,30
51131793154938,14:12:11.793,16.8200,100
51272325132148,14:14:32.325,16.8200,20
51272325132148,14:14:32.325,16.8300,80
51272325260512,14:14:32.325,16.8300,20
51272325260512,14:14:32.325,16.8300,100
51272363345712,14:14:32.363,16.8200,20
51272363521831,14:14:32.363,16.8300,20
51272363910935,14:14:32.363,16.8300,15
51272363937965,14:14:32.363,16.8300,5
51272364619226,14:14:32.364,16.8500,20
51300601816940,14:15:00.601,16.8400,100
51301252417163,14:15:01.252,16.8400,100
51460344403871,14:17:40.344,16.8300,100
51480035230446,14:18:00.035,16.8300,100
51480035230446,14:18:00.035,16.8300,100
51500821019011,14:18:20.821,16.8200,100
51514079842328,14:18:34.079,16.8100,100
51550582065968,14:19:10.582,16.8300,100
51580142165537,14:19:40.142,16.8100,100
51763174970402,14:22:43.174,16.8300,100
51763174970402,14:22:43.174,16.8300,10
51763174970402,14:22:43.174,16.8300,100
51763174970402,14:22:43.174,16.8300,8
51763174971543,14:22:43.174,16.8300,100
51763175150525,14:22:43.175,16.8300,100
51883580381538,14:24:43.580,16.8300,100
51883580595234,14:24:43.580,16.8300,100
51883580595234,14:24:43.580,16.8300,100
51959053386915,14:25:59.053,16.8200,20
51966366905666,14:26:06.366,16.8200,80
51966366905666,14:26:06.366,16.8200,100
51991035983805,14:26:31.035,16.8100,100
51991035983805,14:26:31.035,16.8100,87
51991036389406,14:26:31.036,16.8100,200
51991036796923,14:26:31.036,16.8000,3
51991036822263,14:26:31.036,16.8000,97
51991036822263,14:26:31.036,16.8000,100
52497851887842,14:34:57.851,16.8000,20
52497851887842,14:34:57.851,16.8000,20
52498088561544,14:34:58.088,16.8000,39
52578788952966,14:36:18.788,16.8000,61
52578788952966,14:36:18.788,16.8000,32
52578788952966,14:36:18.788,16.8000,100
52642586821951,14:37:22.586,16.8000,8
52642587176949,14:37:22.587,16.8100,100
52642587176949,14:37:22.587,16.8100,10
52642587176949,14:37:22.587,16.8100,20
52642613753522,14:37:22.613,16.8100,24
52642659240202,14:37:22.659,16.8100,20
52701257350046,14:38:21.257,16.8200,20
52701257350046,14:38:21.257,16.8200,100
52706451573500,14:38:26.451,16.8300,20
52836558156441,14:40:36.558,16.8300,95
52836558184891,14:40:36.558,16.8300,5
52836558184891,14:40:36.558,16.8300,100
52849269255036,14:40:49.269,16.8200,100
52849269255036,14:40:49.269,16.8200,100
52849269255036,14:40:49.269,16.8200,100
52900500384136,14:41:40.500,16.8200,100
52978043057550,14:42:58.043,16.8200,20
52996203843569,14:43:16.203,16.8200,76
52996203849092,14:43:16.203,16.8200,4
53089336721240,14:44:49.336,16.8400,20
53089336721240,14:44:49.336,16.8400,11
53089336747611,14:44:49.336,16.8400,89
53089336747611,14:44:49.336,16.8400,5
53089336833569,14:44:49.336,16.8400,94
53089336834073,14:44:49.336,16.8400,6
53095888251679,14:44:55.888,16.8600,5
53095888730376,14:44:55.888,16.8800,10
53166235066951,14:46:06.235,16.8800,21
53216218786155,14:46:56.218,16.8800,8
53216218786155,14:46:56.218,16.8800,100
53216244603039,14:46:56.244,16.8900,244
53219285772318,14:46:59.285,16.9000,24
53219286008761,14:46:59.286,16.9000,76
53219286008761,14:46:59.286,16.9000,49
53333877378872,14:48:53.877,16.8900,100
53333877378872,14:48:53.877,16.8900,100
53333877378872,14:48:53.877,16.8900,100
53333877603022,14:48:53.877,16.8900,100
53333878355155,14:48:53.878,16.8800,100
53465718863146,14:51:05.718,16.8700,100
53465718863146,14:51:05.718,16.8700,43
53465718863146,14:51:05.718,16.8700,100
53465718863146,14:51:05.718,16.8700,31
53465718878658,14:51:05.718,16.8700,69
53465739131859,14:51:05.739,16.8600,86
53519014741002,14:51:59.014,16.8500,20
53535164133658,14:52:15.164,16.8800,5
53535164133658,14:52:15.164,16.8800,100
53535165037811,14:52:15.165,16.8800,100
53596449908878,14:53:16.449,16.8900,10
53596846905895,14:53:16.846,16.9000,10
53596846905895,14:53:16.846,16.9000,90
53801571498473,14:56:41.571,16.9000,14
53801572987768,14:56:41.572,16.9000,6
54200785090770,15:03:20.785,16.9000,61
54200785090770,15:03:20.785,16.9000,39
54200785226608,15:03:20.785,16.9000,61
54200785226608,15:03:20.785,16.9000,100
54200785226608,15:03:20.785,16.9000,100
54200785226608,15:03:20.785,16.9000,100
54200785273205,15:03:20.785,16.9000,111
54200785393052,15:03:20.785,16.9000,89
54225137587863,15:03:45.137,16.9000,52
54225137587863,15:03:45.137,16.9000,10
54432029380038,15:07:12.029,16.8900,57
54491324716633,15:08:11.324,16.9100,20
54491324716633,15:08:11.324,16.9100,100
54491325052848,15:08:11.325,16.9100,100
54491498819677,15:08:11.498,16.9200,100
54541016935341,15:09:01.016,16.9400,1
54549570946097,15:09:09.570,16.9300,100
54549572412671,15:09:09.572,16.9300,100
54549572412671,15:09:09.572,16.9300,36
54549572412671,15:09:09.572,16.9300,100
54556235230199,15:09:16.235,16.9300,100
54572490669932,15:09:32.490,16.9300,100
54572490704943,15:09:32.490,16.9300,34
54572491581293,15:09:32.491,16.9200,100
54572491581293,15:09:32.491,16.9200,100
54601882273860,15:10:01.882,16.9200,1
54641646386611,15:10:41.646,16.9100,5
54664217739635,15:11:04.217,16.9000,100
54664217739635,15:11:04.217,16.9000,100
54664217739635,15:11:04.217,16.9000,14
54664217771032,15:11:04.217,16.9000,86
54669420509494,15:11:09.420,16.8900,300
54669420537443,15:11:09.420,16.8900,100
54674530560597,15:11:14.530,16.8900,100
54682529932957,15:11:22.529,16.8800,100
54774434041386,15:12:54.434,16.9000,14
54774434061839,15:12:54.434,16.9000,34
54774434071146,15:12:54.434,16.9000,35
54774443472628,15:12:54.443,16.9000,17
54774443472628,15:12:54.443,16.9000,68
54921909091665,15:15:21.909,16.9000,100
54921909091665,15:15:21.909,16.9000,10
54921909567850,15:15:21.909,16.9100,100
54921909567850,15:15:21.909,16.9100,100
54921909567850,15:15:21.909,16.9100,20
54921911518634,15:15:21.911,16.9200,4
54922045320000,15:15:22.045,16.9100,44
54922389190200,15:15:22.389,16.9100,3
55059506450742,15:17:39.506,16.9100,53
55059506450742,15:17:39.506,16.9100,100
55059506450742,15:17:39.506,16.9100,47
55059506685669,15:17:39.506,16.9100,53
55059506685669,15:17:39.506,16.9100,34
55059506685669,15:17:39.506,16.9100,8
55059507104339,15:17:39.507,16.9100,14
55059507104339,15:17:39.507,16.9100,100
55059507104339,15:17:39.507,16.9100,100
55059507575720,15:17:39.507,16.9100,100
55066113839769,15:17:46.113,16.9000,100
55066113839769,15:17:46.113,16.9000,100
55165650344202,15:19:25.650,16.9200,5
55165650344202,15:19:25.650,16.9200,95
55200071879769,15:20:00.071,16.9200,5
55200071879769,15:20:00.071,16.9200,100
55200071879769,15:20:00.071,16.9200,100
55200331987659,15:20:00.331,16.9200,20
55331670905957,15:22:11.670,16.9200,100
55331670905957,15:22:11.670,16.9200,100
55331671135094,15:22:11.671,16.9200,38
55331672043550,15:22:11.672,16.9200,62
55331672043550,15:22:11.672,16.9200,38
55331717047696,15:22:11.717,16.9200,100
55339204372193,15:22:19.204,16.9100,100
55344558173106,15:22:24.558,16.9200,100
55344558173106,15:22:24.558,16.9200,100
55344558426034,15:22:24.558,16.9200,100
55345438837400,15:22:25.438,16.9200,100
55345439137087,15:22:25.439,16.9200,100
55379721382393,15:22:59.721,16.9200,100
55416327227277,15:23:36.327,16.9200,56
55416763132462,15:23:36.763,16.9200,44
55416763132462,15:23:36.763,16.9200,34
55696857621263,15:28:16.857,16.9300,6
55726884224332,15:28:46.884,16.9400,100
55735874539884,15:28:55.874,16.9400,67
55738389463139,15:28:58.389,16.9500,2
55740274210193,15:29:00.274,16.9500,100
55740274210193,15:29:00.274,16.9500,100
55758881857233,15:29:18.881,16.9500,100
55758881857233,15:29:18.881,16.9500,100
55762964185725,15:29:22.964,16.9500,96
55762964185725,15:29:22.964,16.9500,100
55762964185725,15:29:22.964,16.9500,4
55762964213365,15:29:22.964,16.9500,96
55807182607459,15:30:07.182,16.9400,33
55807182607459,15:30:07.182,16.9400,67
55807182633609,15:30:07.182,16.9400,33
55807182633609,15:30:07.182,16.9400,34
55807938879335,15:30:07.938,16.9300,100
55835229440885,15:30:35.229,16.9200,100
55835229467245,15:30:35.229,16.9200,100
56071361407868,15:34:31.361,16.9100,30
56071361407868,15:34:31.361,16.9200,20
56071361407868,15:34:31.361,16.9200,50
56134536358931,15:35:34.536,16.9200,50
56134536358931,15:35:34.536,16.9200,40
56141168648114,15:35:41.168,16.9200,16
56236017839334,15:37:16.017,16.9100,44
56236017839334,15:37:16.017,16.9100,100
56236017839334,15:37:16.017,16.9100,100
56236017839334,15:37:16.017,16.9100,29
56236017839334,15:37:16.017,16.9100,100
56236017839334,15:37:16.017,16.9100,34
56236017839334,15:37:16.017,16.9100,65
56236017999738,15:37:16.017,16.9100,35
56236017999738,15:37:16.017,16.9100,65
56236018013331,15:37:16.018,16.9100,35
56236018013331,15:37:16.018,16.9100,100
56236018013331,15:37:16.018,16.9100,100
56236018013331,15:37:16.018,16.9100,100
56236115200952,15:37:16.115,16.8900,99
56317377328914,15:38:37.377,16.8900,100
56369370431758,15:39:29.370,16.8800,10
56411482454297,15:40:11.482,16.8900,30
56492764629205,15:41:32.764,16.8900,100
56492764711169,15:41:32.764,16.8900,100
56492764781463,15:41:32.764,16.8900,34
56492764781463,15:41:32.764,16.8900,66
56492767472775,15:41:32.767,16.8900,34
56507126780563,15:41:47.126,16.8800,90
56533980117168,15:42:13.980,16.8900,30
56533980117168,15:42:13.980,16.8900,10
56533980117168,15:42:13.980,16.8900,10
56533980117168,15:42:13.980,16.8900,18
56534026793653,15:42:14.026,16.8900,57
56560613696812,15:42:40.613,16.8900,95
56560613924551,15:42:40.613,16.8900,85
56560613958194,15:42:40.613,16.8900,15
56587902559611,15:43:07.902,16.9000,15
56698373374012,15:44:58.373,16.8900,10
56731231022028,15:45:31.231,16.9000,85
56731231022028,15:45:31.231,16.9000,100
56731231022028,15:45:31.231,16.9000,5
56731231022028,15:45:31.231,16.9000,1
56731231022028,15:45:31.231,16.9000,16
56731231022028,15:45:31.231,16.9000,10
56731231358744,15:45:31.231,16.9000,100
56731231759590,15:45:31.231,16.9100,100
56751377296593,15:45:51.377,16.9200,18
56777691199963,15:46:17.691,16.9200,68
56777691199963,15:46:17.691,16.9200,32
56816525528329,15:46:56.525,16.9200,57
57133457452984,15:52:13.457,16.9200,15
57160320804958,15:52:40.320,16.9000,19
57160320804958,15:52:40.320,16.9000,100
57160320804958,15:52:40.320,16.9000,100
57160320804958,15:52:40.320,16.9000,100
57160320804958,15:52:40.320,16.9000,100
57160320804958,15:52:40.320,16.9000,100
57160320804958,15:52:40.320,16.9000,100
57160320804958,15:52:40.320,16.9000,100
57160320804958,15:52:40.320,16.9000,100
57160320804958,15:52:40.320,16.9000,100
57160320804958,15:52:40.320,16.9000,100
57160321283641,15:52:40.321,16.9000,100
57160322194451,15:52:40.322,16.8900,100
57160322220862,15:52:40.322,16.8900,94
57233245556708,15:53:53.245,16.8800,1
57265571962668,15:54:25.571,16.8700,100
57265666482694,15:54:25.666,16.8700,48
57299206347466,15:54:59.206,16.8700,17
57300215442240,15:55:00.215,16.8700,83
57300215442240,15:55:00.215,16.8700,100
57300215442240,15:55:00.215,16.8700,100
57300215748111,15:55:00.215,16.8700,100
57304950671369,15:55:04.950,16.8700,20
57307011915498,15:55:07.011,16.8800,32
57309367939931,15:55:09.367,16.8800,21
57315529887540,15:55:15.529,16.8800,10
57330471286735,15:55:30.471,16.8800,17
57371233875957,15:56:11.233,16.8800,20
57371233875957,15:56:11.233,16.8800,73
57404379004294,15:56:44.379,16.8800,15
57434477577950,15:57:14.477,16.8700,48
57434479423609,15:57:14.479,16.8700,52
57434479423609,15:57:14.479,16.8700,34
57434479423609,15:57:14.479,16.8700,100
57434479423609,15:57:14.479,16.8700,214
57434479423609,15:57:14.479,16.8700,300
57434479465620,15:57:14.479,16.8700,80
57434479465620,15:57:14.479,16.8700,11
57435716103830,15:57:15.716,16.8700,91
57435716103830,15:57:15.716,16.8700,2
57436745274113,15:57:16.745,16.8650,33
57439824491645,15:57:19.824,16.8700,22
57454221414861,15:57:34.221,16.8600,38
57454221414861,15:57:34.221,16.8600,62
57454222882457,15:57:34.222,16.8600,3
57455141259661,15:57:35.141,16.8650,12
57478568975770,15:57:58.568,16.8600,2
57478570773646,15:57:58.570,16.8600,3
57481508013280,15:58:01.508,16.8650,11
57494918450891,15:58:14.918,16.8700,76
57494918450891,15:58:14.918,16.8700,10
57494918450891,15:58:14.918,16.8700,52
57497424351760,15:58:17.424,16.8700,13
57509228274732,15:58:29.228,16.8700,12
57527230973509,15:58:47.230,16.8700,12
57532625463221,15:58:52.625,16.8650,25
57532625463221,15:58:52.625,16.8650,26
57532625463221,15:58:52.625,16.8650,49
57542579965910,15:59:02.579,16.8650,2
57542579965910,15:59:02.579,16.8650,4
57544570061454,15:59:04.570,16.8650,5
57545863233112,15:59:05.863,16.8700,13
57551953874914,15:59:11.953,16.8700,50
57551953874914,15:59:11.953,16.8700,10
57551953874914,15:59:11.953,16.8700,17
57553963526763,15:59:13.963,16.8700,10
57559243659906,15:59:19.243,16.8700,73
57559243659906,15:59:19.243,16.8700,75
57559243916373,15:59:19.243,16.8650,100
57567709957039,15:59:27.709,16.8700,25
57567709957039,15:59:27.709,16.8700,100
57567709957039,15:59:27.709,16.8700,100
57567709957039,15:59:27.709,16.8700,5
57567709957039,15:59:27.709,16.8700,9
57567709957039,15:59:27.709,16.8700,55
57567711917602,15:59:27.711,16.8700,26
57568752410575,15:59:28.752,16.8700,74
57568752410575,15:59:28.752,16.8700,26
57569830249069,15:59:29.830,16.8800,26
57570238673631,15:59:30.238,16.8800,74
57570238673631,15:59:30.238,16.8800,74
57570241458791,15:59:30.241,16.8800,11
57570241840885,15:59:30.241,16.8800,89
57576378373866,15:59:36.378,16.8900,36
57578354709116,15:59:38.354,16.8900,64
57578354709116,15:59:38.354,16.8900,36
57590925169037,15:59:50.925,16.8900,5
57590925169037,15:59:50.925,16.8900,6
57594850506479,15:59:54.850,16.8900,12
57597752712535,15:59:57.752,16.8700,5
57599900589142,15:59:59.900,16.8900,72
57599900589142,15:59:59.900,16.8900,100
57599900745661,15:59:59.900,16.9000,28
57600415509990,16:00:00.415,16.9000,47357
