timestamp,time,price,volume
34200425766107,09:30:00.425,33.4300,4860
34408521512398,09:33:28.521,33.4300,100
34572617451918,09:36:12.617,33.2700,4
34573255557022,09:36:13.255,33.2600,100
34573255557022,09:36:13.255,33.2600,81
34573255557022,09:36:13.255,33.2600,19
34573255629863,09:36:13.255,33.2600,81
34635646661872,09:37:15.646,33.2000,100
34709713278888,09:38:29.713,33.1800,100
34713506676318,09:38:33.506,33.2200,25
34713506676318,09:38:33.506,33.2300,75
34713506732614,09:38:33.506,33.2300,25
34713506732614,09:38:33.506,33.2300,75
34713506752658,09:38:33.506,33.2300,25
34713506821764,09:38:33.506,33.2300,75
34713506821764,09:38:33.506,33.2300,25
34713506893143,09:38:33.506,33.2300,75
34713506893143,09:38:33.506,33.2300,25
34945676414555,09:42:25.676,33.1800,10
34968631827844,09:42:48.631,33.1700,9
34968631886207,09:42:48.631,33.1700,91
34968631886207,09:42:48.631,33.1700,9
34968631940351,09:42:48.631,33.1700,91
34968631940351,09:42:48.631,33.1700,9
34968632122967,09:42:48.632,33.1700,84
34968632128437,09:42:48.632,33.1700,7
34968632128437,09:42:48.632,33.1700,66
34968632134026,09:42:48.632,33.1700,34
34992323009628,09:43:12.323,33.2300,100
34992932116502,09:43:12.932,33.1500,100
34992934133857,09:43:12.934,33.1400,100
35044672622860,09:44:04.672,33.1300,100
35044673724137,09:44:04.673,33.1200,1
35048619874036,09:44:08.619,33.1200,100
35083577508359,09:44:43.577,33.1200,100
35247554254560,09:47:27.554,33.1100,10
35290003391538,09:48:10.003,33.1100,90
35298418237812,09:48:18.418,33.1200,100
35298418568006,09:48:18.418,33.1200,100
35301925851894,09:48:21.925,33.1200,25
35301925851894,09:48:21.925,33.1300,85
35301925872667,09:48:21.925,33.1300,15
35301925872667,09:48:21.925,33.1300,10
35369727573103,09:49:29.727,33.0900,300
35369728133487,09:49:29.728,33.0900,29
35369728405812,09:49:29.728,33.0900,3
35369728432757,09:49:29.728,33.0900,97
35369728867443,09:49:29.728,33.0900,29
35369729851510,09:49:29.729,33.1200,13
35369729882981,09:49:29.729,33.1200,29
35378823877978,09:49:38.823,33.1100,100
35378825430781,09:49:38.825,33.1200,100
35378825572071,09:49:38.825,33.1200,100
35378826061225,09:49:38.826,33.1200,100
35378826168632,09:49:38.826,33.1200,100
35379845845724,09:49:39.845,33.0750,100
35379847665356,09:49:39.847,33.1200,200
35412012839420,09:50:12.012,33.0600,45
35413994992850,09:50:13.994,33.0800,2
35413996468549,09:50:13.996,33.0800,98
35664071117372,09:54:24.071,33.0200,10
35664071381837,09:54:24.071,33.0300,100
35679808543875,09:54:39.808,33.0500,46
35679808555404,09:54:39.808,33.0500,54
35773068606172,09:56:13.068,32.9500,100
35773068682271,09:56:13.068,32.9400,100
35773088914194,09:56:13.088,32.9400,100
35773088914194,09:56:13.088,32.9400,100
36061659659354,10:01:01.659,32.9200,42
36061659659354,10:01:01.659,32.9200,58
36072011728539,10:01:12.011,32.9300,100
36089303966015,10:01:29.303,32.9100,100
36109459685599,10:01:49.459,32.9000,100
36109461686126,10:01:49.461,32.9000,100
36113986421069,10:01:53.986,32.8900,100
36113986963223,10:01:53.986,32.8900,100
36126923207916,10:02:06.923,32.8800,38
36126923207916,10:02:06.923,32.8800,62
36126923752438,10:02:06.923,32.8800,38
36126923752438,10:02:06.923,32.8800,19
36126923752438,10:02:06.923,32.8800,43
36180758442722,10:03:00.758,32.8800,38
36180758442722,10:03:00.758,32.8800,19
36180758442722,10:03:00.758,32.8800,43
36192890556776,10:03:12.890,32.8800,74
36192890902343,10:03:12.890,32.8700,100
36370545665867,10:06:10.545,32.9900,100
36370546548502,10:06:10.546,32.9900,58
36370546578371,10:06:10.546,32.9900,42
36370852361126,10:06:10.852,33.0100,30
36370852411741,10:06:10.852,33.0100,70
36370852411741,10:06:10.852,33.0200,30
36370852438077,10:06:10.852,33.0100,70
36370852810154,10:06:10.852,33.0200,70
36370855035359,10:06:10.855,33.0200,100
36370855035359,10:06:10.855,33.0200,100
36449020142002,10:07:29.020,33.0000,100
36452840520489,10:07:32.840,32.9900,20
36452840757421,10:07:32.840,32.9900,80
36558202517231,10:09:18.202,33.0000,100
36558202566302,10:09:18.202,33.0000,50
36558202566302,10:09:18.202,33.0000,50
36558202578467,10:09:18.202,33.0000,50
36635921064554,10:10:35.921,33.0200,58
36635921262960,10:10:35.921,33.0200,17
36703566723830,10:11:43.566,33.0500,100
36708786259040,10:11:48.786,33.0600,200
36708868083283,10:11:48.868,33.0600,100
36708868141070,10:11:48.868,33.0600,50
36770902016219,10:12:50.902,32.9900,100
36806899757443,10:13:26.899,33.0400,4
36825380596165,10:13:45.380,32.9900,100
36933751613578,10:15:33.751,33.0000,100
36933751640616,10:15:33.751,33.0000,19
36987842040781,10:16:27.842,33.0000,100
36987842652776,10:16:27.842,33.0000,100
36996812809011,10:16:36.812,32.9800,100
36996812809011,10:16:36.812,32.9800,70
36996945011896,10:16:36.945,32.9800,30
37088481151985,10:18:08.481,33.0000,8
37088481442207,10:18:08.481,32.9900,100
37163132238928,10:19:23.132,33.0100,12
37321312768894,10:22:01.312,33.1200,100
37438884935169,10:23:58.884,33.2300,24
37731628746496,10:28:51.628,33.1900,100
37732864165163,10:28:52.864,33.1600,100
37809046963012,10:30:09.046,33.1600,100
37923750591527,10:32:03.750,33.1700,3
37923750619725,10:32:03.750,33.1700,97
37923755477460,10:32:03.755,33.1500,100
37923874699457,10:32:03.874,33.1400,100
37995483148447,10:33:15.483,33.1900,100
38095325765104,10:34:55.325,33.2400,1
38232448845840,10:37:12.448,33.2700,1
38232448875929,10:37:12.448,33.2700,45
38232449476812,10:37:12.449,33.2700,100
38234784994801,10:37:14.784,33.2600,11
38256031034506,10:37:36.031,33.2400,5
38256031188424,10:37:36.031,33.2300,91
38256031295517,10:37:36.031,33.2300,9
38256031295517,10:37:36.031,33.2300,56
38256031525177,10:37:36.031,33.2300,44
38256032407406,10:37:36.032,33.2300,100
38263458555500,10:37:43.458,33.2500,2
38263462526025,10:37:43.462,33.2500,100
38268502414311,10:37:48.502,33.2400,100
38268961114226,10:37:48.961,33.2200,100
38278311437968,10:37:58.311,33.1900,100
38306216912656,10:38:26.216,33.2400,2
38307227065394,10:38:27.227,33.2600,10
38450287045784,10:40:50.287,33.2300,2
38450287045784,10:40:50.287,33.2400,2
38450287045784,10:40:50.287,33.2400,96
38463655092865,10:41:03.655,33.2200,20
38490829404336,10:41:30.829,33.1600,5
38563266580784,10:42:43.266,33.1900,100
38657474094723,10:44:17.474,33.2000,100
38657474094723,10:44:17.474,33.2000,100
38657474094723,10:44:17.474,33.2000,10
38657477547686,10:44:17.477,33.2100,2
38657488284886,10:44:17.488,33.2000,100
38657509906483,10:44:17.509,33.2000,10
38657509970117,10:44:17.509,33.2000,90
38657532354720,10:44:17.532,33.2000,100
38666421592620,10:44:26.421,33.2100,2
38682134002915,10:44:42.134,33.1600,7
38682134031428,10:44:42.134,33.1600,93
38682134031428,10:44:42.134,33.1600,100
38682134031428,10:44:42.134,33.1600,37
38816256283096,10:46:56.256,33.1600,100
38847877592532,10:47:27.877,33.1500,100
38847878119584,10:47:27.878,33.1400,100
38861925615791,10:47:41.925,33.1100,100
38864924931489,10:47:44.924,33.1000,100
39113904201201,10:51:53.904,33.1400,90
39114549434168,10:51:54.549,33.1100,100
39128822787415,10:52:08.822,33.1000,5
39131270910759,10:52:11.270,33.0900,100
39141755325419,10:52:21.755,33.0900,100
39143401525779,10:52:23.401,33.0900,100
39191614685649,10:53:11.614,33.1100,10
39335476104114,10:55:35.476,33.1200,1
39336423669338,10:55:36.423,33.1200,1
39336431906484,10:55:36.431,33.1300,10
39338644038745,10:55:38.644,33.1300,100
39338644537935,10:55:38.644,33.1400,100
39466973233010,10:57:46.973,33.1300,5
39466973233010,10:57:46.973,33.1300,100
39466973233010,10:57:46.973,33.1300,61
39466973245486,10:57:46.973,33.1300,39
39466973926767,10:57:46.973,33.1100,66
39466973973359,10:57:46.973,33.1100,34
39471995255126,10:57:51.995,33.1100,1
39471999206769,10:57:51.999,33.1100,1
39484613296396,10:58:04.613,33.1200,100
39485574575527,10:58:05.574,33.1300,1
39510614645537,10:58:30.614,33.1700,3
39667828041294,11:01:07.828,33.2250,100
39716443525250,11:01:56.443,33.2300,25
39771665381831,11:02:51.665,33.2500,88
39871518305138,11:04:31.518,33.2200,5
40051813936454,11:07:31.813,33.2000,100
40052231355235,11:07:32.231,33.2100,100
40057225949972,11:07:37.225,33.2100,4
40057227261939,11:07:37.227,33.2200,3
40243187587130,11:10:43.187,33.2200,100
40287515548195,11:11:27.515,33.2100,36
40287515548195,11:11:27.515,33.2100,2
40287515580159,11:11:27.515,33.2100,3
40350575661124,11:12:30.575,33.2200,100
40427264797356,11:13:47.264,33.1800,13
40517776065213,11:15:17.776,33.1800,1
40566817468009,11:16:06.817,33.2300,10
40863819082210,11:21:03.819,33.2100,4
40909788219074,11:21:49.788,33.2100,96
40909788219074,11:21:49.788,33.2100,104
40909788248525,11:21:49.788,33.2100,96
40909788248525,11:21:49.788,33.2100,36
40909836889725,11:21:49.836,33.2100,32
40909837941528,11:21:49.837,33.2100,68
40909842426079,11:21:49.842,33.2100,1
40937526859983,11:22:17.526,33.2000,100
40937527240035,11:22:17.527,33.2000,200
40948293087368,11:22:28.293,33.2100,1
40948293087368,11:22:28.293,33.2100,100
40948293811774,11:22:28.293,33.2200,100
40948293811774,11:22:28.293,33.2200,3
40948293847588,11:22:28.293,33.2200,100
40948350997771,11:22:28.350,33.2100,70
40976292948486,11:22:56.292,33.2500,38
41045022432874,11:24:05.022,33.2600,1
41246988113072,11:27:26.988,33.2500,100
41246988113072,11:27:26.988,33.2500,100
41246988113072,11:27:26.988,33.2500,100
41247163842478,11:27:27.163,33.2500,100
41252976001637,11:27:32.976,33.2500,100
41252976482045,11:27:32.976,33.2500,3
41252976482045,11:27:32.976,33.2500,97
41252976575194,11:27:32.976,33.2500,3
41261258852502,11:27:41.258,33.2300,5
41261258852502,11:27:41.258,33.2300,100
41261259993593,11:27:41.259,33.2200,100
41261259993593,11:27:41.259,33.2200,100
41261260020619,11:27:41.260,33.2200,100
41261260926243,11:27:41.260,33.2100,37
41261949985068,11:27:41.949,33.2100,100
41261949985068,11:27:41.949,33.2100,100
41262932639979,11:27:42.932,33.2200,100
41263741505920,11:27:43.741,33.2200,1
41266939596686,11:27:46.939,33.2300,2
41266939596686,11:27:46.939,33.2300,98
41276232005304,11:27:56.232,33.2200,200
41414119019404,11:30:14.119,33.2250,100
41505154353167,11:31:45.154,33.2400,1
41523677302260,11:32:03.677,33.2500,98
41523677312689,11:32:03.677,33.2500,2
41523677317893,11:32:03.677,33.2500,2
41523677400083,11:32:03.677,33.2500,2
41564913229540,11:32:44.913,33.2500,98
41564913229540,11:32:44.913,33.2500,1
41571548463491,11:32:51.548,33.2400,54
41571548463491,11:32:51.548,33.2400,52
41571548463491,11:32:51.548,33.2400,19
41574549722715,11:32:54.549,33.2300,92
41574549749699,11:32:54.549,33.2300,8
41574550098520,11:32:54.550,33.2300,40
41574590046328,11:32:54.590,33.2300,60
41791843841913,11:36:31.843,33.2300,100
41791843888721,11:36:31.843,33.2200,100
41791844094424,11:36:31.844,33.2200,60
41791844122731,11:36:31.844,33.2200,40
41791844122731,11:36:31.844,33.2200,100
41791918952832,11:36:31.918,33.2300,3
41801924118878,11:36:41.924,33.2500,99
41801924118878,11:36:41.924,33.2500,100
41801924118878,11:36:41.924,33.2500,600
41801924118878,11:36:41.924,33.2500,2
41801924158379,11:36:41.924,33.2500,698
41806845285975,11:36:46.845,33.2400,100
41806848605918,11:36:46.848,33.2300,36
41806866189401,11:36:46.866,33.2300,1
41992199260197,11:39:52.199,33.2200,100
41992199260197,11:39:52.199,33.2200,100
41996664810128,11:39:56.664,33.2300,2
41998408302777,11:39:58.408,33.2300,83
42013828767303,11:40:13.828,33.2400,100
42133623405068,11:42:13.623,33.2500,1
42133623471667,11:42:13.623,33.2600,1
42146287053381,11:42:26.287,33.2500,100
42146330215813,11:42:26.330,33.2500,38
42170582330004,11:42:50.582,33.2100,25
42252370183072,11:44:12.370,33.2100,9
42252370183072,11:44:12.370,33.2100,91
42252375544921,11:44:12.375,33.2100,9
42252375544921,11:44:12.375,33.2100,35
42257975844670,11:44:17.975,33.2200,2
42257975844670,11:44:17.975,33.2200,10
42510619816852,11:48:30.619,33.2200,10
42510619816852,11:48:30.619,33.2100,43
42510620157915,11:48:30.620,33.2200,40
42523475784215,11:48:43.475,33.2400,1
42523475876663,11:48:43.475,33.2400,1
42523475876663,11:48:43.475,33.2400,100
42523475876663,11:48:43.475,33.2400,10
42533266362230,11:48:53.266,33.2500,62
42533266362230,11:48:53.266,33.2500,38
42533266446072,11:48:53.266,33.2500,43
42729210343476,11:52:09.210,33.2200,100
42729210376579,11:52:09.210,33.2200,5
42729210376579,11:52:09.210,33.2200,100
42792897510809,11:53:12.897,33.2500,19
42792897510809,11:53:12.897,33.2500,1
42792897510809,11:53:12.897,33.2500,1
42792897510809,11:53:12.897,33.2500,100
42792897510809,11:53:12.897,33.2500,200
42792897594895,11:53:12.897,33.2500,100
42792897594895,11:53:12.897,33.2500,202
42792898034221,11:53:12.898,33.2500,100
42945192893292,11:55:45.192,33.2300,95
42986370872010,11:56:26.370,33.2200,2
43111550851023,11:58:31.550,33.2200,2
43200185159703,12:00:00.185,33.2500,100
43200185159703,12:00:00.185,33.2500,1
43200185159703,12:00:00.185,33.2500,99
43200185507286,12:00:00.185,33.2500,1
43200185507286,12:00:00.185,33.2500,29
43200485683688,12:00:00.485,33.2500,61
43228530166730,12:00:28.530,33.2500,100
43277004915908,12:01:17.004,33.2400,52
43277004915908,12:01:17.004,33.2400,34
43283856848323,12:01:23.856,33.2300,2
43359185753679,12:02:39.185,33.2500,2
43359185753679,12:02:39.185,33.2500,100
43359863604053,12:02:39.863,33.2600,25
43359863761060,12:02:39.863,33.2600,75
43359863761060,12:02:39.863,33.2600,2
43361842830869,12:02:41.842,33.2700,100
43361842857530,12:02:41.842,33.2700,100
43361872938406,12:02:41.872,33.2800,100
43361872938406,12:02:41.872,33.2800,200
43374411083235,12:02:54.411,33.2800,2
43597667764875,12:06:37.667,33.2700,100
43597667764875,12:06:37.667,33.2700,3
43597668338466,12:06:37.668,33.2600,38
43661920565958,12:07:41.920,33.2800,100
43661923624515,12:07:41.923,33.3000,100
43661924124622,12:07:41.924,33.3000,100
43661924147216,12:07:41.924,33.3000,55
43665024160971,12:07:45.024,33.3000,100
43665074754886,12:07:45.074,33.3000,100
43668923770561,12:07:48.923,33.3000,40
43803624171090,12:10:03.624,33.3000,21
43803624180242,12:10:03.624,33.3000,39
43803624180242,12:10:03.624,33.3000,16
43803624184067,12:10:03.624,33.3000,55
43803624189318,12:10:03.624,33.3000,10
43803624825715,12:10:03.624,33.3000,19
43803624825715,12:10:03.624,33.3000,9
43803625921004,12:10:03.625,33.3000,91
43803625921004,12:10:03.625,33.3000,9
43803956732926,12:10:03.956,33.2900,100
43803956732926,12:10:03.956,33.2900,100
43803956762938,12:10:03.956,33.2900,100
43973579355813,12:12:53.579,33.3000,7
43973579383231,12:12:53.579,33.3000,84
43973579383231,12:12:53.579,33.3000,100
43973579459941,12:12:53.579,33.3000,100
43973579482941,12:12:53.579,33.3000,19
43973579745649,12:12:53.579,33.3000,26
43973640704523,12:12:53.640,33.3000,2
44060787165072,12:14:20.787,33.3000,29
44060787165072,12:14:20.787,33.3000,71
44060787239459,12:14:20.787,33.3000,29
44060787239459,12:14:20.787,33.3000,100
44060787925675,12:14:20.787,33.3000,20
44137258526669,12:15:37.258,33.3200,8
44137258561996,12:15:37.258,33.3200,92
44137259193824,12:15:37.259,33.3300,100
44137259238158,12:15:37.259,33.3300,100
44240027310505,12:17:20.027,33.3400,85
44240027329758,12:17:20.027,33.3400,15
44299308541118,12:18:19.308,33.3700,100
44299308733526,12:18:19.308,33.3600,20
44304590760193,12:18:24.590,33.3800,100
44498714228939,12:21:38.714,33.3600,30
44672596597219,12:24:32.596,33.3300,2
44672596626569,12:24:32.596,33.3300,98
44905082840903,12:28:25.082,33.2900,1
44964101963346,12:29:24.101,33.3200,100
44964161503712,12:29:24.161,33.3000,1
45129446025355,12:32:09.446,33.3100,100
45129446106005,12:32:09.446,33.2900,100
45129446106005,12:32:09.446,33.2900,100
45129503420461,12:32:09.503,33.2900,2
45216916208920,12:33:36.916,33.2900,3
45216916208920,12:33:36.916,33.2900,100
45216916208920,12:33:36.916,33.2900,100
45216916564028,12:33:36.916,33.2800,33
45216916618389,12:33:36.916,33.2800,67
45216917393350,12:33:36.917,33.2800,30
45216917523877,12:33:36.917,33.2800,70
45374427964901,12:36:14.427,33.2500,100
45506604865732,12:38:26.604,33.2400,6
45572351215657,12:39:32.351,33.2400,45
45652608468117,12:40:52.608,33.2400,2
45693547382602,12:41:33.547,33.2400,47
45693593947371,12:41:33.593,33.2500,2
45693593947371,12:41:33.593,33.2500,98
45695626025769,12:41:35.626,33.2500,2
45695626025769,12:41:35.626,33.2500,1
45710915034534,12:41:50.915,33.2300,200
45756998135716,12:42:36.998,33.2400,1
45756998143640,12:42:36.998,33.2400,1
45756998353613,12:42:36.998,33.2400,2
45756998453284,12:42:36.998,33.2400,2
45756998465455,12:42:36.998,33.2400,1
45756998488719,12:42:36.998,33.2400,1
45757000733567,12:42:37.000,33.2400,1
45763157432709,12:42:43.157,33.2600,19
45781814545077,12:43:01.814,33.2600,81
45842303900524,12:44:02.303,33.2400,3
45842321476657,12:44:02.321,33.2400,1
45882847181248,12:44:42.847,33.2400,28
45882847181248,12:44:42.847,33.2400,100
45989266314387,12:46:29.266,33.2700,100
46044606060834,12:47:24.606,33.2700,47
46044606291309,12:47:24.606,33.2700,53
46044606291309,12:47:24.606,33.2700,1
46044606822197,12:47:24.606,33.2700,100
46044606899340,12:47:24.606,33.2800,1
46049988730011,12:47:29.988,33.2900,2
46049988730011,12:47:29.988,33.2900,6
46195363140223,12:49:55.363,33.2600,100
46196654563873,12:49:56.654,33.2400,4
46269119047902,12:51:09.119,33.2500,100
46269419973333,12:51:09.419,33.2600,1
46354507243545,12:52:34.507,33.2700,1
46354507243545,12:52:34.507,33.2700,42
46438640047785,12:53:58.640,33.2500,100
46438640157504,12:53:58.640,33.2400,54
46438640274889,12:53:58.640,33.2400,46
46471101470166,12:54:31.101,33.2300,26
46471101477420,12:54:31.101,33.2300,52
46471101480067,12:54:31.101,33.2300,22
46541702679890,12:55:41.702,33.2200,40
46541702749664,12:55:41.702,33.2200,20
46541702783733,12:55:41.702,33.2200,20
46541762185665,12:55:41.762,33.2200,1
46545721919652,12:55:45.721,33.2200,19
46545721919652,12:55:45.721,33.2100,81
46572038562511,12:56:12.038,33.2300,22
46572038589705,12:56:12.038,33.2300,26
46572038589705,12:56:12.038,33.2300,100
46572039815500,12:56:12.039,33.2400,2
46646663767954,12:57:26.663,33.2600,1
46935174382739,13:02:15.174,33.2900,30
47110958605829,13:05:10.958,33.2900,100
47244043061559,13:07:24.043,33.3300,56
47348287432793,13:09:08.287,33.3400,5
47405338460932,13:10:05.338,33.3400,30
47405338460932,13:10:05.338,33.3400,70
47405338866088,13:10:05.338,33.3400,30
47405338866088,13:10:05.338,33.3400,100
47538554879870,13:12:18.554,33.3500,65
47655297319538,13:14:15.297,33.3300,1
47696003749993,13:14:56.003,33.3300,4
47696003809877,13:14:56.003,33.3300,95
47696003809877,13:14:56.003,33.3300,200
47696004338969,13:14:56.004,33.3200,12
47696008374217,13:14:56.008,33.3200,88
47842775638037,13:17:22.775,33.3100,6
47843711309139,13:17:23.711,33.3100,36
47845093694584,13:17:25.093,33.3100,2
48045962401169,13:20:45.962,33.2900,5
48045962401169,13:20:45.962,33.2900,29
48045962419350,13:20:45.962,33.2900,48
48045964037966,13:20:45.964,33.2900,23
48144845785332,13:22:24.845,33.3200,2
48144845785332,13:22:24.845,33.3300,3
48199702160726,13:23:19.702,33.3100,50
48199702160726,13:23:19.702,33.3100,50
48199702191976,13:23:19.702,33.3100,50
48271186105255,13:24:31.186,33.3200,4
48271186620206,13:24:31.186,33.3200,100
48271189104521,13:24:31.189,33.3000,7
48271189104521,13:24:31.189,33.3000,34
48460676692672,13:27:40.676,33.3100,10
48460676692672,13:27:40.676,33.3100,46
48460677275482,13:27:40.677,33.2900,15
48643066004797,13:30:43.066,33.2900,100
48665563945139,13:31:05.563,33.2800,10
48667549272267,13:31:07.549,33.3000,1
48667549272267,13:31:07.549,33.3000,4
48704919328786,13:31:44.919,33.2800,90
48704919328786,13:31:44.919,33.2800,100
48704919328786,13:31:44.919,33.2800,34
48756703387093,13:32:36.703,33.2900,44
48756703470525,13:32:36.703,33.2900,28
48917232009311,13:35:17.232,33.2800,200
49339118952300,13:42:19.118,33.2900,3
49339118952300,13:42:19.118,33.2900,44
49380206872745,13:43:00.206,33.2900,100
49380206872745,13:43:00.206,33.2900,200
49380206872745,13:43:00.206,33.2900,1
49380237116878,13:43:00.237,33.3000,100
49380237116878,13:43:00.237,33.3000,2
49517865082421,13:45:17.865,33.3000,5
49517865082421,13:45:17.865,33.3000,100
49517865082421,13:45:17.865,33.3000,100
49517865082421,13:45:17.865,33.3000,100
49517865082421,13:45:17.865,33.3000,95
49517865121221,13:45:17.865,33.3000,5
49532692028822,13:45:32.692,33.3100,1
49589215764936,13:46:29.215,33.3200,1
49647878168517,13:47:27.878,33.3100,23
49666514136965,13:47:46.514,33.3100,2
49746721330033,13:49:06.721,33.2900,100
49791514442731,13:49:51.514,33.3000,11
49806513355653,13:50:06.513,33.3100,1
49950635969325,13:52:30.635,33.2950,42
49952866567615,13:52:32.866,33.2900,7
49952866567615,13:52:32.866,33.2800,93
49983683856710,13:53:03.683,33.2900,100
49983683856710,13:53:03.683,33.2900,87
49983683860910,13:53:03.683,33.2900,13
49983683860910,13:53:03.683,33.2900,31
49983683871552,13:53:03.683,33.2900,69
49983684595593,13:53:03.684,33.2900,100
50156099696125,13:55:56.099,33.2900,14
50156099696125,13:55:56.099,33.2900,100
50156099696125,13:55:56.099,33.2900,86
50156099728784,13:55:56.099,33.2900,14
50156099728784,13:55:56.099,33.2900,100
50160333310751,13:56:00.333,33.2900,100
50402714730830,14:00:02.714,33.2800,100
50403541038430,14:00:03.541,33.2900,1
50408991140777,14:00:08.991,33.3500,35
50408991140777,14:00:08.991,33.3500,100
50408992403904,14:00:08.992,33.3500,28
50409001310731,14:00:09.001,33.3500,72
50409001310731,14:00:09.001,33.3500,28
50409002380691,14:00:09.002,33.3500,27
50409007779648,14:00:09.007,33.3500,45
50409007779648,14:00:09.007,33.3500,27
50409016352537,14:00:09.016,33.3500,47
50409016591717,14:00:09.016,33.3500,26
50409016591717,14:00:09.016,33.3500,47
50409026066117,14:00:09.026,33.3500,53
50409026066117,14:00:09.026,33.3500,20
50409026330709,14:00:09.026,33.3500,53
50409031323307,14:00:09.031,33.3500,27
50409031323307,14:00:09.031,33.3500,100
50409031323307,14:00:09.031,33.3500,73
50409031894523,14:00:09.031,33.3500,100
50409045611999,14:00:09.045,33.3500,100
50409045611999,14:00:09.045,33.3500,100
50409062621852,14:00:09.062,33.3500,100
50409080451108,14:00:09.080,33.3500,100
50409081550523,14:00:09.081,33.3500,100
50409099042090,14:00:09.099,33.3500,9
50409591683201,14:00:09.591,33.3500,18
50409618791312,14:00:09.618,33.3400,100
50416429074756,14:00:16.429,33.3900,100
50466829786615,14:01:06.829,33.3600,4
50471390900931,14:01:11.390,33.3600,96
50471390900931,14:01:11.390,33.3600,4
50539280826370,14:02:19.280,33.3800,52
50624188504221,14:03:44.188,33.4200,100
50624188696646,14:03:44.188,33.4300,100
50637261154772,14:03:57.261,33.4400,100
50637725241698,14:03:57.725,33.4500,100
50642018747658,14:04:02.018,33.4700,5
50652628428733,14:04:12.628,33.4700,100
50652628567687,14:04:12.628,33.4700,100
50710966266455,14:05:10.966,33.4900,1
50736589185722,14:05:36.589,33.4800,100
50736589200888,14:05:36.589,33.4700,5
50902255103070,14:08:22.255,33.4900,25
50922646540504,14:08:42.646,33.4800,100
50922646568374,14:08:42.646,33.4800,100
50922646587083,14:08:42.646,33.4800,41
50928306699913,14:08:48.306,33.4700,100
50997997047850,14:09:57.997,33.4600,100
50997997350463,14:09:57.997,33.4500,20
50997997354345,14:09:57.997,33.4500,41
50997997358490,14:09:57.997,33.4500,39
50997997759297,14:09:57.997,33.4400,12
51060978967260,14:11:00.978,33.4800,2
51061161345858,14:11:01.161,33.4900,4
51061161370230,14:11:01.161,33.4900,6
51118259636383,14:11:58.259,33.5000,1
51118259636383,14:11:58.259,33.5000,100
51118259636383,14:11:58.259,33.5000,99
51118259676497,14:11:58.259,33.5000,1
51118259869565,14:11:58.259,33.5100,1
51125658438465,14:12:05.658,33.4700,100
51145688442481,14:12:25.688,33.5200,1
51145688442481,14:12:25.688,33.5200,17
51166700442678,14:12:46.700,33.5000,61
51166700442678,14:12:46.700,33.4900,100
51166700442678,14:12:46.700,33.4900,39
51190906911143,14:13:10.906,33.5200,83
51215331890593,14:13:35.331,33.5300,1
51328700471072,14:15:28.700,33.5100,95
51328700758294,14:15:28.700,33.5100,5
51328700758294,14:15:28.700,33.5100,100
51339481692506,14:15:39.481,33.5100,14
51381756728218,14:16:21.756,33.5400,1
51381756728218,14:16:21.756,33.5400,3
51435500330766,14:17:15.500,33.5500,1
51435500330766,14:17:15.500,33.5500,58
51453669627010,14:17:33.669,33.5000,100
51453669627010,14:17:33.669,33.5000,66
51471658257911,14:17:51.658,33.5300,65
51485280821946,14:18:05.280,33.5300,100
51485280821946,14:18:05.280,33.5300,100
51485280821946,14:18:05.280,33.5300,100
51485493452426,14:18:05.493,33.5300,1
51490162163214,14:18:10.162,33.5500,100
51490162260351,14:18:10.162,33.5500,1
51519541160421,14:18:39.541,33.5300,100
51575730142093,14:19:35.730,33.5200,100
51582095883621,14:19:42.095,33.5400,1
51714951133109,14:21:54.951,33.5400,95
51736313471666,14:22:16.313,33.5400,5
51757224437618,14:22:37.224,33.5700,52
51813910079019,14:23:33.910,33.5400,100
51813910079019,14:23:33.910,33.5400,100
51813910079019,14:23:33.910,33.5300,58
51814213040071,14:23:34.213,33.5700,2
51828643021413,14:23:48.643,33.5800,51
51855419422642,14:24:15.419,33.5400,100
51893050466740,14:24:53.050,33.5300,100
51913638139261,14:25:13.638,33.5600,1
51934406325713,14:25:34.406,33.5300,100
51934406325713,14:25:34.406,33.5300,100
51985965512206,14:26:25.965,33.5200,1
51985965512206,14:26:25.965,33.5200,35
52043445607292,14:27:23.445,33.5200,1
52043446491127,14:27:23.446,33.5300,1
52050809601746,14:27:30.809,33.5200,100
52138394343202,14:28:58.394,33.4800,95
52138394374352,14:28:58.394,33.4800,5
52361235234106,14:32:41.235,33.4200,1
52427089353305,14:33:47.089,33.4200,3
52437665435396,14:33:57.665,33.4400,3
52437665454547,14:33:57.665,33.4500,20
52437665454547,14:33:57.665,33.4500,4
52437665454547,14:33:57.665,33.4500,76
52437665536925,14:33:57.665,33.4500,24
52437665887432,14:33:57.665,33.4500,100
52438130736198,14:33:58.130,33.4600,100
52438130736198,14:33:58.130,33.4600,8
52490182940093,14:34:50.182,33.5000,100
52566442939670,14:36:06.442,33.4600,100
52566443335892,14:36:06.443,33.4500,19
52566443356469,14:36:06.443,33.4500,81
52566443356469,14:36:06.443,33.4500,26
52566443360540,14:36:06.443,33.4500,36
52566443365075,14:36:06.443,33.4500,37
52566443365737,14:36:06.443,33.4500,1
52566443704298,14:36:06.443,33.4400,100
52638929958714,14:37:18.929,33.4700,1
52638929958714,14:37:18.929,33.4800,1
52706758307031,14:38:26.758,33.4900,10
52706758307031,14:38:26.758,33.4900,1
52706789640284,14:38:26.789,33.5000,44
52728236749660,14:38:48.236,33.5000,56
52728250246053,14:38:48.250,33.5100,100
52741183218357,14:39:01.183,33.5200,100
52755508272109,14:39:15.508,33.5100,92
52755508305640,14:39:15.508,33.5100,8
52755508305640,14:39:15.508,33.5100,100
52759495655119,14:39:19.495,33.4500,100
52771259147898,14:39:31.259,33.4600,100
52936913314046,14:42:16.913,33.4700,1
52941548689685,14:42:21.548,33.5000,100
52941548689685,14:42:21.548,33.5000,100
52944780970346,14:42:24.780,33.5200,1
52944780970346,14:42:24.780,33.5200,53
52986442545326,14:43:06.442,33.4800,50
52986442651007,14:43:06.442,33.4800,37
52986442812225,14:43:06.442,33.4800,13
53088605292271,14:44:48.605,33.5000,17
53088605292271,14:44:48.605,33.5100,83
53088605348335,14:44:48.605,33.5100,17
53088605348335,14:44:48.605,33.5100,1
53088611295032,14:44:48.611,33.5200,2
53088613349817,14:44:48.613,33.5100,2
53212598837485,14:46:52.598,33.5300,100
53212598874261,14:46:52.598,33.5300,1
53216037456013,14:46:56.037,33.5400,5
53216037456013,14:46:56.037,33.5400,5
53216037456013,14:46:56.037,33.5400,74
53216037484809,14:46:56.037,33.5400,26
53216037484809,14:46:56.037,33.5400,1
53252547904369,14:47:32.547,33.5500,100
53252548978797,14:47:32.548,33.5400,100
53260754368140,14:47:40.754,33.5500,62
53310222603018,14:48:30.222,33.5600,1
53458423542930,14:50:58.423,33.5200,100
53458423542930,14:50:58.423,33.5200,100
53522617081864,14:52:02.617,33.5300,2
53523034834379,14:52:03.034,33.5400,2
53523034834379,14:52:03.034,33.5400,2
53542285242246,14:52:22.285,33.5700,100
53551301876809,14:52:31.301,33.5800,59
53631875282863,14:53:51.875,33.6000,29
53742975759635,14:55:42.975,33.5800,2
53742975786069,14:55:42.975,33.5800,11
53790554332174,14:56:30.554,33.6000,371
53790554332174,14:56:30.554,33.6000,1
53790554621893,14:56:30.554,33.5900,100
53790554621893,14:56:30.554,33.6000,400
53790554621893,14:56:30.554,33.6000,100
53790554652824,14:56:30.554,33.6000,100
53790554833479,14:56:30.554,33.5800,27
53790554951669,14:56:30.554,33.5800,15
53790554995221,14:56:30.554,33.5800,85
53790554995221,14:56:30.554,33.5800,100
53790554995221,14:56:30.554,33.5800,100
53790555439135,14:56:30.555,33.5700,100
53790555501095,14:56:30.555,33.5800,100
53790555696954,14:56:30.555,33.5800,100
53790555767953,14:56:30.555,33.5800,30
53790555807218,14:56:30.555,33.5800,15
53790555855987,14:56:30.555,33.5800,55
53797832510453,14:56:37.832,33.6000,100
53797832844391,14:56:37.832,33.6000,100
53843353787306,14:57:23.353,33.6000,11
53850838937649,14:57:30.838,33.6000,67
53924272720813,14:58:44.272,33.6100,76
53924272720813,14:58:44.272,33.6100,91
54023962044264,15:00:23.962,33.6400,45
54023962203478,15:00:23.962,33.6400,45
54046106250658,15:00:46.106,33.6600,100
54046106250658,15:00:46.106,33.6600,100
54120999356245,15:02:00.999,33.6600,77
54120999382732,15:02:00.999,33.6600,23
54120999382732,15:02:00.999,33.6600,100
54120999382732,15:02:00.999,33.6600,100
54120999382732,15:02:00.999,33.6600,100
54121000490321,15:02:01.000,33.6400,10
54121000490321,15:02:01.000,33.6400,100
54121000490321,15:02:01.000,33.6400,100
54141198320477,15:02:21.198,33.6200,100
54155255968127,15:02:35.255,33.6500,1
54181222484197,15:03:01.222,33.6500,1
54209809033251,15:03:29.809,33.6300,100
54209809033251,15:03:29.809,33.6300,100
54209809033251,15:03:29.809,33.6300,100
54216634578593,15:03:36.634,33.6300,100
54226156271410,15:03:46.156,33.6400,1
54226156271410,15:03:46.156,33.6400,99
54226156302125,15:03:46.156,33.6400,1
54405081032865,15:06:45.081,33.6100,1
54405081032865,15:06:45.081,33.6100,41
54462703962996,15:07:42.703,33.6000,87
54463718908070,15:07:43.718,33.5900,5
54489231613650,15:08:09.231,33.6100,13
54534496725575,15:08:54.496,33.6200,2
54534496725575,15:08:54.496,33.6300,2
54534496725575,15:08:54.496,33.6300,96
54591943272649,15:09:51.943,33.6000,100
54617132805375,15:10:17.132,33.5900,100
54617132831636,15:10:17.132,33.5900,100
54657270535013,15:10:57.270,33.5500,42
54657270535013,15:10:57.270,33.5500,2
54657270579143,15:10:57.270,33.5500,98
54765432541055,15:12:45.432,33.5800,7
54765432541055,15:12:45.432,33.5800,8
54765433269899,15:12:45.433,33.5800,2
54765433269899,15:12:45.433,33.5800,10
54765433269899,15:12:45.433,33.5800,11
54814541514455,15:13:34.541,33.5800,9
54814541514455,15:13:34.541,33.5800,2
54909925949874,15:15:09.925,33.6000,2
54909926363234,15:15:09.926,33.6000,10
54909926363234,15:15:09.926,33.6000,20
54909926363234,15:15:09.926,33.6000,100
54915725175638,15:15:15.725,33.6000,20
54915725517117,15:15:15.725,33.6000,29
54915726108783,15:15:15.726,33.5900,100
54915726138426,15:15:15.726,33.5900,100
54915726449953,15:15:15.726,33.5900,100
54921896116163,15:15:21.896,33.5900,20
54921896116163,15:15:21.896,33.5900,2
54921900941822,15:15:21.900,33.5900,1
54921901133769,15:15:21.901,33.5900,2
54934683242031,15:15:34.683,33.6000,13
54934683644109,15:15:34.683,33.6000,20
54947827012409,15:15:47.827,33.6000,10
55035199271990,15:17:15.199,33.5900,5
55035199271990,15:17:15.199,33.5900,62
55040865185563,15:17:20.865,33.6200,63
55044230186187,15:17:24.230,33.5900,59
55052835835227,15:17:32.835,33.5900,41
55052836573118,15:17:32.836,33.5800,100
55052836573118,15:17:32.836,33.5800,100
55052836573118,15:17:32.836,33.5800,10
55070206756863,15:17:50.206,33.5600,59
55074710091625,15:17:54.710,33.5700,100
55074710952657,15:17:54.710,33.5800,2
55099710913345,15:18:19.710,33.5800,13
55183860793505,15:19:43.860,33.5900,100
55183860793505,15:19:43.860,33.5900,1
55206539288891,15:20:06.539,33.6100,1
55206539808237,15:20:06.539,33.6100,25
55206582170399,15:20:06.582,33.6100,100
55206582170399,15:20:06.582,33.6100,10
55206582170399,15:20:06.582,33.6100,1
55325513422535,15:22:05.513,33.5900,31
55325513472816,15:22:05.513,33.5900,69
55325513472816,15:22:05.513,33.5900,31
55325513501651,15:22:05.513,33.5900,34
55325879365990,15:22:05.879,33.5900,35
55346911228077,15:22:26.911,33.5800,100
55346911257268,15:22:26.911,33.5800,100
55364048205826,15:22:44.048,33.5900,100
55364048205826,15:22:44.048,33.5900,100
55364049037999,15:22:44.049,33.6000,68
55364049050598,15:22:44.049,33.6000,32
55452190406756,15:24:12.190,33.6050,100
55453848723436,15:24:13.848,33.5900,5
55453848723436,15:24:13.848,33.5900,95
55594599893149,15:26:34.599,33.5700,7
55594631173286,15:26:34.631,33.5800,35
55643586977518,15:27:23.586,33.5700,11
55646256556828,15:27:26.256,33.5500,6
55673247294927,15:27:53.247,33.5700,73
55674789160696,15:27:54.789,33.5800,100
55677167052387,15:27:57.167,33.5900,65
55762696414431,15:29:22.696,33.5600,1
55763962310305,15:29:23.962,33.5600,1
55770435810504,15:29:30.435,33.5800,100
55784038370024,15:29:44.038,33.5600,5
55791365069364,15:29:51.365,33.5800,1
55804462504802,15:30:04.462,33.5600,100
55816217609477,15:30:16.217,33.5400,100
55832632569888,15:30:32.632,33.5200,6
55885067656589,15:31:25.067,33.5300,5
55895235817514,15:31:35.235,33.5700,49
55895235821544,15:31:35.235,33.5700,10
55933930804345,15:32:13.930,33.5500,100
55948652400529,15:32:28.652,33.5300,1
56040219816459,15:34:00.219,33.5800,100
56048014357175,15:34:08.014,33.5500,100
56052934476906,15:34:12.934,33.5400,100
56088470210043,15:34:48.470,33.5200,29
56088470236554,15:34:48.470,33.5200,71
56110675633846,15:35:10.675,33.5300,83
56111596451549,15:35:11.596,33.5300,17
56241649113913,15:37:21.649,33.5300,5
56241649159443,15:37:21.649,33.5300,95
56241649159443,15:37:21.649,33.5300,1
56241649159443,15:37:21.649,33.5300,1
56241649444757,15:37:21.649,33.5200,2
56241649650337,15:37:21.649,33.5200,98
56241949909097,15:37:21.949,33.5200,100
56285436454150,15:38:05.436,33.5100,5
56329372987493,15:38:49.372,33.5400,51
56329373015347,15:38:49.373,33.5400,49
56399467276676,15:39:59.467,33.5200,5
56482302722699,15:41:22.302,33.5100,100
56483575625209,15:41:23.575,33.5000,10
56543439494840,15:42:23.439,33.4900,5
56543439494840,15:42:23.439,33.4900,1
56572569860531,15:42:52.569,33.5200,6
56601596250837,15:43:21.596,33.5400,1
56636334527540,15:43:56.334,33.5600,2
56636334527540,15:43:56.334,33.5600,6
56636334527540,15:43:56.334,33.5600,12
56660464055271,15:44:20.464,33.5700,100
56660467297933,15:44:20.467,33.5600,27
56660467297933,15:44:20.467,33.5500,73
56660468177102,15:44:20.468,33.5500,27
56661525421404,15:44:21.525,33.5500,27
56699198840403,15:44:59.198,33.5400,4
56699199369681,15:44:59.199,33.5400,96
56699199369681,15:44:59.199,33.5400,100
56699199369681,15:44:59.199,33.5400,100
56798637750391,15:46:38.637,33.5600,100
56798638121486,15:46:38.638,33.5600,200
56798638274306,15:46:38.638,33.5600,100
56798638713480,15:46:38.638,33.5500,10
56798638731049,15:46:38.638,33.5500,2
56836014460853,15:47:16.014,33.5300,100
56836014460853,15:47:16.014,33.5300,102
56856423613580,15:47:36.423,33.5300,5
56856423613580,15:47:36.423,33.5300,95
56856423845273,15:47:36.423,33.5300,5
56856725629262,15:47:36.725,33.5300,100
56866927357557,15:47:46.927,33.5300,8
56910382406706,15:48:30.382,33.5300,100
56910382406706,15:48:30.382,33.5300,100
56910382406706,15:48:30.382,33.5300,100
56925448643115,15:48:45.448,33.5200,7
56957261703246,15:49:17.261,33.5200,4
56962961627255,15:49:22.961,33.5300,198
56962961627255,15:49:22.961,33.5300,1
56962961965073,15:49:22.961,33.5400,37
56962962863980,15:49:22.962,33.5400,63
57013320029548,15:50:13.320,33.5200,55
57013320597283,15:50:13.320,33.5200,29
57013603099787,15:50:13.603,33.5200,12
57013634487432,15:50:13.634,33.5200,100
57014622369446,15:50:14.622,33.5100,10
57018645020284,15:50:18.645,33.5100,100
57038596227626,15:50:38.596,33.5300,1
57039138577069,15:50:39.138,33.5400,1
57039139590497,15:50:39.139,33.5400,100
57066298611525,15:51:06.298,33.5200,7
57109637924841,15:51:49.637,33.5200,100
57138880737185,15:52:18.880,33.5100,100
57138880737185,15:52:18.880,33.5100,96
57138881111972,15:52:18.881,33.5100,2
57138881120684,15:52:18.881,33.5100,2
57138881120684,15:52:18.881,33.5100,27
57138881131188,15:52:18.881,33.5100,49
57138881150604,15:52:18.881,33.5100,24
57138881619530,15:52:18.881,33.5100,196
57138881715992,15:52:18.881,33.5100,4
57143759423814,15:52:23.759,33.5100,100
57143759423814,15:52:23.759,33.5100,1
57143759423814,15:52:23.759,33.5100,18
57169817594189,15:52:49.817,33.4800,100
57169817594189,15:52:49.817,33.4800,100
57169818181158,15:52:49.818,33.4700,100
57169818213597,15:52:49.818,33.4700,49
57169818261918,15:52:49.818,33.4700,51
57190412272970,15:53:10.412,33.4800,42
57205973557812,15:53:25.973,33.4700,5
57205974174141,15:53:25.974,33.4700,95
57205974174141,15:53:25.974,33.4800,5
57245341715813,15:54:05.341,33.4600,100
57249178110690,15:54:09.178,33.4600,54
57270719545548,15:54:30.719,33.4600,29
57270719719816,15:54:30.719,33.4600,30
57270722026952,15:54:30.722,33.4600,77
57270722026952,15:54:30.722,33.4600,2
57270722026952,15:54:30.722,33.4600,121
57270740158557,15:54:30.740,33.4600,20
57274541017285,15:54:34.541,33.4600,100
57274541017285,15:54:34.541,33.4600,100
57280783489864,15:54:40.783,33.4500,75
57280783523607,15:54:40.783,33.4500,25
57280783523607,15:54:40.783,33.4500,100
57284300616518,15:54:44.300,33.4500,90
57300126813016,15:55:00.126,33.4600,100
57300156826750,15:55:00.156,33.4600,393
57300156826750,15:55:00.156,33.4600,7
57300172658297,15:55:00.172,33.4600,93
57300172659974,15:55:00.172,33.4900,100
57300226290090,15:55:00.226,33.4900,100
57300547210762,15:55:00.547,33.4700,100
57300547210762,15:55:00.547,33.4700,100
57303969902791,15:55:03.969,33.5200,100
57304994627215,15:55:04.994,33.5200,233
57304994658731,15:55:04.994,33.5200,67
57304994658731,15:55:04.994,33.5200,100
57308247451985,15:55:08.247,33.5200,100
57314986127078,15:55:14.986,33.5400,18
57334994015856,15:55:34.994,33.5300,100
57341753621372,15:55:41.753,33.5300,100
57344996620625,15:55:44.996,33.5400,3
57349998268809,15:55:49.998,33.5400,100
57351615328546,15:55:51.615,33.5400,2
57351615328546,15:55:51.615,33.5400,100
57351615386337,15:55:51.615,33.5400,100
57368931722793,15:56:08.931,33.5400,4
57370686220885,15:56:10.686,33.5500,100
57405784195770,15:56:45.784,33.5500,100
57406585790072,15:56:46.585,33.5500,141
57414991847467,15:56:54.991,33.5500,49
57414991847467,15:56:54.991,33.5500,29
57423743601390,15:57:03.743,33.5500,31
57434994346159,15:57:14.994,33.5500,10
57434994346159,15:57:14.994,33.5500,5
57447546787291,15:57:27.546,33.5500,95
57447546787291,15:57:27.546,33.5500,5
57452905409717,15:57:32.905,33.5500,4
57453381357964,15:57:33.381,33.5500,90
57453864244909,15:57:33.864,33.5500,1
57453864244909,15:57:33.864,33.5500,7
57453864244909,15:57:33.864,33.5500,91
57453864276525,15:57:33.864,33.5500,9
57460794479628,15:57:40.794,33.5500,100
57460794479628,15:57:40.794,33.5500,100
57464080104199,15:57:44.080,33.5600,5
57466898287865,15:57:46.898,33.5700,85
57480787176601,15:58:00.787,33.5700,50
57480787444375,15:58:00.787,33.5700,50
57480788729145,15:58:00.788,33.5700,10
57481127283743,15:58:01.127,33.5700,78
57497343527341,15:58:17.343,33.5600,19
57497350299670,15:58:17.350,33.5700,200
57524744183061,15:58:44.744,33.5800,1
57524744183061,15:58:44.744,33.5800,135
57524744891743,15:58:44.744,33.5800,100
57524756345450,15:58:44.756,33.5800,48
57526699783289,15:58:46.699,33.5800,117
57526699783289,15:58:46.699,33.5800,7
57526699783289,15:58:46.699,33.5900,85
57526699816413,15:58:46.699,33.5900,15
57526699816413,15:58:46.699,33.5900,165
57526699816413,15:58:46.699,33.5900,28
57532583363733,15:58:52.583,33.5900,90
57540831561529,15:59:00.831,33.5800,3
57546290816340,15:59:06.290,33.6000,10
57547956587862,15:59:07.956,33.6000,90
57547956587862,15:59:07.956,33.6000,10
57547956663943,15:59:07.956,33.6000,90
57547956663943,15:59:07.956,33.6000,11
57547956663943,15:59:07.956,33.6000,10
57551765348796,15:59:11.765,33.6100,100
57552412985612,15:59:12.412,33.6100,1
57554996173731,15:59:14.996,33.6200,6
57557352022135,15:59:17.352,33.6200,74
57559231356812,15:59:19.231,33.6200,100
57559231410321,15:59:19.231,33.6200,100
57559584202430,15:59:19.584,33.6300,100
57561868277676,15:59:21.868,33.6300,300
57563321368345,15:59:23.321,33.6300,100
57564867192693,15:59:24.867,33.6300,200
57569867871879,15:59:29.867,33.6400,12
57569867871879,15:59:29.867,33.6400,88
57569898654444,15:59:29.898,33.6400,12
57570360051218,15:59:30.360,33.6400,100
57580290489561,15:59:40.290,33.6500,17
57580376105181,15:59:40.376,33.6500,583
57580376105181,15:59:40.376,33.6500,17
57580655552906,15:59:40.655,33.6500,83
57580655552906,15:59:40.655,33.6500,6
57580878383038,15:59:40.878,33.6500,44
57581871295493,15:59:41.871,33.6500,50
57581871295493,15:59:41.871,33.6500,44
57584393650280,15:59:44.393,33.6400,100
57584400977181,15:59:44.400,33.6400,185
57584401284874,15:59:44.401,33.6400,15
57584401284874,15:59:44.401,33.6400,100
57584423078101,15:59:44.423,33.6400,100
57585784543041,15:59:45.784,33.6500,56
57585784543041,15:59:45.784,33.6500,44
57590774609365,15:59:50.774,33.6600,97
57594212852209,15:59:54.212,33.6500,10
57595598801238,15:59:55.598,33.6600,93
57597724604918,15:59:57.724,33.6500,46
57597803420660,15:59:57.803,33.6350,100
57597803420660,15:59:57.803,33.6300,44
57597911890925,15:59:57.911,33.6300,3
57599906903600,15:59:59.906,33.6400,100
57599906903600,15:59:59.906,33.6400,100
57599908699118,15:59:59.908,33.6400,100
57600247378996,16:00:00.247,33.6400,44191
