timestamp,time,price,volume
25046443149351,06:57:26.443,58.0500,327
25046443149351,06:57:26.443,58.0500,100
25046443149351,06:57:26.443,58.0500,119
25046443149351,06:57:26.443,58.0500,154
26334424464383,07:18:54.424,58.0800,100
26807487805513,07:26:47.487,58.0200,100
32430381522770,09:00:30.381,58.0000,158
32430381522770,09:00:30.381,58.0100,200
32430381522770,09:00:30.381,58.0100,29
33009581739801,09:10:09.581,58.1000,183
34015010147835,09:26:55.010,58.0000,100
34015010147835,09:26:55.010,58.0000,100
34085043207798,09:28:05.043,58.0100,82
34185007150484,09:29:45.007,58.0000,472
34185088960165,09:29:45.088,58.0000,100
34200804699047,09:30:00.804,58.0100,82
34200804722945,09:30:00.804,58.0100,3
34200804739761,09:30:00.804,58.0100,3
34200804880255,09:30:00.804,58.0100,3
34200927382025,09:30:00.927,0.0000,0
34201110005182,09:30:01.110,58.0100,509
34201110031597,09:30:01.110,58.0200,100
34201110090805,09:30:01.110,58.0200,14
34342531837768,09:32:22.531,57.9900,132
34342531837768,09:32:22.531,57.9900,68
34653059580955,09:37:33.059,57.9200,100
35231740161096,09:47:11.740,57.8500,100
35534298152202,09:52:14.298,57.8300,7
36013318173330,10:00:13.318,57.8000,75
36072934279516,10:01:12.934,57.7200,200
36194684243506,10:03:14.684,57.7200,10
36428033815755,10:07:08.033,57.7500,99
36452255310134,10:07:32.255,57.7300,9
37684534701388,10:28:04.534,57.6600,7
37867961189370,10:31:07.961,57.6550,16
38342134045637,10:39:02.134,57.6800,100
38527106903803,10:42:07.106,57.7000,8
38697481554867,10:44:57.481,57.8200,100
39167804833783,10:52:47.804,57.7000,7
39484135170772,10:58:04.135,57.6700,24
39722434371397,11:02:02.434,57.7000,100
39853509901537,11:04:13.509,57.7100,53
39853509926429,11:04:13.509,57.7100,47
39877209824094,11:04:37.209,57.7100,7
39877209824094,11:04:37.209,57.7100,100
39877209824094,11:04:37.209,57.7100,100
39934014750245,11:05:34.014,57.7200,100
39944120306589,11:05:44.120,57.7000,100
40056832181737,11:07:36.832,57.6800,100
40098480740808,11:08:18.480,57.6700,100
40308296095361,11:11:48.296,57.6800,34
40600772204305,11:16:40.772,57.6900,100
40600772283816,11:16:40.772,57.6900,7
40658517360918,11:17:38.517,57.7000,100
40679211158527,11:17:59.211,57.6700,100
41184476877443,11:26:24.476,57.6400,23
41205886143855,11:26:45.886,57.6800,100
41205886173925,11:26:45.886,57.6800,61
41293044887061,11:28:13.044,57.6900,100
41293046705853,11:28:13.046,57.7000,30
41343007551813,11:29:03.007,57.6900,30
41648368397781,11:34:08.368,57.7900,35
41670351034076,11:34:30.351,57.8000,200
41670351111427,11:34:30.351,57.8000,100
41676590163864,11:34:36.590,57.8000,100
41685300277741,11:34:45.300,57.7900,100
41685300303890,11:34:45.300,57.7900,100
41695335308191,11:34:55.335,57.7400,100
41695335308191,11:34:55.335,57.7500,100
41695335846672,11:34:55.335,57.7500,100
41695391685089,11:34:55.391,57.7500,100
41696538687267,11:34:56.538,57.7200,100
41696538749857,11:34:56.538,57.7200,24
41696538799229,11:34:56.538,57.7200,76
41696539368770,11:34:56.539,57.7200,100
41697419581774,11:34:57.419,57.6900,100
41697420079062,11:34:57.420,57.6900,56
41698229196553,11:34:58.229,57.6600,68
41698229205891,11:34:58.229,57.6600,32
41699086038212,11:34:59.086,57.6300,100
41699429450318,11:34:59.429,57.6200,100
41699429450318,11:34:59.429,57.6300,100
41699814291665,11:34:59.814,57.6100,100
41699814291665,11:34:59.814,57.6200,100
41699814291665,11:34:59.814,57.6200,100
41699815092565,11:34:59.815,57.6200,100
41699815149407,11:34:59.815,57.6200,100
41699815860129,11:34:59.815,57.6200,100
41699816026770,11:34:59.816,57.6200,100
41699816876412,11:34:59.816,57.6200,100
41700641663132,11:35:00.641,57.6100,100
41700641663132,11:35:00.641,57.6100,100
41700642664893,11:35:00.642,57.6200,100
41700643195948,11:35:00.643,57.6100,100
41700644837359,11:35:00.644,57.6200,100
41701087860037,11:35:01.087,57.6200,100
41701087860037,11:35:01.087,57.6200,100
41701865536206,11:35:01.865,57.6200,100
41701865536206,11:35:01.865,57.6200,100
41722066920365,11:35:22.066,57.6000,22
42696391658416,11:51:36.391,57.5500,63
42696391672294,11:51:36.391,57.5500,37
42696391672294,11:51:36.391,57.5400,38
42696391678563,11:51:36.391,57.5400,25
42696391683005,11:51:36.391,57.5400,37
42770327874777,11:52:50.327,57.5500,1
42789477428113,11:53:09.477,57.5700,10
43720595559655,12:08:40.595,57.5700,200
43720606152028,12:08:40.606,57.5800,100
43720606152028,12:08:40.606,57.5800,200
43720606152028,12:08:40.606,57.5800,200
43720606152028,12:08:40.606,57.5800,100
44696844566875,12:24:56.844,57.6200,100
44696844566875,12:24:56.844,57.6200,1
45127270492894,12:32:07.270,57.5800,10
45127270549374,12:32:07.270,57.5800,90
45127270549374,12:32:07.270,57.5800,100
45691242866701,12:41:31.242,57.5600,10
47184961913745,13:06:24.961,57.5600,100
47189968768474,13:06:29.968,57.5600,100
47888729692119,13:18:08.729,57.5300,100
47892007220889,13:18:12.007,57.5100,100
47892028213564,13:18:12.028,57.5000,22
48188174173892,13:23:08.174,57.4300,10
48274265857748,13:24:34.265,57.4200,100
48274265880673,13:24:34.265,57.4300,38
48274266110932,13:24:34.266,57.4300,48
48274266118918,13:24:34.266,57.4300,14
48274266118918,13:24:34.266,57.4300,100
48896640267108,13:34:56.640,57.4800,78
48896640272028,13:34:56.640,57.4800,22
48896640272028,13:34:56.640,57.4800,23
48896640504141,13:34:56.640,57.4800,77
49365264623421,13:42:45.264,57.4400,100
49945197731375,13:52:25.197,57.3800,17
49945197767825,13:52:25.197,57.3800,83
50008921913319,13:53:28.921,57.4100,100
50414592608308,14:00:14.592,57.4900,37
50414592613822,14:00:14.592,57.4900,41
50414592620693,14:00:14.592,57.4900,22
50414592730657,14:00:14.592,57.4900,22
50414592995024,14:00:14.592,57.4900,10
50415745852497,14:00:15.745,57.4900,20
50415746224819,14:00:15.746,57.4900,1
50600858424202,14:03:20.858,57.5700,100
50647413757522,14:04:07.413,57.5800,3
50647413757522,14:04:07.413,57.5800,10
51433594130947,14:17:13.594,57.7500,9
51900484042346,14:25:00.484,57.8600,139
52054387906486,14:27:34.387,57.8300,100
52148607078607,14:29:08.607,57.8000,5
52148607511415,14:29:08.607,57.8000,95
52440788285233,14:34:00.788,57.7800,1
52440788285233,14:34:00.788,57.7800,1
52645609980180,14:37:25.609,57.8500,100
52663245272784,14:37:43.245,57.8400,100
52663299789225,14:37:43.299,57.8200,100
53107147259219,14:45:07.147,57.9100,5
53232775585092,14:47:12.775,57.9400,10
53232775585092,14:47:12.775,57.9400,90
53445159752120,14:50:45.159,57.8900,17
53542158803983,14:52:22.158,57.9100,100
53542159275854,14:52:22.159,57.9200,74
53542159287535,14:52:22.159,57.9200,26
53562576647232,14:52:42.576,57.8900,100
53731752048790,14:55:31.752,57.9000,100
53731959993817,14:55:31.959,57.8800,100
54203154886232,15:03:23.154,57.8500,100
54264361056959,15:04:24.361,57.8500,100
54338611661395,15:05:38.611,57.8500,200
54601079454916,15:10:01.079,57.8100,100
54958521509099,15:15:58.521,57.7800,100
54967765193430,15:16:07.765,57.7800,100
54999140755265,15:16:39.140,57.7600,100
55016281553236,15:16:56.281,57.7500,100
55204103099248,15:20:04.103,57.7500,23
55476868354794,15:24:36.868,57.7600,200
55671214954539,15:27:51.214,57.7600,10
55784767685505,15:29:44.767,57.7600,78
55784767690090,15:29:44.767,57.7600,22
55822754890872,15:30:22.754,57.7300,25
55822754989170,15:30:22.754,57.7300,10
55822755005217,15:30:22.755,57.7300,5
55822755198412,15:30:22.755,57.7300,129
55822755289361,15:30:22.755,57.7200,13
55822755316705,15:30:22.755,57.7200,87
56054310137841,15:34:14.310,57.6900,100
56207199339648,15:36:47.199,57.6900,36
56395137599612,15:39:55.137,57.6800,100
56398069382630,15:39:58.069,57.6900,100
56481947800442,15:41:21.947,57.7000,100
56585785414094,15:43:05.785,57.7000,29
56585785437812,15:43:05.785,57.7000,12
56585785644110,15:43:05.785,57.7000,59
56585789140892,15:43:05.789,57.7100,100
57163167952542,15:52:43.167,57.6800,100
57163169596383,15:52:43.169,57.6800,17
57301091713335,15:55:01.091,57.6800,10
57301091713335,15:55:01.091,57.6800,100
57301091713335,15:55:01.091,57.6800,100
57301091713335,15:55:01.091,57.6800,100
57301121088414,15:55:01.121,57.7100,100
57405445445438,15:56:45.445,57.7200,100
57448809277122,15:57:28.809,57.7000,80
57448947316973,15:57:28.947,57.7100,100
57448947316973,15:57:28.947,57.7100,100
57473828569090,15:57:53.828,57.7100,40
57483406256112,15:58:03.406,57.7100,100
57483406281441,15:58:03.406,57.7100,160
57483406281441,15:58:03.406,57.7100,99
57600239566055,16:00:00.239,0.0000,0
58438767444474,16:13:58.767,57.2300,17
