timestamp,time,price,volume
34200589425040,09:30:00.589,0.0000,0
34261697934502,09:31:01.697,22.7900,100
34261698027825,09:31:01.698,22.7800,100
34261775985653,09:31:01.775,22.7600,100
34261776328765,09:31:01.776,22.7700,100
34261776328765,09:31:01.776,22.7700,100
34261776535709,09:31:01.776,22.7800,74
34261778010539,09:31:01.778,22.7800,100
34261778036353,09:31:01.778,22.7800,230
34261778036353,09:31:01.778,22.7800,100
34261778642961,09:31:01.778,22.7800,100
34261778642961,09:31:01.778,22.7800,100
34303652916438,09:31:43.652,22.7700,100
34303653569822,09:31:43.653,22.7700,42
34303655076189,09:31:43.655,22.7600,100
34303795524241,09:31:43.795,22.7600,100
34303797373083,09:31:43.797,22.7400,48
34304274408964,09:31:44.274,22.7200,1
34304286955497,09:31:44.286,22.7200,100
34323709803969,09:32:03.709,22.7400,12
34324891838527,09:32:04.891,22.7400,6
34352330661779,09:32:32.330,22.7200,11
34358110244500,09:32:38.110,22.7100,100
34372124182904,09:32:52.124,22.7100,100
34380907628237,09:33:00.907,22.7000,1491
34380907628237,09:33:00.907,22.7000,100
34380932173812,09:33:00.932,22.7200,100
34404995606157,09:33:24.995,22.6700,100
34404996600939,09:33:24.996,22.6700,100
34404996600939,09:33:24.996,22.6700,100
34407010312085,09:33:27.010,22.6600,110
34407010312085,09:33:27.010,22.6600,100
34407010312085,09:33:27.010,22.6600,100
34426496195278,09:33:46.496,22.6600,1
34426496195278,09:33:46.496,22.6600,100
34426656888377,09:33:46.656,22.6800,100
34428135964336,09:33:48.135,22.6900,400
34428395137330,09:33:48.395,22.6900,100
34488556231080,09:34:48.556,22.6900,100
34488556231080,09:34:48.556,22.6900,100
34521831423285,09:35:21.831,22.6800,100
34522004956869,09:35:22.004,22.6600,200
34522004956869,09:35:22.004,22.6600,100
34525101122552,09:35:25.101,22.6600,50
34525101166578,09:35:25.101,22.6600,50
34525101670605,09:35:25.101,22.6500,70
34525102538057,09:35:25.102,22.6500,30
34554276983052,09:35:54.276,22.6400,100
34554276983052,09:35:54.276,22.6400,100
34557212680030,09:35:57.212,22.6400,20
34557212680030,09:35:57.212,22.6400,100
34557212680030,09:35:57.212,22.6400,79
34557212708681,09:35:57.212,22.6400,21
34557212708681,09:35:57.212,22.6400,100
34558956324190,09:35:58.956,22.6400,100
34582006163964,09:36:22.006,22.6100,100
34582006758288,09:36:22.006,22.6100,100
34582006758288,09:36:22.006,22.6200,100
34582006758288,09:36:22.006,22.6200,100
34582099462430,09:36:22.099,22.6200,100
34582100421055,09:36:22.100,22.6200,100
34582100421055,09:36:22.100,22.6200,100
34603331515917,09:36:43.331,22.5800,100
34603331515917,09:36:43.331,22.5800,100
34603456417081,09:36:43.456,22.5800,200
34603456417081,09:36:43.456,22.5800,100
34615176034896,09:36:55.176,22.5800,100
34615176034896,09:36:55.176,22.5800,300
34616500082609,09:36:56.500,22.5800,32
34616500082609,09:36:56.500,22.5800,68
34616500913167,09:36:56.500,22.5800,32
34617413444492,09:36:57.413,22.5700,100
34620003368080,09:37:00.003,22.5800,68
34620003368080,09:37:00.003,22.5800,100
34620003368080,09:37:00.003,22.5800,300
34620007024684,09:37:00.007,22.5900,100
34620891452234,09:37:00.891,22.6000,26
34620891476966,09:37:00.891,22.6000,74
34622123645998,09:37:02.123,22.5900,100
34622123645998,09:37:02.123,22.5900,100
34622123645998,09:37:02.123,22.5900,100
34665395284438,09:37:45.395,22.5700,100
34675370997995,09:37:55.370,22.5400,1
34683638901775,09:38:03.638,22.5600,100
34686041305614,09:38:06.041,22.5700,100
34715924958976,09:38:35.924,22.5700,100
34723841373617,09:38:43.841,22.5700,100
34737262952256,09:38:57.262,22.5700,47
34737262977321,09:38:57.262,22.5700,53
34745618456770,09:39:05.618,22.5600,100
34745618456770,09:39:05.618,22.5600,100
34745662858148,09:39:05.662,22.5600,100
34745662858148,09:39:05.662,22.5600,100
34745662858148,09:39:05.662,22.5600,100
34745662858148,09:39:05.662,22.5600,300
34798248536375,09:39:58.248,22.5600,100
34798248536375,09:39:58.248,22.5600,100
34799010618323,09:39:59.010,22.5300,100
34799010618323,09:39:59.010,22.5300,100
34799010618323,09:39:59.010,22.5300,100
34799010618323,09:39:59.010,22.5300,100
34799010618323,09:39:59.010,22.5300,200
34799073903593,09:39:59.073,22.5300,100
34799373664095,09:39:59.373,22.5400,1
34799373664095,09:39:59.373,22.5400,100
34801018877074,09:40:01.018,22.5400,200
34801019773864,09:40:01.019,22.5400,100
34810080218234,09:40:10.080,22.5300,100
34814466725991,09:40:14.466,22.5300,100
34825325975550,09:40:25.325,22.5100,100
34827036072632,09:40:27.036,22.5000,100
34827036072632,09:40:27.036,22.5000,100
34827041083826,09:40:27.041,22.5000,100
34854889161222,09:40:54.889,22.5000,100
34854898913875,09:40:54.898,22.5000,69
34854898937836,09:40:54.898,22.5000,31
34854898937836,09:40:54.898,22.5000,200
34854899142362,09:40:54.899,22.5000,200
34854899142362,09:40:54.899,22.5000,100
34854899142362,09:40:54.899,22.5000,100
34854899183529,09:40:54.899,22.5000,100
34854899183529,09:40:54.899,22.5000,100
34854899183529,09:40:54.899,22.5000,100
34854899183529,09:40:54.899,22.5000,100
34854899183529,09:40:54.899,22.5000,100
34854899183529,09:40:54.899,22.4900,100
34854899183529,09:40:54.899,22.4900,100
34859350356771,09:40:59.350,22.4900,69
34859350356771,09:40:59.350,22.4900,31
34865960222840,09:41:05.960,22.4900,1
34866861002026,09:41:06.861,22.5000,100
34866866571270,09:41:06.866,22.5000,100
34868217852173,09:41:08.217,22.5000,100
34868217852173,09:41:08.217,22.5000,300
34884363494108,09:41:24.363,22.5000,100
34884363494108,09:41:24.363,22.5000,100
34884363539706,09:41:24.363,22.5000,44
34884363555350,09:41:24.363,22.5000,56
34886053440805,09:41:26.053,22.4800,100
34886177726922,09:41:26.177,22.4900,100
34886890748346,09:41:26.890,22.5000,100
34886890771817,09:41:26.890,22.5000,100
34890267899778,09:41:30.267,22.4900,100
34890267899778,09:41:30.267,22.4900,200
34904642465848,09:41:44.642,22.4900,100
34905328732256,09:41:45.328,22.4900,100
34913218425844,09:41:53.218,22.4700,12
34913219895453,09:41:53.219,22.4700,100
34913219895453,09:41:53.219,22.4700,100
34921426625254,09:42:01.426,22.4800,100
34921426625254,09:42:01.426,22.4800,200
34921426625254,09:42:01.426,22.4800,200
34921426637852,09:42:01.426,22.4800,300
34923878553817,09:42:03.878,22.4900,100
34924099167398,09:42:04.099,22.4900,100
34932743665004,09:42:12.743,22.4900,100
34944190052847,09:42:24.190,22.4800,100
34949850005176,09:42:29.850,22.4700,100
34951286877785,09:42:31.286,22.4900,100
35035816284023,09:43:55.816,22.4700,100
35036423617795,09:43:56.423,22.4800,200
35036423617795,09:43:56.423,22.4800,40
35070165107907,09:44:30.165,22.4600,100
35105855806761,09:45:05.855,22.4800,100
35105855806761,09:45:05.855,22.4800,8
35120020863665,09:45:20.020,22.4800,100
35120020863665,09:45:20.020,22.4800,100
35132208488424,09:45:32.208,22.4700,100
35155053416510,09:45:55.053,22.4500,100
35166128213127,09:46:06.128,22.4600,200
35166128213127,09:46:06.128,22.4600,100
35166128213127,09:46:06.128,22.4600,100
35181083806540,09:46:21.083,22.4400,100
35230473782674,09:47:10.473,22.4500,1
35230473782674,09:47:10.473,22.4500,2
35244212295707,09:47:24.212,22.4500,38
35244212726359,09:47:24.212,22.4500,15
35244213759658,09:47:24.213,22.4500,17
35267023953519,09:47:47.023,22.4700,100
35267023953519,09:47:47.023,22.4700,100
35267024143620,09:47:47.024,22.4700,100
35306438387772,09:48:26.438,22.4800,38
35320051384329,09:48:40.051,22.4700,3
35330644434451,09:48:50.644,22.4600,100
35346744587717,09:49:06.744,22.4600,47
35346744916362,09:49:06.744,22.4600,53
35368449200640,09:49:28.449,22.4500,100
35453139298864,09:50:53.139,22.4500,100
35453139298864,09:50:53.139,22.4500,100
35480830787439,09:51:20.830,22.4600,100
35551237397797,09:52:31.237,22.4600,3
35551237397797,09:52:31.237,22.4600,100
35551237397797,09:52:31.237,22.4600,100
35551237397797,09:52:31.237,22.4600,100
35551237397797,09:52:31.237,22.4600,100
35555024225447,09:52:35.024,22.4600,300
35555024307151,09:52:35.024,22.4600,40
35555024307151,09:52:35.024,22.4600,60
35555024382301,09:52:35.024,22.4600,40
35610168101369,09:53:30.168,22.4600,100
35610323230375,09:53:30.323,22.4700,100
35610323230375,09:53:30.323,22.4700,100
35610323230375,09:53:30.323,22.4700,200
35619452455378,09:53:39.452,22.4800,200
35641845514271,09:54:01.845,22.4950,100
35645768195641,09:54:05.768,22.5000,100
35645768195641,09:54:05.768,22.5000,80
35647621480139,09:54:07.621,22.5000,100
35650025065655,09:54:10.025,22.4900,100
35650025065655,09:54:10.025,22.4900,33
35650027308599,09:54:10.027,22.4900,67
35650027308599,09:54:10.027,22.4900,3
35749183177153,09:55:49.183,22.5000,100
35749183177153,09:55:49.183,22.5000,26
35749183281548,09:55:49.183,22.5000,74
35749183281548,09:55:49.183,22.5000,3
35749183281548,09:55:49.183,22.5000,100
35755210840122,09:55:55.210,22.4900,1
35755269017256,09:55:55.269,22.4900,99
35755269017256,09:55:55.269,22.4900,1
35755269119972,09:55:55.269,22.4900,99
35765021491353,09:56:05.021,22.4800,100
35793008772317,09:56:33.008,22.4900,42
35793009051789,09:56:33.009,22.4900,58
35808025577563,09:56:48.025,22.5000,50
35808025633389,09:56:48.025,22.5000,50
35811589594942,09:56:51.589,22.5100,82
35811589620270,09:56:51.589,22.5100,18
35835741990746,09:57:15.741,22.5200,100
35864851680493,09:57:44.851,22.5200,100
35864851680493,09:57:44.851,22.5200,3
35883412887437,09:58:03.412,22.5300,100
35883412887437,09:58:03.412,22.5300,100
35885025267992,09:58:05.025,22.5300,100
35941443189712,09:59:01.443,22.5300,100
35941443189712,09:59:01.443,22.5300,100
35950827187785,09:59:10.827,22.5200,100
35950827286686,09:59:10.827,22.5200,100
35970025702216,09:59:30.025,22.5100,21
35970027385911,09:59:30.027,22.5100,79
35993299078399,09:59:53.299,22.5000,100
36028887600522,10:00:28.887,22.5000,100
36028887600522,10:00:28.887,22.5000,300
36028888496028,10:00:28.888,22.5100,2
36032558090850,10:00:32.558,22.5100,73
36051026964018,10:00:51.026,22.5000,100
36068158092573,10:01:08.158,22.5000,100
36078192874823,10:01:18.192,22.5000,1
36143073769207,10:02:23.073,22.5100,96
36166651153301,10:02:46.651,22.5100,100
36166651153301,10:02:46.651,22.5100,100
36166651153301,10:02:46.651,22.5100,100
36166651153301,10:02:46.651,22.5100,400
36166651153301,10:02:46.651,22.5100,7
36166651153301,10:02:46.651,22.5100,15
36166889606755,10:02:46.889,22.5000,100
36166889606755,10:02:46.889,22.5000,100
36187288181411,10:03:07.288,22.4900,100
36187288181411,10:03:07.288,22.4900,100
36223298620845,10:03:43.298,22.4900,100
36235500913023,10:03:55.500,22.5000,100
36240177646161,10:04:00.177,22.5100,117
36240177673056,10:04:00.177,22.5100,83
36240177673056,10:04:00.177,22.5100,100
36283012911681,10:04:43.012,22.5100,15
36283012911681,10:04:43.012,22.5100,100
36283012911681,10:04:43.012,22.5100,100
36283012911681,10:04:43.012,22.5100,100
36283016271922,10:04:43.016,22.5100,6
36348362996700,10:05:48.362,22.5050,100
36399797786757,10:06:39.797,22.5100,100
36399797786757,10:06:39.797,22.5100,100
36401029843011,10:06:41.029,22.5100,6
36458887880729,10:07:38.887,22.5100,100
36458887880729,10:07:38.887,22.5100,100
36458887880729,10:07:38.887,22.5100,100
36458887880729,10:07:38.887,22.5100,400
36509268958882,10:08:29.268,22.5100,300
36513525763031,10:08:33.525,22.5200,100
36513525839305,10:08:33.525,22.5200,100
36554690017057,10:09:14.690,22.5200,15
36554690017057,10:09:14.690,22.5200,100
36554690017057,10:09:14.690,22.5200,100
36561470223029,10:09:21.470,22.5100,300
36562126145167,10:09:22.126,22.5200,79
36562126806911,10:09:22.126,22.5200,21
36562324185484,10:09:22.324,22.5200,59
36562324185484,10:09:22.324,22.5200,48
36585780583371,10:09:45.780,22.5200,100
36600550052297,10:10:00.550,22.5200,100
36615008492125,10:10:15.008,22.5100,100
36615008492125,10:10:15.008,22.5100,100
36615008492125,10:10:15.008,22.5100,100
36615008492125,10:10:15.008,22.5100,100
36615008492125,10:10:15.008,22.5100,49
36699418790529,10:11:39.418,22.5100,1
36699418790529,10:11:39.418,22.5100,99
36704905271165,10:11:44.905,22.5100,1
36704905271165,10:11:44.905,22.5100,100
36704905271165,10:11:44.905,22.5100,99
36704905388988,10:11:44.905,22.5100,1
36708688847845,10:11:48.688,22.5200,100
36708694655932,10:11:48.694,22.5200,100
36708694655932,10:11:48.694,22.5200,100
36708694655932,10:11:48.694,22.5200,100
36708694655932,10:11:48.694,22.5200,48
36708694655932,10:11:48.694,22.5200,100
36708694655932,10:11:48.694,22.5200,100
36708694655932,10:11:48.694,22.5200,100
36708694655932,10:11:48.694,22.5200,100
36708694655932,10:11:48.694,22.5200,100
36712298759683,10:11:52.298,22.5200,17
36712450883971,10:11:52.450,22.5100,100
36712450883971,10:11:52.450,22.5100,100
36797902422377,10:13:17.902,22.5300,100
36811437332650,10:13:31.437,22.5400,100
36815845435517,10:13:35.845,22.5400,100
36851288895984,10:14:11.288,22.5500,1
36934134866610,10:15:34.134,22.5600,100
36934134866610,10:15:34.134,22.5600,100
36934134866610,10:15:34.134,22.5600,18
36934134866610,10:15:34.134,22.5600,100
36934135520999,10:15:34.135,22.5500,100
36934135520999,10:15:34.135,22.5500,100
36966503574762,10:16:06.503,22.5500,100
36974431813363,10:16:14.431,22.5600,100
37033593585726,10:17:13.593,22.5700,100
37039566893885,10:17:19.566,22.5600,400
37039566936564,10:17:19.566,22.5600,16
37088646194510,10:18:08.646,22.5500,100
37088646194510,10:18:08.646,22.5500,14
37171458916481,10:19:31.458,22.5500,115
37171458916481,10:19:31.458,22.5500,100
37171458916481,10:19:31.458,22.5500,1
37171458916481,10:19:31.458,22.5500,100
37180866240398,10:19:40.866,22.5600,70
37188019856712,10:19:48.019,22.5700,100
37188019856712,10:19:48.019,22.5700,100
37188019856712,10:19:48.019,22.5700,100
37199016079021,10:19:59.016,22.5800,100
37199016079021,10:19:59.016,22.5800,100
37199017444832,10:19:59.017,22.5800,100
37206989984972,10:20:06.989,22.5750,100
37290445561270,10:21:30.445,22.5800,1
37290445561270,10:21:30.445,22.5800,11
37290445561270,10:21:30.445,22.5800,100
37290445561270,10:21:30.445,22.5800,100
37290445561270,10:21:30.445,22.5800,100
37351161434123,10:22:31.161,22.6000,100
37351161434123,10:22:31.161,22.6000,100
37351161434123,10:22:31.161,22.6000,100
37371864214817,10:22:51.864,22.5900,400
37371864214817,10:22:51.864,22.5900,100
37371864214817,10:22:51.864,22.5900,11
37371864214817,10:22:51.864,22.5900,100
37372864300298,10:22:52.864,22.5800,100
37383652386971,10:23:03.652,22.5700,100
37411885620530,10:23:31.885,22.5600,100
37412555959884,10:23:32.555,22.5600,100
37412555959884,10:23:32.555,22.5600,100
37412555959884,10:23:32.555,22.5600,100
37412556113623,10:23:32.556,22.5600,55
37412556113623,10:23:32.556,22.5600,55
37412556113623,10:23:32.556,22.5600,7
37412556113623,10:23:32.556,22.5600,7
37450146206062,10:24:10.146,22.5500,86
37450146206062,10:24:10.146,22.5500,100
37450149995061,10:24:10.149,22.5600,100
37450149995061,10:24:10.149,22.5600,100
37450149995061,10:24:10.149,22.5600,100
37457341626451,10:24:17.341,22.5600,2
37457482832380,10:24:17.482,22.5600,100
37457713305516,10:24:17.713,22.5600,100
37458808989846,10:24:18.808,22.5600,1
37460809711818,10:24:20.809,22.5600,17
37490180981776,10:24:50.180,22.5600,1
37493375110392,10:24:53.375,22.5600,100
37500144870861,10:25:00.144,22.5600,100
37552338370530,10:25:52.338,22.5700,100
37552338370530,10:25:52.338,22.5700,100
37566276287654,10:26:06.276,22.5800,200
37631230611551,10:27:11.230,22.5800,9
37631230611551,10:27:11.230,22.5800,100
37631230611551,10:27:11.230,22.5800,100
37631230611551,10:27:11.230,22.5800,100
37631519588610,10:27:11.519,22.5700,100
37670494718365,10:27:50.494,22.5700,100
37674275405669,10:27:54.275,22.5800,100
37694364264319,10:28:14.364,22.6000,100
37694364264319,10:28:14.364,22.6000,100
37698628349870,10:28:18.628,22.6000,100
37722166026492,10:28:42.166,22.6000,100
37848579143101,10:30:48.579,22.6100,400
37848579143101,10:30:48.579,22.6100,100
37848579143101,10:30:48.579,22.6100,11
37848579143101,10:30:48.579,22.6100,89
37848579171871,10:30:48.579,22.6100,11
37911302046956,10:31:51.302,22.6000,100
37911302046956,10:31:51.302,22.6000,100
37970875316239,10:32:50.875,22.6000,100
37970875316239,10:32:50.875,22.6000,100
37970875316239,10:32:50.875,22.6000,100
37974184170842,10:32:54.184,22.6100,100
37974184170842,10:32:54.184,22.6100,91
37974184218199,10:32:54.184,22.6100,9
37994661829114,10:33:14.661,22.6200,100
37994662632493,10:33:14.662,22.6200,20
38011184655548,10:33:31.184,22.6200,39
38018882284282,10:33:38.882,22.6300,100
38026924696975,10:33:46.924,22.6300,100
38032668794970,10:33:52.668,22.6300,100
38059924205270,10:34:19.924,22.6200,400
38059924205270,10:34:19.924,22.6200,12
38059924205270,10:34:19.924,22.6200,100
38059924205270,10:34:19.924,22.6200,15
38076788114611,10:34:36.788,22.6200,100
38088545760880,10:34:48.545,22.6200,100
38107000413749,10:35:07.000,22.6200,1
38117282261188,10:35:17.282,22.6200,100
38151789961194,10:35:51.789,22.6100,32
38185482498115,10:36:25.482,22.6200,18
38185482498115,10:36:25.482,22.6200,100
38185482498115,10:36:25.482,22.6200,100
38196840075727,10:36:36.840,22.6100,48
38196840114476,10:36:36.840,22.6100,52
38196840114476,10:36:36.840,22.6100,60
38196840452030,10:36:36.840,22.6100,40
38208506709542,10:36:48.506,22.6100,100
38208506745079,10:36:48.506,22.6100,100
38208506770967,10:36:48.506,22.6100,100
38239571298086,10:37:19.571,22.6100,100
38272189017942,10:37:52.189,22.6000,251
38272189029154,10:37:52.189,22.6000,100
38272189048227,10:37:52.189,22.6000,49
38272189048227,10:37:52.189,22.6000,100
38273923725112,10:37:53.923,22.6000,59
38290367583072,10:38:10.367,22.6000,100
38290367583072,10:38:10.367,22.6000,63
38322291481317,10:38:42.291,22.6100,100
38330870311470,10:38:50.870,22.6200,20
38335190612037,10:38:55.190,22.6200,100
38338951862879,10:38:58.951,22.6200,100
38353693201672,10:39:13.693,22.6300,100
38371923832685,10:39:31.923,22.6300,48
38371923857139,10:39:31.923,22.6300,52
38403402710155,10:40:03.402,22.6300,19
38463150203230,10:41:03.150,22.6400,100
38464826616994,10:41:04.826,22.6400,100
38472694078135,10:41:12.694,22.6300,100
38571675100165,10:42:51.675,22.6200,100
38571675124621,10:42:51.675,22.6200,19
38657480328609,10:44:17.480,22.6200,100
38657480328609,10:44:17.480,22.6200,100
38657481617649,10:44:17.481,22.6200,100
38658448135299,10:44:18.448,22.6300,100
38664424800480,10:44:24.424,22.6300,100
38664424800480,10:44:24.424,22.6300,400
38669528392523,10:44:29.528,22.6300,100
38698048934923,10:44:58.048,22.6300,100
38698048934923,10:44:58.048,22.6300,100
38698048934923,10:44:58.048,22.6300,100
38709963675082,10:45:09.963,22.6200,19
38709963675082,10:45:09.963,22.6200,100
38709963675082,10:45:09.963,22.6200,50
38709963740125,10:45:09.963,22.6200,50
38711964238599,10:45:11.964,22.6200,62
38711970609968,10:45:11.970,22.6200,63
38711970609968,10:45:11.970,22.6200,37
38751060051190,10:45:51.060,22.6200,100
38760282190934,10:46:00.282,22.6200,20
38817045007072,10:46:57.045,22.6300,100
38817045007072,10:46:57.045,22.6300,400
38817045007072,10:46:57.045,22.6300,100
38841902351517,10:47:21.902,22.6200,17
38841902351517,10:47:21.902,22.6200,10
38841902351517,10:47:21.902,22.6200,73
38841902381169,10:47:21.902,22.6200,27
38864971826968,10:47:44.971,22.6200,100
38892366299288,10:48:12.366,22.6200,100
38892366299288,10:48:12.366,22.6200,100
38892366299288,10:48:12.366,22.6200,17
38955238665949,10:49:15.238,22.6200,100
38955238665949,10:49:15.238,22.6200,100
38955238665949,10:49:15.238,22.6200,100
38955238710254,10:49:15.238,22.6200,100
39149252078433,10:52:29.252,22.6300,100
39149252078433,10:52:29.252,22.6300,100
39149254248944,10:52:29.254,22.6300,100
39149254248944,10:52:29.254,22.6300,100
39149254248944,10:52:29.254,22.6300,100
39149254248944,10:52:29.254,22.6300,100
39149254248944,10:52:29.254,22.6300,100
39149254248944,10:52:29.254,22.6300,100
39149254273443,10:52:29.254,22.6300,100
39149254273443,10:52:29.254,22.6300,200
39149254323844,10:52:29.254,22.6300,100
39180650575213,10:53:00.650,22.6300,43
39180650611941,10:53:00.650,22.6300,57
39180650611941,10:53:00.650,22.6300,100
39180650611941,10:53:00.650,22.6300,100
39180650611941,10:53:00.650,22.6300,100
39180650611941,10:53:00.650,22.6300,100
39211164178592,10:53:31.164,22.6300,100
39211164242870,10:53:31.164,22.6300,100
39220122986598,10:53:40.122,22.6350,100
39243423206953,10:54:03.423,22.6400,100
39243423206953,10:54:03.423,22.6400,20
39256722954206,10:54:16.722,22.6500,300
39257225054947,10:54:17.225,22.6500,100
39257225054947,10:54:17.225,22.6500,16
39257225054947,10:54:17.225,22.6500,84
39257225086706,10:54:17.225,22.6500,16
39296741640901,10:54:56.741,22.6650,100
39298426113357,10:54:58.426,22.6600,100
39298426113357,10:54:58.426,22.6600,100
39298426113357,10:54:58.426,22.6600,700
39385318983865,10:56:25.318,22.6600,89
39385318983865,10:56:25.318,22.6600,100
39385318983865,10:56:25.318,22.6600,10
39417398426658,10:56:57.398,22.6750,100
39418494639528,10:56:58.494,22.6700,100
39418494639528,10:56:58.494,22.6700,100
39418494639528,10:56:58.494,22.6700,100
39418494639528,10:56:58.494,22.6700,16
39419751933969,10:56:59.751,22.6600,100
39419751933969,10:56:59.751,22.6600,200
39419751960854,10:56:59.751,22.6600,100
39427842782782,10:57:07.842,22.6500,100
39427842782782,10:57:07.842,22.6500,200
39454158678269,10:57:34.158,22.6400,96
39494652390872,10:58:14.652,22.6400,14
39494652390872,10:58:14.652,22.6400,98
39494652390872,10:58:14.652,22.6400,100
39557189666654,10:59:17.189,22.6400,16
39557189666654,10:59:17.189,22.6400,100
39557189666654,10:59:17.189,22.6400,100
39590987933153,10:59:50.987,22.6400,100
39605454040373,11:00:05.454,22.6500,300
39610677021648,11:00:10.677,22.6550,100
39627318152037,11:00:27.318,22.6650,100
39638549077857,11:00:38.549,22.6700,100
39655012446060,11:00:55.012,22.6700,100
39655012456781,11:00:55.012,22.6700,100
39655012929468,11:00:55.012,22.6700,100
39660032913600,11:01:00.032,22.6800,100
39662793656764,11:01:02.793,22.6800,100
39663459943503,11:01:03.459,22.6850,100
39663459943503,11:01:03.459,22.6850,100
39663459943503,11:01:03.459,22.6850,100
39663459943503,11:01:03.459,22.6850,100
39663459943503,11:01:03.459,22.6850,100
39663460509348,11:01:03.460,22.6900,100
39663461620097,11:01:03.461,22.6900,100
39663462550717,11:01:03.462,22.6900,21
39663463274971,11:01:03.463,22.6900,79
39663463274971,11:01:03.463,22.6900,100
39663484168004,11:01:03.484,22.7000,20
39663497008417,11:01:03.497,22.7000,4
39663873286248,11:01:03.873,22.7000,100
39664945433180,11:01:04.945,22.7050,100
39664945433180,11:01:04.945,22.7000,59
39667185518869,11:01:07.185,22.6900,100
39667185518869,11:01:07.185,22.6900,100
39667185518869,11:01:07.185,22.6900,100
39667185518869,11:01:07.185,22.6900,100
39667185518869,11:01:07.185,22.6900,86
39667185520677,11:01:07.185,22.6900,224
39670643037562,11:01:10.643,22.6950,100
39671055846560,11:01:11.055,22.6900,100
39672456492588,11:01:12.456,22.6800,100
39672456492588,11:01:12.456,22.6800,100
39672467766352,11:01:12.467,22.6750,100
39673063010621,11:01:13.063,22.6750,17
39686673389455,11:01:26.673,22.6800,100
39686673396310,11:01:26.673,22.6800,314
39686673420390,11:01:26.673,22.6800,420
39686673439809,11:01:26.673,22.6800,100
39686673444470,11:01:26.673,22.6800,100
39686673464199,11:01:26.673,22.6800,100
39686673477987,11:01:26.673,22.6800,47
39686673613988,11:01:26.673,22.6800,19
39686675894717,11:01:26.675,22.6900,100
39686745691682,11:01:26.745,22.6900,78
39686974001968,11:01:26.974,22.6800,78
39724699545046,11:02:04.699,22.6800,21
39724700385055,11:02:04.700,22.6800,21
39759773008698,11:02:39.773,22.6700,100
39759773008698,11:02:39.773,22.6700,18
39759773008698,11:02:39.773,22.6700,100
39759773008698,11:02:39.773,22.6700,100
39761951774375,11:02:41.951,22.6700,100
39768102520984,11:02:48.102,22.6700,100
39768659759603,11:02:48.659,22.6800,77
39775611580933,11:02:55.611,22.6800,100
39779861524452,11:02:59.861,22.6900,100
39786075574359,11:03:06.075,22.6900,51
39786075574359,11:03:06.075,22.6900,49
39786076047341,11:03:06.076,22.6900,51
39800151657021,11:03:20.151,22.6900,100
39824440289562,11:03:44.440,22.6800,100
39869737471663,11:04:29.737,22.6800,100
39869737471663,11:04:29.737,22.6800,100
39888673882232,11:04:48.673,22.6900,75
39888673882232,11:04:48.673,22.6900,55
39911142609460,11:05:11.142,22.6900,100
39911142609460,11:05:11.142,22.6900,13
39911142609460,11:05:11.142,22.6900,100
39983299990005,11:06:23.299,22.7000,78
39983300028553,11:06:23.300,22.7000,22
39983300028553,11:06:23.300,22.7000,100
39983300028553,11:06:23.300,22.7000,78
39983300361176,11:06:23.300,22.7000,22
39983300361176,11:06:23.300,22.7000,100
39983384623267,11:06:23.384,22.7100,100
39983384623267,11:06:23.384,22.7100,100
39983384719830,11:06:23.384,22.7100,63
39983384719830,11:06:23.384,22.7100,37
39983530630676,11:06:23.530,22.7150,100
39995766391017,11:06:35.766,22.7100,20
40020720596522,11:07:00.720,22.7200,100
40020720596522,11:07:00.720,22.7200,200
40022281015733,11:07:02.281,22.7200,100
40022281015733,11:07:02.281,22.7200,34
40022281015733,11:07:02.281,22.7200,66
40035488815351,11:07:15.488,22.7100,100
40035488894600,11:07:15.488,22.7100,100
40035488926485,11:07:15.488,22.7100,180
40035488926485,11:07:15.488,22.7100,100
40035488926485,11:07:15.488,22.7100,100
40035488926485,11:07:15.488,22.7100,20
40035488958080,11:07:15.488,22.7100,80
40035488958080,11:07:15.488,22.7100,15
40059683947775,11:07:39.683,22.7050,100
40100314751794,11:08:20.314,22.7100,100
40116738091862,11:08:36.738,22.7200,1
40142143026121,11:09:02.143,22.7300,20
40142143026121,11:09:02.143,22.7300,32
40142143073959,11:09:02.143,22.7300,68
40142143073959,11:09:02.143,22.7300,100
40144153282905,11:09:04.153,22.7300,100
40144153282905,11:09:04.153,22.7300,400
40174098134438,11:09:34.098,22.7250,84
40242651722151,11:10:42.651,22.7300,100
40242651722151,11:10:42.651,22.7300,14
40242651722151,11:10:42.651,22.7300,100
40242651722151,11:10:42.651,22.7300,100
40242651722151,11:10:42.651,22.7300,100
40272049722731,11:11:12.049,22.7300,100
40272049722731,11:11:12.049,22.7300,32
40272049786448,11:11:12.049,22.7300,68
40272049786448,11:11:12.049,22.7300,32
40272049802509,11:11:12.049,22.7300,68
40272049802509,11:11:12.049,22.7300,32
40272050059979,11:11:12.050,22.7300,68
40303668074656,11:11:43.668,22.7300,100
40330388045042,11:12:10.388,22.7400,41
40348262219307,11:12:28.262,22.7400,65
40373756083900,11:12:53.756,22.7300,100
40373756083900,11:12:53.756,22.7300,300
40373756083900,11:12:53.756,22.7300,14
40373756083900,11:12:53.756,22.7300,100
40481502882429,11:14:41.502,22.7300,35
40481502882429,11:14:41.502,22.7300,65
40487025557575,11:14:47.025,22.7300,48
40487026004385,11:14:47.026,22.7300,52
40487026004385,11:14:47.026,22.7300,100
40667906619737,11:17:47.906,22.7300,100
40667906619737,11:17:47.906,22.7300,100
40667906619737,11:17:47.906,22.7300,100
40667906619737,11:17:47.906,22.7300,100
40667907146070,11:17:47.907,22.7300,14
40667907146070,11:17:47.907,22.7300,100
40745828419657,11:19:05.828,22.7300,100
40745828419657,11:19:05.828,22.7300,100
40745828630078,11:19:05.828,22.7300,200
40745829749103,11:19:05.829,22.7300,100
40757949660173,11:19:17.949,22.7350,100
40852565598230,11:20:52.565,22.7400,100
40867617685230,11:21:07.617,22.7400,100
40867617685230,11:21:07.617,22.7400,100
40867617685230,11:21:07.617,22.7400,100
40868232074171,11:21:08.232,22.7500,100
40868232172390,11:21:08.232,22.7500,100
40868232172390,11:21:08.232,22.7500,100
40868232172390,11:21:08.232,22.7500,100
40868232172390,11:21:08.232,22.7500,100
40868232172390,11:21:08.232,22.7500,20
40868232172390,11:21:08.232,22.7500,99
40868232561150,11:21:08.232,22.7500,101
40912622598877,11:21:52.622,22.7600,100
40913179027206,11:21:53.179,22.7600,100
40913179027206,11:21:53.179,22.7600,1
40913179065493,11:21:53.179,22.7600,299
40913179065493,11:21:53.179,22.7600,100
40913181664605,11:21:53.181,22.7600,200
40913181664605,11:21:53.181,22.7600,100
40913181664605,11:21:53.181,22.7600,100
40913181664605,11:21:53.181,22.7600,100
40913181664605,11:21:53.181,22.7600,15
40913182087216,11:21:53.182,22.7600,55
40913319882019,11:21:53.319,22.7600,45
40913657155693,11:21:53.657,22.7600,23
40913657942313,11:21:53.657,22.7600,77
40914667348917,11:21:54.667,22.7600,100
40914667348917,11:21:54.667,22.7600,85
40928576365411,11:22:08.576,22.7600,13
40928576365411,11:22:08.576,22.7600,100
40928576683988,11:22:08.576,22.7600,100
40928576834061,11:22:08.576,22.7600,100
40928576834061,11:22:08.576,22.7600,100
40947553305596,11:22:27.553,22.7500,100
40947553305596,11:22:27.553,22.7500,100
40947553305596,11:22:27.553,22.7500,100
41015843757908,11:23:35.843,22.7400,100
41015843757908,11:23:35.843,22.7400,100
41015843757908,11:23:35.843,22.7400,100
41015843757908,11:23:35.843,22.7400,100
41015843757908,11:23:35.843,22.7400,45
41019824948285,11:23:39.824,22.7350,100
41019824948285,11:23:39.824,22.7300,100
41019824948285,11:23:39.824,22.7300,100
41019824948285,11:23:39.824,22.7300,100
41019825042082,11:23:39.825,22.7300,100
41030093322882,11:23:50.093,22.7300,14
41030093322882,11:23:50.093,22.7300,100
41091301914909,11:24:51.301,22.7300,100
41091301914909,11:24:51.301,22.7300,17
41091301914909,11:24:51.301,22.7300,100
41091301914909,11:24:51.301,22.7300,100
41094571861728,11:24:54.571,22.7300,100
41121730098054,11:25:21.730,22.7300,77
41121730098054,11:25:21.730,22.7300,47
41121730098054,11:25:21.730,22.7300,200
41244502394117,11:27:24.502,22.7300,100
41244502394117,11:27:24.502,22.7300,100
41244502394117,11:27:24.502,22.7300,100
41244502394117,11:27:24.502,22.7300,100
41244502518976,11:27:24.502,22.7300,100
41244502520281,11:27:24.502,22.7300,100
41244502961389,11:27:24.502,22.7300,47
41244503131734,11:27:24.503,22.7300,53
41244503131734,11:27:24.503,22.7300,47
41244503172714,11:27:24.503,22.7300,53
41244503182413,11:27:24.503,22.7300,53
41285907077766,11:28:05.907,22.7400,100
41285907077766,11:28:05.907,22.7400,100
41287338880996,11:28:07.338,22.7500,1
41297320662810,11:28:17.320,22.7400,100
41297320662810,11:28:17.320,22.7400,100
41305522423612,11:28:25.522,22.7400,100
41305522423612,11:28:25.522,22.7400,200
41307760528637,11:28:27.760,22.7400,100
41317826346072,11:28:37.826,22.7400,14
41325173198549,11:28:45.173,22.7450,100
41332883082830,11:28:52.883,22.7400,100
41353216281946,11:29:13.216,22.7400,100
41381948435692,11:29:41.948,22.7500,20
41381950141917,11:29:41.950,22.7500,100
41381950141917,11:29:41.950,22.7500,100
41381950141917,11:29:41.950,22.7500,100
41381950141917,11:29:41.950,22.7500,100
41381950141917,11:29:41.950,22.7500,18
41381950141917,11:29:41.950,22.7500,100
41381950141917,11:29:41.950,22.7500,82
41381950693275,11:29:41.950,22.7500,100
41381950693275,11:29:41.950,22.7500,17
41381950693275,11:29:41.950,22.7500,300
41401525691508,11:30:01.525,22.7500,100
41419491223616,11:30:19.491,22.7500,100
41419491223616,11:30:19.491,22.7500,300
41419491223616,11:30:19.491,22.7500,14
41419491223616,11:30:19.491,22.7500,100
41419542004485,11:30:19.542,22.7400,100
41419542004485,11:30:19.542,22.7400,100
41420088436852,11:30:20.088,22.7300,100
41444593976764,11:30:44.593,22.7200,100
41444593976764,11:30:44.593,22.7200,7
41521727003130,11:32:01.727,22.7250,100
41538340668599,11:32:18.340,22.7250,20
41611259551465,11:33:31.259,22.7200,100
41611259551465,11:33:31.259,22.7200,20
41611259551465,11:33:31.259,22.7200,100
41611259551465,11:33:31.259,22.7200,100
41611259551465,11:33:31.259,22.7200,100
41611259551465,11:33:31.259,22.7200,100
41611259590692,11:33:31.259,22.7200,12
41654377682892,11:34:14.377,22.7100,100
41654377682892,11:34:14.377,22.7100,21
41654377682892,11:34:14.377,22.7100,100
41654380766680,11:34:14.380,22.7100,100
41655436451508,11:34:15.436,22.7100,100
41655462736722,11:34:15.462,22.7200,100
41655462736722,11:34:15.462,22.7200,100
41655462736722,11:34:15.462,22.7200,9
41659509012593,11:34:19.509,22.7200,91
41706586544671,11:35:06.586,22.7300,100
41715798934892,11:35:15.798,22.7300,100
41715798934892,11:35:15.798,22.7300,100
41743942414184,11:35:43.942,22.7200,100
41790217490909,11:36:30.217,22.7100,100
41790217490909,11:36:30.217,22.7100,22
41790217490909,11:36:30.217,22.7100,100
41790217490909,11:36:30.217,22.7100,300
41790501189666,11:36:30.501,22.7050,87
41791321045327,11:36:31.321,22.7050,13
41791334320517,11:36:31.334,22.7050,5
41903434149398,11:38:23.434,22.7000,300
41903434149398,11:38:23.434,22.7000,100
41903434149398,11:38:23.434,22.7000,100
41903434149398,11:38:23.434,22.7000,18
41903434149398,11:38:23.434,22.7000,100
41905617481805,11:38:25.617,22.6900,2
41906367802208,11:38:26.367,22.6900,98
41906367802208,11:38:26.367,22.6900,100
41910043279157,11:38:30.043,22.6900,100
41923472046831,11:38:43.472,22.6900,44
41945898821779,11:39:05.898,22.6800,100
41999658028275,11:39:59.658,22.6750,100
42025145695314,11:40:25.145,22.6800,100
42025145695314,11:40:25.145,22.6800,100
42025145695314,11:40:25.145,22.6800,100
42025146445080,11:40:25.146,22.6800,100
42025146445080,11:40:25.146,22.6800,100
42025146445080,11:40:25.146,22.6800,16
42025146445080,11:40:25.146,22.6800,100
42025146445080,11:40:25.146,22.6800,100
42025146445080,11:40:25.146,22.6800,100
42025146445080,11:40:25.146,22.6800,169
42025146686225,11:40:25.146,22.6800,69
42025147467100,11:40:25.147,22.6800,9
42025147467100,11:40:25.147,22.6800,100
42041537932302,11:40:41.537,22.6700,30
42041537932302,11:40:41.537,22.6700,100
42041537932302,11:40:41.537,22.6700,23
42041537932302,11:40:41.537,22.6700,100
42041537932302,11:40:41.537,22.6700,100
42041537932302,11:40:41.537,22.6700,100
42058905388462,11:40:58.905,22.6800,117
42058905388462,11:40:58.905,22.6800,100
42079577247887,11:41:19.577,22.6800,100
42079577272493,11:41:19.577,22.6800,250
42107230094763,11:41:47.230,22.6800,100
42117615229174,11:41:57.615,22.6900,100
42187960947185,11:43:07.960,22.7000,100
42187960947185,11:43:07.960,22.7000,100
42210189026776,11:43:30.189,22.7100,78
42210189026776,11:43:30.189,22.7100,100
42210189573393,11:43:30.189,22.7100,65
42210189573393,11:43:30.189,22.7100,35
42210189612225,11:43:30.189,22.7100,65
42270322933355,11:44:30.322,22.7200,100
42275441212358,11:44:35.441,22.7200,100
42275441212358,11:44:35.441,22.7200,100
42323727166727,11:45:23.727,22.7300,1
42334302005572,11:45:34.302,22.7350,100
42342334707515,11:45:42.334,22.7300,300
42342334707515,11:45:42.334,22.7300,302
42342334707515,11:45:42.334,22.7300,100
42354367001263,11:45:54.367,22.7250,100
42362557724678,11:46:02.557,22.7200,100
42362557822667,11:46:02.557,22.7200,100
42362559636421,11:46:02.559,22.7100,100
42362559636421,11:46:02.559,22.7100,100
42362559852854,11:46:02.559,22.7100,100
42384993751284,11:46:24.993,22.7100,100
42409954567934,11:46:49.954,22.7100,100
42418231572644,11:46:58.231,22.7100,22
42418231572644,11:46:58.231,22.7100,100
42418231572644,11:46:58.231,22.7100,78
42428929601086,11:47:08.929,22.7100,100
42467380962135,11:47:47.380,22.7100,14
42467380962135,11:47:47.380,22.7100,100
42467380962135,11:47:47.380,22.7100,100
42467380987739,11:47:47.380,22.7100,100
42551155391408,11:49:11.155,22.7200,100
42551155391408,11:49:11.155,22.7200,100
42551155391408,11:49:11.155,22.7200,100
42594250009070,11:49:54.250,22.7300,100
42594250009070,11:49:54.250,22.7300,14
42608246443537,11:50:08.246,22.7300,100
42608246443537,11:50:08.246,22.7300,100
42608246474929,11:50:08.246,22.7300,18
42617491359214,11:50:17.491,22.7200,300
42629891688747,11:50:29.891,22.7200,100
42629891688747,11:50:29.891,22.7200,100
42676597471553,11:51:16.597,22.7100,5
42676597471553,11:51:16.597,22.7100,100
42817586664722,11:53:37.586,22.7200,100
42817586664722,11:53:37.586,22.7200,100
42817638886999,11:53:37.638,22.7300,100
42817638886999,11:53:37.638,22.7300,100
42817638886999,11:53:37.638,22.7300,100
42817638886999,11:53:37.638,22.7300,20
42817638886999,11:53:37.638,22.7300,29
42830247919229,11:53:50.247,22.7400,100
42830247919229,11:53:50.247,22.7400,50
42830247959549,11:53:50.247,22.7400,17
42912053295291,11:55:12.053,22.7400,100
42912473311749,11:55:12.473,22.7300,3
42952658863218,11:55:52.658,22.7400,47
42952658930750,11:55:52.658,22.7400,53
43021521182524,11:57:01.521,22.7500,200
43021521182524,11:57:01.521,22.7500,300
43029773513778,11:57:09.773,22.7550,100
43090818945774,11:58:10.818,22.7500,100
43090818945774,11:58:10.818,22.7500,23
43090818945774,11:58:10.818,22.7500,100
43092951401913,11:58:12.951,22.7500,100
43092951401913,11:58:12.951,22.7500,400
43141819481342,11:59:01.819,22.7500,100
43173176018670,11:59:33.176,22.7400,100
43221034559661,12:00:21.034,22.7500,100
43245970293861,12:00:45.970,22.7500,100
43253267329589,12:00:53.267,22.7450,100
43253267370539,12:00:53.267,22.7400,200
43253267370539,12:00:53.267,22.7400,300
43253267370539,12:00:53.267,22.7400,100
43253267370539,12:00:53.267,22.7400,18
43253267370539,12:00:53.267,22.7400,100
43253267370539,12:00:53.267,22.7400,100
43253267370539,12:00:53.267,22.7400,200
43253268348539,12:00:53.268,22.7400,200
43253284280883,12:00:53.284,22.7400,100
43269344425917,12:01:09.344,22.7500,1
43269344425917,12:01:09.344,22.7500,9
43269601567600,12:01:09.601,22.7500,200
43269601567600,12:01:09.601,22.7500,100
43280380200960,12:01:20.380,22.7400,100
43280382822140,12:01:20.382,22.7400,100
43280382822140,12:01:20.382,22.7400,200
43280382822140,12:01:20.382,22.7400,96
43280382822140,12:01:20.382,22.7400,100
43280382822140,12:01:20.382,22.7400,100
43282878163904,12:01:22.878,22.7400,36
43294165398509,12:01:34.165,22.7300,100
43294165398509,12:01:34.165,22.7300,30
43339845573371,12:02:19.845,22.7400,100
43339845573371,12:02:19.845,22.7400,1
43357021867082,12:02:37.021,22.7600,100
43357059144314,12:02:37.059,22.7600,100
43410055887670,12:03:30.055,22.7600,100
43410055887670,12:03:30.055,22.7600,100
43410055887670,12:03:30.055,22.7600,200
43410055887670,12:03:30.055,22.7600,100
43494585654708,12:04:54.585,22.7550,100
43494600648975,12:04:54.600,22.7550,100
43518884953331,12:05:18.884,22.7600,100
43518884953331,12:05:18.884,22.7600,100
43518884953331,12:05:18.884,22.7600,100
43534993502538,12:05:34.993,22.7600,100
43534993502538,12:05:34.993,22.7600,35
43534993502538,12:05:34.993,22.7600,100
43534993502538,12:05:34.993,22.7600,100
43545181991492,12:05:45.181,22.7600,100
43559285004308,12:05:59.285,22.7650,100
43564524047503,12:06:04.524,22.7600,100
43590485535685,12:06:30.485,22.7650,75
43592018999125,12:06:32.018,22.7650,200
43599176921507,12:06:39.176,22.7600,200
43599177801769,12:06:39.177,22.7600,22
43604663126152,12:06:44.663,22.7550,25
43683125011704,12:08:03.125,22.7600,100
43683125011704,12:08:03.125,22.7600,100
43694463854184,12:08:14.463,22.7700,100
43809919977973,12:10:09.919,22.7800,100
43809919977973,12:10:09.919,22.7800,100
43809919977973,12:10:09.919,22.7800,100
43814074625226,12:10:14.074,22.7850,100
43814074625226,12:10:14.074,22.7800,100
43814074625226,12:10:14.074,22.7800,100
43814074625226,12:10:14.074,22.7800,200
43814074625226,12:10:14.074,22.7800,100
43814074625226,12:10:14.074,22.7800,100
43814074625226,12:10:14.074,22.7800,100
43814074865802,12:10:14.074,22.7800,100
43867613970512,12:11:07.613,22.7700,19
43867613970512,12:11:07.613,22.7700,100
43900504911541,12:11:40.504,22.7600,100
44045910243629,12:14:05.910,22.7500,100
44045910243629,12:14:05.910,22.7500,100
44045910243629,12:14:05.910,22.7500,23
44045912054479,12:14:05.912,22.7400,100
44095505568294,12:14:55.505,22.7400,100
44095505568294,12:14:55.505,22.7400,200
44110561499690,12:15:10.561,22.7500,10
44141869961349,12:15:41.869,22.7600,200
44176175061102,12:16:16.175,22.7750,20
44257282727949,12:17:37.282,22.7800,1
44279168734312,12:17:59.168,22.7800,100
44279168775579,12:17:59.168,22.7800,200
44279168838966,12:17:59.168,22.7800,100
44279170343688,12:17:59.170,22.7900,10
44290451380980,12:18:10.451,22.7800,100
44290451380980,12:18:10.451,22.7800,100
44290451380980,12:18:10.451,22.7800,100
44299258813496,12:18:19.258,22.7800,100
44299258813496,12:18:19.258,22.7800,23
44299258813496,12:18:19.258,22.7800,100
44299259148541,12:18:19.259,22.7800,39
44328647312171,12:18:48.647,22.7750,100
44328647521133,12:18:48.647,22.7700,200
44328647521133,12:18:48.647,22.7700,200
44328647521133,12:18:48.647,22.7700,25
44328647521133,12:18:48.647,22.7700,100
44328647521133,12:18:48.647,22.7700,78
44328648023395,12:18:48.648,22.7700,10
44360135182112,12:19:20.135,22.7800,100
44396840422686,12:19:56.840,22.7800,200
44408169841916,12:20:08.169,22.7800,100
44467020902217,12:21:07.020,22.7800,100
44467020902217,12:21:07.020,22.7800,100
44467020902217,12:21:07.020,22.7800,100
44467020902217,12:21:07.020,22.7800,48
44469904344859,12:21:09.904,22.7800,1
44481801073708,12:21:21.801,22.7900,20
44481801073708,12:21:21.801,22.7900,200
44546463042790,12:22:26.463,22.7900,100
44546463042790,12:22:26.463,22.7900,4
44564275615064,12:22:44.275,22.7950,20
44574201702098,12:22:54.201,22.7950,80
44594560878985,12:23:14.560,22.7900,100
44594560878985,12:23:14.560,22.7900,14
44594560878985,12:23:14.560,22.7900,100
44594560878985,12:23:14.560,22.7900,86
44594560908157,12:23:14.560,22.7900,14
44607926751089,12:23:27.926,22.7800,300
44607926751089,12:23:27.926,22.7800,100
44689105155123,12:24:49.105,22.7700,100
44689105155123,12:24:49.105,22.7700,100
44689105155123,12:24:49.105,22.7700,18
44775566383006,12:26:15.566,22.7600,100
44775566383006,12:26:15.566,22.7600,48
44775566459340,12:26:15.566,22.7600,52
44775566459340,12:26:15.566,22.7600,100
44775566459340,12:26:15.566,22.7600,100
44775566459340,12:26:15.566,22.7600,21
44835362008304,12:27:15.362,22.7550,100
44992811082997,12:29:52.811,22.7500,100
44992811082997,12:29:52.811,22.7500,20
44992811082997,12:29:52.811,22.7500,100
44992811082997,12:29:52.811,22.7500,67
44992838544176,12:29:52.838,22.7400,100
44992838544176,12:29:52.838,22.7400,100
45001559012574,12:30:01.559,22.7350,100
45036803872382,12:30:36.803,22.7300,22
45060697963199,12:31:00.697,22.7200,100
45074206992394,12:31:14.206,22.7200,419
45074206992394,12:31:14.206,22.7200,254
45074208719306,12:31:14.208,22.7300,100
45074208719306,12:31:14.208,22.7300,100
45074208719306,12:31:14.208,22.7300,100
45074208719306,12:31:14.208,22.7300,100
45075319355012,12:31:15.319,22.7350,100
45075319418829,12:31:15.319,22.7350,100
45118584150781,12:31:58.584,22.7400,100
45118584150781,12:31:58.584,22.7400,100
45118584150781,12:31:58.584,22.7400,100
45128845829598,12:32:08.845,22.7400,100
45128845829598,12:32:08.845,22.7400,22
45128845829598,12:32:08.845,22.7400,78
45128845861670,12:32:08.845,22.7400,22
45140280471831,12:32:20.280,22.7400,100
45140280473107,12:32:20.280,22.7400,100
45140517665440,12:32:20.517,22.7450,100
45173024826660,12:32:53.024,22.7400,100
45173024826660,12:32:53.024,22.7400,100
45306402070997,12:35:06.402,22.7300,22
45306402070997,12:35:06.402,22.7300,78
45318456278812,12:35:18.456,22.7300,22
45318456278812,12:35:18.456,22.7300,200
45318456278812,12:35:18.456,22.7300,7
45335238983758,12:35:35.238,22.7300,190
45335239008725,12:35:35.239,22.7300,10
45335239008725,12:35:35.239,22.7300,100
45347624447673,12:35:47.624,22.7300,9
45371242816458,12:36:11.242,22.7300,100
45371242816458,12:36:11.242,22.7300,17
45449370570284,12:37:29.370,22.7300,100
45449372611437,12:37:29.372,22.7300,100
45454236570573,12:37:34.236,22.7300,48
45454236996690,12:37:34.236,22.7300,52
45484812453842,12:38:04.812,22.7300,1
45498567331909,12:38:18.567,22.7400,100
45498567411370,12:38:18.567,22.7400,100
45499253538342,12:38:19.253,22.7450,100
45504712696584,12:38:24.712,22.7400,200
45504712696584,12:38:24.712,22.7400,500
45504712696584,12:38:24.712,22.7400,20
45531902021407,12:38:51.902,22.7400,100
45540580754715,12:39:00.580,22.7400,100
45540580754715,12:39:00.580,22.7400,100
45572995881146,12:39:32.995,22.7400,93
45628936888738,12:40:28.936,22.7400,1
45633542656543,12:40:33.542,22.7400,90
45633542656543,12:40:33.542,22.7400,10
45633542769787,12:40:33.542,22.7400,7
45654965695902,12:40:54.965,22.7450,100
45654965695902,12:40:54.965,22.7400,200
45654965695902,12:40:54.965,22.7400,100
45708580492729,12:41:48.580,22.7400,100
45708580492729,12:41:48.580,22.7400,48
45708580553609,12:41:48.580,22.7400,52
45708580553609,12:41:48.580,22.7400,60
45708580795556,12:41:48.580,22.7400,40
45723329293401,12:42:03.329,22.7400,1
45724962879911,12:42:04.962,22.7400,20
45724992353020,12:42:04.992,22.7400,180
45724992353020,12:42:04.992,22.7400,100
45737885382227,12:42:17.885,22.7400,20
45795952067692,12:43:15.952,22.7400,80
45795952067692,12:43:15.952,22.7400,100
45843995595461,12:44:03.995,22.7400,100
45843995595461,12:44:03.995,22.7400,14
45843995595461,12:44:03.995,22.7400,400
45993692490194,12:46:33.692,22.7400,100
45993692490194,12:46:33.692,22.7400,16
45993692490194,12:46:33.692,22.7400,100
45993692490194,12:46:33.692,22.7400,7
46070030429806,12:47:50.030,22.7400,19
46193283450171,12:49:53.283,22.7400,100
46193283450171,12:49:53.283,22.7400,200
46193283450171,12:49:53.283,22.7400,100
46194256859169,12:49:54.256,22.7500,100
46194256859169,12:49:54.256,22.7500,100
46194256859169,12:49:54.256,22.7500,94
46286192549514,12:51:26.192,22.7700,100
46286192549514,12:51:26.192,22.7700,100
46286192549514,12:51:26.192,22.7700,100
46286192580637,12:51:26.192,22.7700,195
46286192590599,12:51:26.192,22.7700,5
46286192590599,12:51:26.192,22.7700,14
46343140214435,12:52:23.140,22.7600,100
46343140214435,12:52:23.140,22.7600,100
46343140214435,12:52:23.140,22.7600,14
46379857730540,12:52:59.857,22.7500,200
46379857730540,12:52:59.857,22.7500,98
46379857730540,12:52:59.857,22.7500,102
46379858985135,12:52:59.858,22.7500,98
46428475384449,12:53:48.475,22.7400,100
46486315159887,12:54:46.315,22.7300,22
46486315159887,12:54:46.315,22.7300,100
46486315159887,12:54:46.315,22.7300,100
46486315159887,12:54:46.315,22.7300,100
46486315159887,12:54:46.315,22.7300,100
46487480660603,12:54:47.480,22.7300,200
46495682771981,12:54:55.682,22.7300,200
46500759689711,12:55:00.759,22.7300,100
46535053032834,12:55:35.053,22.7300,100
46535053032834,12:55:35.053,22.7300,100
46569258893396,12:56:09.258,22.7200,100
46596479764829,12:56:36.479,22.7200,25
46596479764829,12:56:36.479,22.7200,100
46739445684740,12:58:59.445,22.7100,10
46767398427740,12:59:27.398,22.7200,20
46767398427740,12:59:27.398,22.7200,100
46768755159569,12:59:28.755,22.7200,200
46768755159569,12:59:28.755,22.7200,98
46768755159569,12:59:28.755,22.7200,100
46768755159569,12:59:28.755,22.7200,28
46784762587490,12:59:44.762,22.7100,100
46784762587490,12:59:44.762,22.7100,100
46784762587490,12:59:44.762,22.7100,100
46813447563780,13:00:13.447,22.7100,200
46813447563780,13:00:13.447,22.7100,100
46813447616201,13:00:13.447,22.7100,25
46822224433200,13:00:22.224,22.7000,15
46822224433200,13:00:22.224,22.7000,100
46822224433200,13:00:22.224,22.7000,100
46862115851967,13:01:02.115,22.7000,515
46862115882029,13:01:02.115,22.7000,82
46905964999313,13:01:45.964,22.7100,100
46905964999313,13:01:45.964,22.7100,100
46905964999313,13:01:45.964,22.7100,54
46928804684863,13:02:08.804,22.7100,100
46929274315900,13:02:09.274,22.7100,100
46929274315900,13:02:09.274,22.7100,100
46962757027586,13:02:42.757,22.7050,100
47008047224113,13:03:28.047,22.7100,100
47014668433245,13:03:34.668,22.7100,100
47014668618647,13:03:34.668,22.7100,100
47116641816540,13:05:16.641,22.7100,100
47116642052178,13:05:16.642,22.7100,100
47116642052178,13:05:16.642,22.7100,2
47123042591767,13:05:23.042,22.7100,100
47123042591767,13:05:23.042,22.7100,62
47207144389942,13:06:47.144,22.7100,100
47255350503665,13:07:35.350,22.7200,34
47410549008422,13:10:10.549,22.7150,100
47413130886529,13:10:13.130,22.7100,100
47413130886529,13:10:13.130,22.7100,300
47413130886529,13:10:13.130,22.7100,100
47413130921907,13:10:13.130,22.7100,24
47458510923184,13:10:58.510,22.7100,39
47458510923184,13:10:58.510,22.7100,8
47458510949730,13:10:58.510,22.7100,92
47458510949730,13:10:58.510,22.7100,100
47458510949730,13:10:58.510,22.7100,2
47458511404449,13:10:58.511,22.7100,100
47458511436212,13:10:58.511,22.7100,100
47458511436212,13:10:58.511,22.7100,100
47608583849614,13:13:28.583,22.7100,100
47608583849614,13:13:28.583,22.7100,100
47608583849614,13:13:28.583,22.7100,26
47608583849614,13:13:28.583,22.7100,100
47608583849614,13:13:28.583,22.7100,100
47608583849614,13:13:28.583,22.7100,5
47608845662105,13:13:28.845,22.7000,200
47608845662105,13:13:28.845,22.7000,100
47608845662105,13:13:28.845,22.7000,100
47608845662105,13:13:28.845,22.7000,14
47608845747160,13:13:28.845,22.7000,86
47608845747160,13:13:28.845,22.7000,100
47608845747160,13:13:28.845,22.7000,100
47659261139140,13:14:19.261,22.7000,70
47751898306851,13:15:51.898,22.7000,1
47751898306851,13:15:51.898,22.7000,96
47751898337788,13:15:51.898,22.7000,4
47851898633867,13:17:31.898,22.7100,100
47882824148454,13:18:02.824,22.7200,100
47882824233838,13:18:02.824,22.7200,20
47882825337292,13:18:02.825,22.7200,100
47882825337292,13:18:02.825,22.7200,100
47882825337292,13:18:02.825,22.7200,17
47882825337292,13:18:02.825,22.7200,383
47882825422464,13:18:02.825,22.7200,17
47882825422464,13:18:02.825,22.7200,92
47882825920834,13:18:02.825,22.7200,60
47882828315212,13:18:02.828,22.7150,49
47924717654504,13:18:44.717,22.7100,100
47924717654504,13:18:44.717,22.7100,800
47924717654504,13:18:44.717,22.7100,13
47924717654504,13:18:44.717,22.7100,23
47925829035569,13:18:45.829,22.7050,93
47926833261242,13:18:46.833,22.7050,7
47976946214872,13:19:36.946,22.7050,15
47977012728815,13:19:37.012,22.7050,85
48011745244561,13:20:11.745,22.7000,33
48011745244561,13:20:11.745,22.7000,24
48046004851895,13:20:46.004,22.6900,38
48126422201577,13:22:06.422,22.7000,100
48126422201577,13:22:06.422,22.7000,100
48126422201577,13:22:06.422,22.7000,2
48129117151419,13:22:09.117,22.7050,20
48132707494432,13:22:12.707,22.7050,80
48143278323776,13:22:23.278,22.7000,100
48178743656133,13:22:58.743,22.6900,100
48178743705745,13:22:58.743,22.6900,27
48178743705745,13:22:58.743,22.6900,100
48201522870847,13:23:21.522,22.6900,48
48243681551732,13:24:03.681,22.6900,52
48243681551732,13:24:03.681,22.6900,47
48243681598309,13:24:03.681,22.6900,53
48291859251965,13:24:51.859,22.6900,100
48311942260672,13:25:11.942,22.6900,29
48481576976173,13:28:01.576,22.6900,100
48481576976173,13:28:01.576,22.6900,100
48481576976173,13:28:01.576,22.6900,100
48491428331162,13:28:11.428,22.6900,100
48491428331162,13:28:11.428,22.6900,33
48491428331162,13:28:11.428,22.6900,23
48491428331162,13:28:11.428,22.6900,49
48491428357146,13:28:11.428,22.6900,100
48594754203139,13:29:54.754,22.6900,51
48594754203139,13:29:54.754,22.6900,100
48594754203139,13:29:54.754,22.6900,100
48601997989201,13:30:01.997,22.6850,100
48641134760863,13:30:41.134,22.6900,300
48680946903834,13:31:20.946,22.7000,89
48680946923409,13:31:20.946,22.7000,111
48680973554274,13:31:20.973,22.7000,2
48744564590085,13:32:24.564,22.7000,100
48744564590085,13:32:24.564,22.7000,400
48744564590085,13:32:24.564,22.7000,18
48744564590085,13:32:24.564,22.7000,100
48744564590085,13:32:24.564,22.7000,20
48796673485429,13:33:16.673,22.7000,98
48796673822329,13:33:16.673,22.7000,2
48796673822329,13:33:16.673,22.7000,52
48797310491878,13:33:17.310,22.7000,100
48818208216543,13:33:38.208,22.7000,100
48818208216543,13:33:38.208,22.7000,19
48818208216543,13:33:38.208,22.7000,100
48818208216543,13:33:38.208,22.7000,100
48845021830386,13:34:05.021,22.6950,100
48845021830386,13:34:05.021,22.6900,400
48845021830386,13:34:05.021,22.6900,900
48845021830386,13:34:05.021,22.6900,100
48845021830386,13:34:05.021,22.6900,100
48845021830386,13:34:05.021,22.6900,38
48845021830386,13:34:05.021,22.6900,42
48845021830386,13:34:05.021,22.6900,100
48845022906281,13:34:05.022,22.6900,100
48845022970205,13:34:05.022,22.6900,100
48881095375214,13:34:41.095,22.6800,2
48883359815749,13:34:43.359,22.6800,34
48883359815749,13:34:43.359,22.6800,44
48883359815749,13:34:43.359,22.6800,100
48883359815749,13:34:43.359,22.6800,70
48909318278025,13:35:09.318,22.6700,1
49032235725197,13:37:12.235,22.6700,6
49227002147770,13:40:27.002,22.6750,100
49233438177979,13:40:33.438,22.6800,2
49233439046972,13:40:33.439,22.6800,1
49284759465916,13:41:24.759,22.6700,41
49284759495314,13:41:24.759,22.6700,59
49284759495314,13:41:24.759,22.6700,200
49284759495314,13:41:24.759,22.6700,200
49284759495314,13:41:24.759,22.6700,46
49284759495314,13:41:24.759,22.6700,200
49284760392751,13:41:24.760,22.6600,100
49284760392751,13:41:24.760,22.6600,100
49284760392751,13:41:24.760,22.6600,100
49284760392751,13:41:24.760,22.6600,12
49284760392751,13:41:24.760,22.6600,69
49284760409871,13:41:24.760,22.6600,31
49284760409871,13:41:24.760,22.6600,100
49284760409871,13:41:24.760,22.6600,20
49284767396651,13:41:24.767,22.6500,2
49284784605087,13:41:24.784,22.6500,98
49284784605087,13:41:24.784,22.6500,100
49284784605087,13:41:24.784,22.6500,100
49284784605087,13:41:24.784,22.6500,2
49284785409733,13:41:24.785,22.6500,2
49284827361760,13:41:24.827,22.6500,98
49284827361760,13:41:24.827,22.6500,2
49291338461648,13:41:31.338,22.6500,200
49291338461648,13:41:31.338,22.6500,100
49291338461648,13:41:31.338,22.6500,100
49380589378428,13:43:00.589,22.6500,100
49380589378428,13:43:00.589,22.6500,100
49380589378428,13:43:00.589,22.6500,100
49380589378428,13:43:00.589,22.6500,100
49380591569248,13:43:00.591,22.6500,100
49380694147695,13:43:00.694,22.6500,1
49437502996477,13:43:57.502,22.6550,100
49498156473183,13:44:58.156,22.6550,4
49501370775270,13:45:01.370,22.6500,3
49501384228684,13:45:01.384,22.6500,97
49501384228684,13:45:01.384,22.6500,72
49501384228684,13:45:01.384,22.6500,100
49501384228684,13:45:01.384,22.6500,200
49501639132506,13:45:01.639,22.6400,100
49501639132506,13:45:01.639,22.6400,100
49501639226171,13:45:01.639,22.6400,100
49501639281810,13:45:01.639,22.6400,100
49502083773770,13:45:02.083,22.6350,44
49551164260449,13:45:51.164,22.6400,1
49552917840041,13:45:52.917,22.6400,100
49567746773519,13:46:07.746,22.6300,100
49567746773519,13:46:07.746,22.6300,55
49567746773519,13:46:07.746,22.6300,19
49567746773519,13:46:07.746,22.6300,100
49567746773519,13:46:07.746,22.6300,100
49567748058524,13:46:07.748,22.6300,100
49567771584960,13:46:07.771,22.6300,100
49567778468431,13:46:07.778,22.6300,100
49574273878353,13:46:14.273,22.6200,1
49640877859290,13:47:20.877,22.6200,49
49640877859290,13:47:20.877,22.6200,49
49682547733827,13:48:02.547,22.6200,18
49682548157050,13:48:02.548,22.6200,33
49682548157050,13:48:02.548,22.6200,191
49682548157050,13:48:02.548,22.6200,64
49682553962663,13:48:02.553,22.6100,3
49682555113129,13:48:02.555,22.6100,2
49757399202646,13:49:17.399,22.6200,2
49757399202646,13:49:17.399,22.6200,100
49761439599428,13:49:21.439,22.6200,1
49894681742353,13:51:34.681,22.6200,99
49894681742353,13:51:34.681,22.6200,100
49894681742353,13:51:34.681,22.6200,52
49894681742353,13:51:34.681,22.6200,23
49894681742353,13:51:34.681,22.6200,114
49894681742353,13:51:34.681,22.6200,67
49894681742353,13:51:34.681,22.6200,100
49897312059049,13:51:37.312,22.6100,200
49897312059049,13:51:37.312,22.6100,100
49901757454478,13:51:41.757,22.6100,100
49901757454478,13:51:41.757,22.6100,500
49901757454478,13:51:41.757,22.6100,1
49937067888122,13:52:17.067,22.6200,100
49937141686045,13:52:17.141,22.6200,1
49939512272542,13:52:19.512,22.6200,100
49939512272542,13:52:19.512,22.6200,500
49945194773012,13:52:25.194,22.6100,100
49945194773012,13:52:25.194,22.6100,100
50005398836429,13:53:25.398,22.6100,1
50005398836429,13:53:25.398,22.6100,300
50005398836429,13:53:25.398,22.6100,100
50005442297040,13:53:25.442,22.6150,50
50155103469399,13:55:55.103,22.6100,100
50155103469399,13:55:55.103,22.6100,49
50155103513111,13:55:55.103,22.6100,51
50155103513111,13:55:55.103,22.6100,57
50155103513111,13:55:55.103,22.6100,200
50155103513111,13:55:55.103,22.6100,13
50220889173902,13:57:00.889,22.6100,2
50220889786483,13:57:00.889,22.6100,2
50220891491434,13:57:00.891,22.6100,100
50220891530462,13:57:00.891,22.6100,100
50220891567586,13:57:00.891,22.6100,40
50221060662035,13:57:01.060,22.6100,7
50339588095177,13:58:59.588,22.6100,100
50339588165628,13:58:59.588,22.6100,177
50339588165628,13:58:59.588,22.6100,300
50339588165628,13:58:59.588,22.6100,100
50339588165628,13:58:59.588,22.6100,51
50340060126090,13:59:00.060,22.6100,63
50340060133068,13:59:00.060,22.6100,37
50340060133068,13:59:00.060,22.6100,2
50340060133068,13:59:00.060,22.6100,100
50340364097350,13:59:00.364,22.6100,1
50340437680601,13:59:00.437,22.6100,1
50342560092267,13:59:02.560,22.6200,100
50342560092267,13:59:02.560,22.6200,100
50342560092267,13:59:02.560,22.6200,1
50342560092267,13:59:02.560,22.6200,20
50342560092267,13:59:02.560,22.6200,200
50342598048835,13:59:02.598,22.6300,100
50347873393958,13:59:07.873,22.6300,200
50347873755208,13:59:07.873,22.6300,53
50360309183701,13:59:20.309,22.6300,12
50390011898332,13:59:50.011,22.6400,4
50402688910009,14:00:02.688,22.6300,100
50402688910009,14:00:02.688,22.6300,2
50402688910009,14:00:02.688,22.6300,85
50402688910009,14:00:02.688,22.6300,20
50402688910009,14:00:02.688,22.6300,78
50402700641819,14:00:02.700,22.6300,100
50402700641819,14:00:02.700,22.6300,300
50402715201943,14:00:02.715,22.6300,100
50402715472257,14:00:02.715,22.6200,85
50402715472257,14:00:02.715,22.6200,100
50402730282018,14:00:02.730,22.6300,100
50402963282537,14:00:02.963,22.6200,1600
50403559924702,14:00:03.559,22.6300,33
50405720224882,14:00:05.720,22.6300,363
50405720224882,14:00:05.720,22.6300,100
50406727846991,14:00:06.727,22.6400,200
50407402333743,14:00:07.402,22.6500,100
50407402591192,14:00:07.402,22.6500,100
50407690652798,14:00:07.690,22.6600,100
50407690652798,14:00:07.690,22.6600,100
50407838538247,14:00:07.838,22.6600,200
50407839102150,14:00:07.839,22.6700,200
50407925886637,14:00:07.925,22.6500,1
50408993812798,14:00:08.993,22.6700,2
50409000889310,14:00:09.000,22.6900,100
50409001894021,14:00:09.001,22.6700,7
50411886939587,14:00:11.886,22.7100,200
50412447477926,14:00:12.447,22.7000,256
50412447477926,14:00:12.447,22.7000,144
50412447915030,14:00:12.447,22.7000,56
50413012129309,14:00:13.012,22.7200,200
50413017553380,14:00:13.017,22.7200,100
50413052914682,14:00:13.052,22.7300,100
50413052914682,14:00:13.052,22.7300,100
50413052914682,14:00:13.052,22.7300,100
50413097322862,14:00:13.097,22.7400,100
50414287334911,14:00:14.287,22.7300,100
50415734158634,14:00:15.734,22.7100,100
50416492791780,14:00:16.492,22.7100,252
50416492791780,14:00:16.492,22.7100,300
50416493215978,14:00:16.493,22.7100,300
50416493215978,14:00:16.493,22.7100,100
50416493265459,14:00:16.493,22.7100,300
50421234570073,14:00:21.234,22.7100,200
50421912134659,14:00:21.912,22.7200,100
50421912134659,14:00:21.912,22.7200,100
50430946463489,14:00:30.946,22.6900,100
50430946463489,14:00:30.946,22.6900,100
50442134094804,14:00:42.134,22.7000,100
50442134094804,14:00:42.134,22.7000,100
50442135802650,14:00:42.135,22.7000,100
50442136566271,14:00:42.136,22.7000,100
50442137269485,14:00:42.137,22.7000,100
50442138549398,14:00:42.138,22.7000,100
50447081508897,14:00:47.081,22.6900,100
50447081534391,14:00:47.081,22.6900,100
50466754051698,14:01:06.754,22.7000,100
50471955885412,14:01:11.955,22.6900,100
50471955885412,14:01:11.955,22.6900,75
50497996007383,14:01:37.996,22.7100,100
50497996007383,14:01:37.996,22.7100,400
50498002824138,14:01:38.002,22.7000,1
50515805300506,14:01:55.805,22.7000,99
50515805300506,14:01:55.805,22.7000,1
50515805463564,14:01:55.805,22.7000,9
50537067183198,14:02:17.067,22.7000,100
50537067183198,14:02:17.067,22.7000,100
50537067405515,14:02:17.067,22.7000,200
50537067455402,14:02:17.067,22.7000,100
50537067919644,14:02:17.067,22.6900,45
50537067999709,14:02:17.067,22.6900,145
50537067999709,14:02:17.067,22.6900,100
50537067999709,14:02:17.067,22.6900,100
50537069569630,14:02:17.069,22.6900,100
50537069569630,14:02:17.069,22.6900,100
50563213512778,14:02:43.213,22.6900,300
50575770582069,14:02:55.770,22.7000,20
50575771395278,14:02:55.771,22.7000,180
50575771395278,14:02:55.771,22.7000,100
50609555138371,14:03:29.555,22.7200,100
50615082109669,14:03:35.082,22.7300,1
50615082109669,14:03:35.082,22.7300,99
50615082291374,14:03:35.082,22.7300,1
50616600618090,14:03:36.600,22.7300,200
50616600618090,14:03:36.600,22.7300,100
50626154246575,14:03:46.154,22.7300,1
50641028574767,14:04:01.028,22.7300,200
50652621969324,14:04:12.621,22.7500,1
50678117742159,14:04:38.117,22.7400,100
50678117742159,14:04:38.117,22.7400,100
50679820239681,14:04:39.820,22.7500,100
50679820239681,14:04:39.820,22.7500,100
50701836370918,14:05:01.836,22.7600,37
50701836395551,14:05:01.836,22.7600,63
50705971563696,14:05:05.971,22.7700,1
50708376552313,14:05:08.376,22.7700,100
50721707782835,14:05:21.707,22.7600,100
50721707782835,14:05:21.707,22.7600,35
50792601885534,14:06:32.601,22.7700,1
50792601885534,14:06:32.601,22.7700,1
50792601934675,14:06:32.601,22.7700,2
50792601942604,14:06:32.601,22.7700,2
50792602301745,14:06:32.602,22.7700,2
50792602333828,14:06:32.602,22.7700,2
50792753500428,14:06:32.753,22.7700,2
50792753986872,14:06:32.753,22.7700,2
50792754247770,14:06:32.754,22.7700,2
50792754264847,14:06:32.754,22.7700,2
50802934854149,14:06:42.934,22.7700,83
50802934854149,14:06:42.934,22.7700,4
50814817809161,14:06:54.817,22.7700,100
50832320773064,14:07:12.320,22.7700,100
50878892304972,14:07:58.892,22.7600,34
50878892304972,14:07:58.892,22.7600,100
50878892304972,14:07:58.892,22.7600,100
50912712918688,14:08:32.712,22.7600,100
50947836182349,14:09:07.836,22.7800,100
50947836182349,14:09:07.836,22.7800,4
50968222728864,14:09:28.222,22.7800,100
50968222728864,14:09:28.222,22.7800,100
50968222728864,14:09:28.222,22.7800,100
50968222728864,14:09:28.222,22.7800,100
50968222803207,14:09:28.222,22.7800,100
50968222803207,14:09:28.222,22.7800,100
50968222803207,14:09:28.222,22.7800,32
50968223412541,14:09:28.223,22.7800,99
50968240612030,14:09:28.240,22.7700,100
50968240612030,14:09:28.240,22.7700,100
50996660070364,14:09:56.660,22.7600,3
51011293102806,14:10:11.293,22.7700,2
51011293260145,14:10:11.293,22.7700,2
51011293412455,14:10:11.293,22.7700,2
51011293801538,14:10:11.293,22.7700,2
51011294207820,14:10:11.294,22.7700,2
51011294361047,14:10:11.294,22.7700,2
51011294753500,14:10:11.294,22.7700,2
51012615815500,14:10:12.615,22.7700,186
51012615815500,14:10:12.615,22.7700,1
51012615815500,14:10:12.615,22.7700,17
51014384345482,14:10:14.384,22.7700,100
51031237633447,14:10:31.237,22.7600,100
51031237633447,14:10:31.237,22.7600,34
51031237633447,14:10:31.237,22.7600,100
51041057679038,14:10:41.057,22.7600,100
51060403817709,14:11:00.403,22.7700,2
51070984404560,14:11:10.984,22.7800,6
51070984419131,14:11:10.984,22.7800,94
51070984419131,14:11:10.984,22.7800,57
51081571379407,14:11:21.571,22.7900,100
51082679507962,14:11:22.679,22.7900,100
51082971901434,14:11:22.971,22.7900,100
51082971901434,14:11:22.971,22.7900,100
51082971901434,14:11:22.971,22.7900,100
51082971901434,14:11:22.971,22.7900,54
51082971901434,14:11:22.971,22.7900,46
51099522446384,14:11:39.522,22.7900,100
51101206363230,14:11:41.206,22.7900,50
51153232956323,14:12:33.232,22.7900,100
51177169609920,14:12:57.169,22.8000,100
51181899968536,14:13:01.899,22.8000,100
51181899968536,14:13:01.899,22.8000,100
51181899968536,14:13:01.899,22.8000,62
51214411172177,14:13:34.411,22.8000,1
51214411172177,14:13:34.411,22.8000,100
51216599959495,14:13:36.599,22.8000,67
51228330917364,14:13:48.330,22.8000,33
51240458257149,14:14:00.458,22.8000,1
51240458257149,14:14:00.458,22.8000,100
51240939606450,14:14:00.939,22.8000,1
51256394529882,14:14:16.394,22.8100,2
51256395107315,14:14:16.395,22.8100,2
51256395731177,14:14:16.395,22.8100,1
51256474048372,14:14:16.474,22.8100,95
51256474048372,14:14:16.474,22.8100,1
51263625483577,14:14:23.625,22.8100,22
51263625483577,14:14:23.625,22.8100,200
51263625483577,14:14:23.625,22.8100,100
51273691149613,14:14:33.691,22.8100,100
51281411560741,14:14:41.411,22.8100,56
51281411560741,14:14:41.411,22.8100,44
51300165371223,14:15:00.165,22.8000,23
51300165371223,14:15:00.165,22.8000,100
51300165371223,14:15:00.165,22.8000,100
51300165371223,14:15:00.165,22.8000,100
51300165371223,14:15:00.165,22.8000,100
51300179580174,14:15:00.179,22.8000,100
51300223195221,14:15:00.223,22.7900,100
51300223195221,14:15:00.223,22.7900,100
51300224345842,14:15:00.224,22.7900,100
51300224345842,14:15:00.224,22.7900,11
51300958633786,14:15:00.958,22.7900,16
51300958667710,14:15:00.958,22.7900,84
51305565138290,14:15:05.565,22.7900,48
51305565331253,14:15:05.565,22.7900,152
51305565331253,14:15:05.565,22.7900,56
51307012962756,14:15:07.012,22.7900,100
51307024852783,14:15:07.024,22.7900,17
51307024903487,14:15:07.024,22.7900,183
51307024903487,14:15:07.024,22.7900,100
51307024903487,14:15:07.024,22.7900,200
51307024903487,14:15:07.024,22.7900,17
51307026361721,14:15:07.026,22.7900,183
51307026361721,14:15:07.026,22.7900,100
51307026361721,14:15:07.026,22.7900,100
51307026361721,14:15:07.026,22.7900,100
51307026361721,14:15:07.026,22.7900,100
51308608344074,14:15:08.608,22.7900,100
51348756512016,14:15:48.756,22.7800,3
51385481260761,14:16:25.481,22.7900,55
51385481260761,14:16:25.481,22.7900,100
51385481260761,14:16:25.481,22.7900,200
51385481632742,14:16:25.481,22.7900,200
51400191978490,14:16:40.191,22.8000,100
51400193341745,14:16:40.193,22.8000,100
51400194632830,14:16:40.194,22.8000,100
51400194858701,14:16:40.194,22.8000,100
51400195476755,14:16:40.195,22.8000,100
51400195575864,14:16:40.195,22.8000,100
51407095986209,14:16:47.095,22.8000,300
51407095986209,14:16:47.095,22.8000,100
51415461331847,14:16:55.461,22.8000,100
51415461331847,14:16:55.461,22.8000,71
51426859434498,14:17:06.859,22.8000,100
51426867244499,14:17:06.867,22.8000,4
51432017043059,14:17:12.017,22.8100,500
51432017043059,14:17:12.017,22.8100,100
51432017074477,14:17:12.017,22.8100,22
51434223202135,14:17:14.223,22.8000,100
51434223202135,14:17:14.223,22.8000,100
51452467949274,14:17:32.467,22.8000,1
51485124684621,14:18:05.124,22.8000,100
51485124684621,14:18:05.124,22.8000,1
51491424857254,14:18:11.424,22.8000,100
51491424857254,14:18:11.424,22.8000,100
51491424857254,14:18:11.424,22.8000,39
51548914317081,14:19:08.914,22.8000,231
51548914326802,14:19:08.914,22.8000,69
51548914326802,14:19:08.914,22.8000,31
51548914329832,14:19:08.914,22.8000,48
51548914338617,14:19:08.914,22.8000,21
51548914338617,14:19:08.914,22.8000,79
51548914347948,14:19:08.914,22.8000,21
51548914347948,14:19:08.914,22.8000,100
51550889193863,14:19:10.889,22.8000,3
51551963080040,14:19:11.963,22.8000,66
51551963080040,14:19:11.963,22.8000,100
51551963080040,14:19:11.963,22.8000,100
51551963080040,14:19:11.963,22.8000,100
51551963080040,14:19:11.963,22.8000,100
51577708001057,14:19:37.708,22.7950,3
51634137181259,14:20:34.137,22.7900,100
51634137181259,14:20:34.137,22.7900,100
51634137181259,14:20:34.137,22.7900,100
51634137181259,14:20:34.137,22.7900,100
51634137181259,14:20:34.137,22.7900,35
51634137181259,14:20:34.137,22.7900,100
51634137181259,14:20:34.137,22.7900,100
51635690445074,14:20:35.690,22.7800,100
51635690445074,14:20:35.690,22.7800,100
51635690445074,14:20:35.690,22.7800,100
51635690445074,14:20:35.690,22.7800,100
51635690445074,14:20:35.690,22.7800,10
51635690481216,14:20:35.690,22.7800,70
51643011970843,14:20:43.011,22.7800,116
51643012012732,14:20:43.012,22.7800,184
51653983676249,14:20:53.983,22.7800,100
51653983676249,14:20:53.983,22.7800,100
51658216577830,14:20:58.216,22.7900,1
51673619807098,14:21:13.619,22.8000,100
51673635959349,14:21:13.635,22.8050,67
51713614952993,14:21:53.614,22.8100,1
51713614952993,14:21:53.614,22.8100,100
51722854830123,14:22:02.854,22.8200,1
51724062299872,14:22:04.062,22.8200,100
51724062299872,14:22:04.062,22.8200,68
51724062444149,14:22:04.062,22.8200,132
51724062444149,14:22:04.062,22.8200,31
51733180353757,14:22:13.180,22.8100,48
51733212839319,14:22:13.212,22.8100,12
51750386262146,14:22:30.386,22.8100,40
51750386262146,14:22:30.386,22.8100,100
51759076271271,14:22:39.076,22.8100,100
51760325652643,14:22:40.325,22.8200,100
51774266380817,14:22:54.266,22.8100,100
51776221027555,14:22:56.221,22.8100,1
51782493956682,14:23:02.493,22.8100,3
51783466658302,14:23:03.466,22.8100,2
51783467444617,14:23:03.467,22.8100,95
51801214802206,14:23:21.214,22.8100,100
51801214802206,14:23:21.214,22.8100,100
51801214802206,14:23:21.214,22.8100,100
51803799482329,14:23:23.799,22.8200,400
51803799482329,14:23:23.799,22.8200,100
51803799482329,14:23:23.799,22.8200,1
51841782279655,14:24:01.782,22.8200,100
51841782279655,14:24:01.782,22.8200,100
51841782279655,14:24:01.782,22.8200,100
51844141800139,14:24:04.141,22.8200,34
51844141836426,14:24:04.141,22.8200,366
51844141836426,14:24:04.141,22.8200,100
51844141836426,14:24:04.141,22.8200,34
51844141860406,14:24:04.141,22.8200,66
51845922306485,14:24:05.922,22.8200,100
51848767007126,14:24:08.767,22.8200,48
51850891745117,14:24:10.891,22.8200,70
51850891812202,14:24:10.891,22.8200,3
51850892122782,14:24:10.892,22.8200,2
51850892174785,14:24:10.892,22.8200,1
51860448745946,14:24:20.448,22.8200,16
51860448745946,14:24:20.448,22.8200,6
51943967889736,14:25:43.967,22.8100,100
51943967889736,14:25:43.967,22.8100,100
51943967889736,14:25:43.967,22.8100,37
51943967889736,14:25:43.967,22.8100,100
51943967889736,14:25:43.967,22.8100,100
51943967889736,14:25:43.967,22.8100,100
51943967889736,14:25:43.967,22.8100,100
51943967889736,14:25:43.967,22.8100,100
51943967889736,14:25:43.967,22.8100,100
51963845296295,14:26:03.845,22.8000,48
51963845828792,14:26:03.845,22.8000,19
51964523299351,14:26:04.523,22.8000,40
52013603922712,14:26:53.603,22.7900,100
52042789521407,14:27:22.789,22.7800,100
52042789521407,14:27:22.789,22.7800,100
52042789521407,14:27:22.789,22.7800,100
52065297661329,14:27:45.297,22.7700,100
52065297661329,14:27:45.297,22.7700,100
52065297661329,14:27:45.297,22.7700,9
52079047452086,14:27:59.047,22.7650,100
52079047452086,14:27:59.047,22.7700,100
52079047452086,14:27:59.047,22.7700,100
52079047452086,14:27:59.047,22.7700,100
52079047452086,14:27:59.047,22.7700,100
52079047741927,14:27:59.047,22.7700,100
52079047741927,14:27:59.047,22.7700,100
52079047771204,14:27:59.047,22.7700,100
52079047945741,14:27:59.047,22.7700,200
52079053451842,14:27:59.053,22.7700,10
52081678612274,14:28:01.678,22.7800,100
52154284108790,14:29:14.284,22.7800,35
52154284108790,14:29:14.284,22.7800,100
52154284108790,14:29:14.284,22.7800,100
52154284108790,14:29:14.284,22.7800,100
52154284108790,14:29:14.284,22.7800,100
52154284108790,14:29:14.284,22.7800,100
52154284108790,14:29:14.284,22.7800,100
52154475400017,14:29:14.475,22.7700,4
52154550185114,14:29:14.550,22.7700,96
52181677348065,14:29:41.677,22.7600,100
52183797425090,14:29:43.797,22.7600,100
52202251138814,14:30:02.251,22.7600,100
52203442192985,14:30:03.442,22.7500,14
52203868857868,14:30:03.868,22.7500,37
52214019107942,14:30:14.019,22.7500,101
52214019456160,14:30:14.019,22.7500,100
52214020090028,14:30:14.020,22.7500,100
52214020254287,14:30:14.020,22.7500,100
52214020438175,14:30:14.020,22.7500,100
52214020438175,14:30:14.020,22.7500,100
52232181510964,14:30:32.181,22.7500,101
52232181510964,14:30:32.181,22.7500,100
52232181510964,14:30:32.181,22.7500,100
52233497774217,14:30:33.497,22.7600,100
52233497774217,14:30:33.497,22.7600,100
52233497774217,14:30:33.497,22.7600,100
52233497774217,14:30:33.497,22.7600,100
52262302622583,14:31:02.302,22.7600,100
52262302724168,14:31:02.302,22.7600,100
52262302724168,14:31:02.302,22.7600,100
52262302724168,14:31:02.302,22.7600,100
52262302724168,14:31:02.302,22.7600,100
52262302724168,14:31:02.302,22.7600,8
52276749151661,14:31:16.749,22.7600,100
52291393602200,14:31:31.393,22.7500,100
52291393602200,14:31:31.393,22.7500,100
52291393602200,14:31:31.393,22.7500,15
52348786164678,14:32:28.786,22.7500,500
52348786164678,14:32:28.786,22.7500,100
52348786295639,14:32:28.786,22.7500,100
52358777903780,14:32:38.777,22.7500,1
52358777928996,14:32:38.777,22.7500,99
52358777928996,14:32:38.777,22.7500,100
52358777928996,14:32:38.777,22.7500,100
52358777928996,14:32:38.777,22.7500,40
52396096681910,14:33:16.096,22.7400,2
52429277537582,14:33:49.277,22.7500,2
52429277537582,14:33:49.277,22.7500,200
52429277835139,14:33:49.277,22.7500,100
52429277835139,14:33:49.277,22.7500,100
52435518479528,14:33:55.518,22.7550,40
52435518479528,14:33:55.518,22.7550,60
52435518838003,14:33:55.518,22.7500,200
52435519143820,14:33:55.519,22.7500,100
52435519402060,14:33:55.519,22.7500,100
52435519753505,14:33:55.519,22.7500,100
52445292684698,14:34:05.292,22.7600,2
52446449990593,14:34:06.449,22.7600,100
52446449990593,14:34:06.449,22.7600,100
52446449990593,14:34:06.449,22.7600,1
52446449990593,14:34:06.449,22.7600,1
52447265661942,14:34:07.265,22.7600,100
52451625637105,14:34:11.625,22.7600,100
52496841599571,14:34:56.841,22.7600,1
52496841599571,14:34:56.841,22.7600,100
52509064798297,14:35:09.064,22.7600,3
52557315990940,14:35:57.315,22.7650,20
52564227531343,14:36:04.227,22.7600,97
52564227531343,14:36:04.227,22.7600,100
52564227531343,14:36:04.227,22.7600,3
52564227608604,14:36:04.227,22.7600,25
52564227608604,14:36:04.227,22.7600,100
52564227608604,14:36:04.227,22.7600,100
52564227608604,14:36:04.227,22.7600,44
52566338496401,14:36:06.338,22.7500,100
52566338496401,14:36:06.338,22.7500,100
52566338496401,14:36:06.338,22.7500,100
52573465170329,14:36:13.465,22.7400,100
52576477050606,14:36:16.477,22.7400,100
52576683435837,14:36:16.683,22.7400,96
52576683888953,14:36:16.683,22.7400,4
52576683888953,14:36:16.683,22.7400,10
52577656001576,14:36:17.656,22.7400,90
52577656001576,14:36:17.656,22.7400,10
52579097043157,14:36:19.097,22.7500,400
52579097276689,14:36:19.097,22.7500,100
52579097276689,14:36:19.097,22.7500,100
52579097276689,14:36:19.097,22.7500,1
52586374791423,14:36:26.374,22.7400,100
52594839393685,14:36:34.839,22.7400,100
52611251610282,14:36:51.251,22.7400,1
52618629236497,14:36:58.629,22.7400,100
52618630269907,14:36:58.630,22.7300,100
52618630269907,14:36:58.630,22.7300,30
52619441048221,14:36:59.441,22.7300,100
52637423304372,14:37:17.423,22.7450,90
52637553253353,14:37:17.553,22.7400,1
52644237998446,14:37:24.237,22.7500,100
52644802952885,14:37:24.802,22.7550,100
52646228889382,14:37:26.228,22.7550,100
52649571517313,14:37:29.571,22.7500,100
52649571517313,14:37:29.571,22.7500,48
52649571566452,14:37:29.571,22.7500,52
52649571619376,14:37:29.571,22.7500,52
52649672506147,14:37:29.672,22.7500,48
52655317741638,14:37:35.317,22.7500,1
52655317741638,14:37:35.317,22.7500,33
52655318612005,14:37:35.318,22.7500,67
52701499038227,14:38:21.499,22.7600,100
52701499038227,14:38:21.499,22.7600,28
52701503585548,14:38:21.503,22.7600,72
52701503585548,14:38:21.503,22.7600,100
52701503585548,14:38:21.503,22.7600,28
52701503618999,14:38:21.503,22.7600,230
52701503670818,14:38:21.503,22.7600,67
52709962425735,14:38:29.962,22.7600,1
52710523108697,14:38:30.523,22.7600,700
52710523134284,14:38:30.523,22.7600,199
52710523134284,14:38:30.523,22.7600,100
52728230921400,14:38:48.230,22.7700,200
52728230921400,14:38:48.230,22.7700,133
52728231256265,14:38:48.231,22.7700,67
52728231958380,14:38:48.231,22.7700,67
52728232253469,14:38:48.232,22.7700,133
52728233535376,14:38:48.233,22.7700,100
52730158162910,14:38:50.158,22.7750,100
52734955785120,14:38:54.955,22.7700,300
52734955785120,14:38:54.955,22.7700,100
52735220499209,14:38:55.220,22.7600,100
52735220499209,14:38:55.220,22.7600,44
52735220499209,14:38:55.220,22.7600,100
52743410001344,14:39:03.410,22.7600,100
52763050326636,14:39:23.050,22.7500,100
52763050326636,14:39:23.050,22.7500,100
52763050326636,14:39:23.050,22.7500,100
52770485888609,14:39:30.485,22.7400,25
52770485888609,14:39:30.485,22.7400,100
52801472328089,14:40:01.472,22.7400,5
52801472403608,14:40:01.472,22.7400,95
52893218635804,14:41:33.218,22.7300,5
52951376129768,14:42:31.376,22.7300,100
52951376129768,14:42:31.376,22.7300,100
52951376129768,14:42:31.376,22.7300,100
52951376129768,14:42:31.376,22.7300,100
52951376129768,14:42:31.376,22.7300,100
52951376129768,14:42:31.376,22.7300,100
52951376129768,14:42:31.376,22.7300,42
52956134769819,14:42:36.134,22.7200,4
52959050813978,14:42:39.050,22.7200,100
52959050813978,14:42:39.050,22.7200,100
52959050813978,14:42:39.050,22.7200,100
52959050813978,14:42:39.050,22.7200,94
52964000653519,14:42:44.000,22.7200,2
52964000653519,14:42:44.000,22.7200,44
52964000680616,14:42:44.000,22.7200,56
52985376788953,14:43:05.376,22.7200,48
52985379370757,14:43:05.379,22.7200,52
52985379370757,14:43:05.379,22.7200,100
52995114808715,14:43:15.114,22.7100,100
52995114808715,14:43:15.114,22.7100,100
52995902177532,14:43:15.902,22.7100,200
52995902229312,14:43:15.902,22.7100,100
53000160346393,14:43:20.160,22.7100,100
53000225326932,14:43:20.225,22.7100,100
53000225326932,14:43:20.225,22.7100,100
53000225326932,14:43:20.225,22.7100,70
53000225326932,14:43:20.225,22.7100,100
53000225326932,14:43:20.225,22.7100,100
53000225326932,14:43:20.225,22.7100,100
53000225326932,14:43:20.225,22.7100,125
53000225326932,14:43:20.225,22.7100,100
53000225326932,14:43:20.225,22.7100,100
53030939254770,14:43:50.939,22.7350,58
53067261552238,14:44:27.261,22.7400,1
53067261552238,14:44:27.261,22.7400,100
53067267092472,14:44:27.267,22.7400,68
53067267092472,14:44:27.267,22.7400,100
53067267092472,14:44:27.267,22.7400,100
53067267092472,14:44:27.267,22.7400,100
53067267092472,14:44:27.267,22.7400,100
53067267092472,14:44:27.267,22.7400,100
53067267092472,14:44:27.267,22.7400,64
53090018994278,14:44:50.018,22.7400,100
53090018994278,14:44:50.018,22.7400,400
53090018994278,14:44:50.018,22.7400,1
53090018994278,14:44:50.018,22.7400,104
53161327167538,14:46:01.327,22.7500,100
53189252978384,14:46:29.252,22.7600,1
53189252978384,14:46:29.252,22.7600,100
53189284648452,14:46:29.284,22.7700,3
53189656088929,14:46:29.656,22.7650,4
53216745205318,14:46:56.745,22.7700,100
53216745205318,14:46:56.745,22.7700,100
53216745205318,14:46:56.745,22.7700,1
53216745967367,14:46:56.745,22.7700,100
53216745967367,14:46:56.745,22.7700,100
53216745967367,14:46:56.745,22.7700,100
53216745967367,14:46:56.745,22.7700,100
53216745967367,14:46:56.745,22.7700,200
53216745967367,14:46:56.745,22.7700,86
53228470782584,14:47:08.470,22.7700,100
53228471184961,14:47:08.471,22.7700,300
53228471184961,14:47:08.471,22.7700,100
53228471184961,14:47:08.471,22.7700,100
53228471184961,14:47:08.471,22.7700,200
53228471221795,14:47:08.471,22.7700,100
53228471278699,14:47:08.471,22.7700,100
53231284843408,14:47:11.284,22.7750,100
53244322004394,14:47:24.322,22.7700,100
53244322004394,14:47:24.322,22.7700,600
53244322004394,14:47:24.322,22.7700,100
53244322004394,14:47:24.322,22.7700,100
53244322004394,14:47:24.322,22.7700,100
53244322004394,14:47:24.322,22.7700,100
53244322004394,14:47:24.322,22.7700,100
53294495347271,14:48:14.495,22.7600,100
53294495347271,14:48:14.495,22.7600,300
53294495347271,14:48:14.495,22.7600,100
53294495347271,14:48:14.495,22.7600,49
53294495347271,14:48:14.495,22.7600,100
53294495347271,14:48:14.495,22.7600,100
53310385194941,14:48:30.385,22.7600,100
53314049736748,14:48:34.049,22.7600,100
53322158805201,14:48:42.158,22.7700,100
53357244091589,14:49:17.244,22.7800,1
53357244091589,14:49:17.244,22.7800,99
53367264620627,14:49:27.264,22.7800,1
53367264620627,14:49:27.264,22.7800,1
53367264620627,14:49:27.264,22.7800,20
53369564781289,14:49:29.564,22.7800,100
53369564781289,14:49:29.564,22.7800,200
53369564781289,14:49:29.564,22.7800,100
53369564834322,14:49:29.564,22.7800,74
53369565108886,14:49:29.565,22.7800,100
53370954958231,14:49:30.954,22.7750,85
53378283973778,14:49:38.283,22.7800,100
53378586095409,14:49:38.586,22.7800,100
53378586572258,14:49:38.586,22.7800,100
53378586864831,14:49:38.586,22.7800,100
53390305699536,14:49:50.305,22.7800,200
53402225363425,14:50:02.225,22.7800,100
53402533484515,14:50:02.533,22.7800,2
53408759835515,14:50:08.759,22.7800,100
53408759835515,14:50:08.759,22.7800,46
53408759835515,14:50:08.759,22.7800,100
53408760309130,14:50:08.760,22.7800,100
53427536788121,14:50:27.536,22.7700,60
53446759439998,14:50:46.759,22.7700,300
53446759700439,14:50:46.759,22.7700,40
53446759700439,14:50:46.759,22.7700,100
53446899667615,14:50:46.899,22.7600,300
53451539000849,14:50:51.539,22.7650,100
53465114947322,14:51:05.114,22.7600,200
53465114947322,14:51:05.114,22.7600,100
53465114947322,14:51:05.114,22.7600,100
53465114947322,14:51:05.114,22.7600,60
53465114947322,14:51:05.114,22.7600,200
53470333480495,14:51:10.333,22.7500,100
53470333480495,14:51:10.333,22.7500,100
53476260369678,14:51:16.260,22.7500,25
53476260401807,14:51:16.260,22.7500,75
53509513396365,14:51:49.513,22.7500,100
53509513396365,14:51:49.513,22.7500,10
53509618859392,14:51:49.618,22.7500,2
53510368679401,14:51:50.368,22.7500,100
53510368679401,14:51:50.368,22.7500,100
53513243443194,14:51:53.243,22.7500,100
53524781245060,14:52:04.781,22.7600,200
53526709055646,14:52:06.709,22.7700,100
53526709055646,14:52:06.709,22.7700,200
53538977699564,14:52:18.977,22.7700,100
53538977774857,14:52:18.977,22.7700,1
53542727108595,14:52:22.727,22.7900,100
53544023461727,14:52:24.023,22.7900,100
53556019626089,14:52:36.019,22.7900,200
53561017810550,14:52:41.017,22.7900,50
53580929121986,14:53:00.929,22.7900,2
53581223049460,14:53:01.223,22.7900,98
53617445311872,14:53:37.445,22.7900,70
53617448930785,14:53:37.448,22.7900,2
53630274292666,14:53:50.274,22.8000,2
53630274292666,14:53:50.274,22.8000,98
53630274330020,14:53:50.274,22.8000,2
53630274330020,14:53:50.274,22.8000,100
53635647574428,14:53:55.647,22.8000,44
53635647574428,14:53:55.647,22.8000,200
53635648152055,14:53:55.648,22.8000,48
53635648648916,14:53:55.648,22.8000,11
53635648684972,14:53:55.648,22.8000,41
53638654654705,14:53:58.654,22.8000,100
53640178181631,14:54:00.178,22.8000,100
53640178565385,14:54:00.178,22.8000,48
53640179405721,14:54:00.179,22.8000,52
53640179405721,14:54:00.179,22.8000,48
53645430147307,14:54:05.430,22.8000,100
53645430147307,14:54:05.430,22.8000,200
53645430147307,14:54:05.430,22.8000,48
53645430147307,14:54:05.430,22.8000,100
53705068070703,14:55:05.068,22.7900,500
53705068070703,14:55:05.068,22.7900,100
53705068070703,14:55:05.068,22.7900,100
53705818740915,14:55:05.818,22.7900,100
53705819159583,14:55:05.819,22.7900,48
53705821367474,14:55:05.821,22.7900,117
53705821391294,14:55:05.821,22.7900,135
53705840372624,14:55:05.840,22.7900,200
53706876442524,14:55:06.876,22.7900,3
53707877471439,14:55:07.877,22.7900,3
53709877871368,14:55:09.877,22.7900,2
53711876141922,14:55:11.876,22.7900,1
53712450363711,14:55:12.450,22.7900,343
53712450363711,14:55:12.450,22.7900,100
53712450363711,14:55:12.450,22.7900,57
53712450897965,14:55:12.450,22.7900,48
53712451518926,14:55:12.451,22.7900,2
53715846733795,14:55:15.846,22.7900,33
53715846733795,14:55:15.846,22.7900,100
53716824019707,14:55:16.824,22.7900,100
53716824019707,14:55:16.824,22.7900,100
53723543202936,14:55:23.543,22.7900,300
53723543238751,14:55:23.543,22.7900,100
53736006316780,14:55:36.006,22.7900,100
53736006316780,14:55:36.006,22.7900,300
53736006407088,14:55:36.006,22.7900,500
53739579811952,14:55:39.579,22.8000,100
53764929492069,14:56:04.929,22.8000,100
53764929573109,14:56:04.929,22.8000,400
53764929573109,14:56:04.929,22.8000,100
53764929573109,14:56:04.929,22.8000,100
53764929573109,14:56:04.929,22.8000,45
53764974476279,14:56:04.974,22.7900,1
53784195725072,14:56:24.195,22.7800,10
53791308468263,14:56:31.308,22.7900,100
53791418805877,14:56:31.418,22.8000,200
53791418805877,14:56:31.418,22.8000,600
53791418805877,14:56:31.418,22.8000,100
53792518342563,14:56:32.518,22.8100,58
53792518370246,14:56:32.518,22.8100,42
53792518370246,14:56:32.518,22.8100,20
53795748467580,14:56:35.748,22.8100,300
53795748467580,14:56:35.748,22.8100,100
53800140259016,14:56:40.140,22.8100,100
53800140259016,14:56:40.140,22.8100,100
53804608644318,14:56:44.608,22.8100,65
53807095775468,14:56:47.095,22.8100,100
53807095775468,14:56:47.095,22.8100,100
53808360679274,14:56:48.360,22.8100,100
53819548806842,14:56:59.548,22.8100,2
53823334975551,14:57:03.334,22.8100,100
53830445128549,14:57:10.445,22.8000,100
53830445128549,14:57:10.445,22.8000,100
53830445128549,14:57:10.445,22.8000,100
53834796858381,14:57:14.796,22.8000,200
53856147133405,14:57:36.147,22.8000,92
53856147938760,14:57:36.147,22.8000,8
53858185324522,14:57:38.185,22.8000,100
53877235712042,14:57:57.235,22.8100,1
53877984507532,14:57:57.984,22.8100,100
53877984534266,14:57:57.984,22.8100,400
53882279525162,14:58:02.279,22.8000,100
53882279525162,14:58:02.279,22.8000,100
53882279525162,14:58:02.279,22.8000,100
53882279525162,14:58:02.279,22.8000,100
53882279525162,14:58:02.279,22.8000,100
53940923546946,14:59:00.923,22.8100,100
53940924483469,14:59:00.924,22.8100,100
53940924483469,14:59:00.924,22.8100,66
53940926219144,14:59:00.926,22.8100,34
53940926219144,14:59:00.926,22.8100,200
53940926219144,14:59:00.926,22.8100,200
53940926219144,14:59:00.926,22.8100,100
53940926219144,14:59:00.926,22.8100,100
53968019056988,14:59:28.019,22.8000,3
53968019082789,14:59:28.019,22.8000,97
53968019082789,14:59:28.019,22.8000,100
53968019082789,14:59:28.019,22.8000,65
53968019082789,14:59:28.019,22.8000,100
53968019082789,14:59:28.019,22.8000,100
53968019082789,14:59:28.019,22.8000,68
53968019082789,14:59:28.019,22.8000,100
53968019082789,14:59:28.019,22.8000,100
53968019082789,14:59:28.019,22.8000,100
53968019082789,14:59:28.019,22.8000,72
53968022562210,14:59:28.022,22.7900,200
53968022562210,14:59:28.022,22.7900,100
54121655835312,15:02:01.655,22.7800,100
54121655835312,15:02:01.655,22.7800,400
54121655835312,15:02:01.655,22.7800,100
54121655835312,15:02:01.655,22.7800,100
54121655835312,15:02:01.655,22.7800,200
54121655835312,15:02:01.655,22.7800,100
54121655835312,15:02:01.655,22.7800,100
54121658706088,15:02:01.658,22.7700,100
54121658772857,15:02:01.658,22.7700,85
54121659113158,15:02:01.659,22.7700,100
54121659113158,15:02:01.659,22.7700,200
54126408200305,15:02:06.408,22.7700,1300
54139215263819,15:02:19.215,22.7700,200
54141149449334,15:02:21.149,22.7700,148
54141149475070,15:02:21.149,22.7700,457
54141149600133,15:02:21.149,22.7700,100
54188965119873,15:03:08.965,22.7700,1
54194436374046,15:03:14.436,22.7700,48
54194441390809,15:03:14.441,22.7700,51
54194441390809,15:03:14.441,22.7700,100
54194441390809,15:03:14.441,22.7700,9
54194441390809,15:03:14.441,22.7700,100
54197190035346,15:03:17.190,22.7650,100
54201473610640,15:03:21.473,22.7650,200
54201473610640,15:03:21.473,22.7650,100
54201473610640,15:03:21.473,22.7650,100
54201473610640,15:03:21.473,22.7700,2
54201473610640,15:03:21.473,22.7700,343
54201473610640,15:03:21.473,22.7700,100
54201473610640,15:03:21.473,22.7700,100
54201473610640,15:03:21.473,22.7700,100
54201473610640,15:03:21.473,22.7700,77
54201473610640,15:03:21.473,22.7700,78
54201587603756,15:03:21.587,22.7650,200
54210228037852,15:03:30.228,22.7650,100
54214148033753,15:03:34.148,22.7650,100
54214651033161,15:03:34.651,22.7650,100
54214651033771,15:03:34.651,22.7650,100
54215151034720,15:03:35.151,22.7650,200
54238799268764,15:03:58.799,22.7600,306
54238799336813,15:03:58.799,22.7600,394
54238799336813,15:03:58.799,22.7600,100
54238799336813,15:03:58.799,22.7600,100
54238799336813,15:03:58.799,22.7600,100
54240275393942,15:04:00.275,22.7600,100
54240275393942,15:04:00.275,22.7600,200
54240275393942,15:04:00.275,22.7600,300
54240275393942,15:04:00.275,22.7600,100
54240275393942,15:04:00.275,22.7600,200
54244792320624,15:04:04.792,22.7600,100
54244792320624,15:04:04.792,22.7600,74
54251062284520,15:04:11.062,22.7500,200
54251062284520,15:04:11.062,22.7500,400
54260389446512,15:04:20.389,22.7400,100
54260389642425,15:04:20.389,22.7400,54
54273985966192,15:04:33.985,22.7300,4
54294984086833,15:04:54.984,22.7300,1599
54294984086833,15:04:54.984,22.7300,100
54294984086833,15:04:54.984,22.7300,100
54295204992354,15:04:55.204,22.7300,300
54295204992354,15:04:55.204,22.7300,100
54295204992354,15:04:55.204,22.7300,200
54295204992354,15:04:55.204,22.7300,300
54295204992354,15:04:55.204,22.7300,200
54295204992354,15:04:55.204,22.7300,100
54295205022858,15:04:55.205,22.7300,45
54295205076001,15:04:55.205,22.7300,45
54295205580940,15:04:55.205,22.7300,55
54306455198528,15:05:06.455,22.7300,100
54306455198528,15:05:06.455,22.7300,100
54306455198528,15:05:06.455,22.7300,100
54306455238388,15:05:06.455,22.7300,15
54306457076810,15:05:06.457,22.7300,100
54306507287537,15:05:06.507,22.7200,100
54306507287537,15:05:06.507,22.7200,100
54306507287537,15:05:06.507,22.7200,49
54306510731650,15:05:06.510,22.7200,51
54306573237742,15:05:06.573,22.7200,100
54306573237742,15:05:06.573,22.7200,300
54306573237742,15:05:06.573,22.7200,800
54306573237742,15:05:06.573,22.7200,200
54320244994949,15:05:20.244,22.7300,2
54320245184013,15:05:20.245,22.7300,2
54323434580784,15:05:23.434,22.7300,600
54323434612561,15:05:23.434,22.7300,93
54323434612561,15:05:23.434,22.7300,1
54326419082862,15:05:26.419,22.7300,2
54333303466748,15:05:33.303,22.7300,98
54333303466748,15:05:33.303,22.7300,200
54333303466748,15:05:33.303,22.7300,13
54342846353511,15:05:42.846,22.7200,100
54342846353511,15:05:42.846,22.7200,100
54342846353511,15:05:42.846,22.7200,100
54346168114097,15:05:46.168,22.7200,1
54353061411806,15:05:53.061,22.7200,1
54354187586449,15:05:54.187,22.7200,100
54406057668958,15:06:46.057,22.7200,100
54406057668958,15:06:46.057,22.7200,100
54406057668958,15:06:46.057,22.7200,100
54410206553378,15:06:50.206,22.7200,100
54410206553378,15:06:50.206,22.7200,100
54449230332409,15:07:29.230,22.7200,6
54496690110576,15:08:16.690,22.7200,100
54496690110576,15:08:16.690,22.7200,200
54496690110576,15:08:16.690,22.7200,100
54496690110576,15:08:16.690,22.7200,145
54496690886965,15:08:16.690,22.7200,500
54496690886965,15:08:16.690,22.7200,100
54496690886965,15:08:16.690,22.7200,100
54496690886965,15:08:16.690,22.7200,100
54496690886965,15:08:16.690,22.7200,100
54496690886965,15:08:16.690,22.7200,100
54496690886965,15:08:16.690,22.7200,100
54496690886965,15:08:16.690,22.7200,200
54497326067376,15:08:17.326,22.7300,200
54497326067376,15:08:17.326,22.7300,200
54497326067376,15:08:17.326,22.7300,100
54497326067376,15:08:17.326,22.7300,100
54497326067376,15:08:17.326,22.7300,100
54498065080123,15:08:18.065,22.7300,200
54499600849414,15:08:19.600,22.7300,100
54499600909972,15:08:19.600,22.7300,45
54499600967849,15:08:19.600,22.7300,55
54541632597325,15:09:01.632,22.7300,400
54541632597325,15:09:01.632,22.7300,100
54541632696580,15:09:01.632,22.7300,400
54541632730390,15:09:01.632,22.7300,100
54541632793946,15:09:01.632,22.7300,200
54544428264370,15:09:04.428,22.7300,100
54544428276530,15:09:04.428,22.7300,23
54544428343146,15:09:04.428,22.7300,77
54544428343146,15:09:04.428,22.7300,84
54544428343146,15:09:04.428,22.7300,10
54591833508191,15:09:51.833,22.7200,100
54591833508191,15:09:51.833,22.7200,100
54591833689961,15:09:51.833,22.7200,200
54591833690897,15:09:51.833,22.7200,400
54591833690897,15:09:51.833,22.7200,100
54591833690897,15:09:51.833,22.7200,100
54600392332079,15:10:00.392,22.7100,3
54631001776306,15:10:31.001,22.7100,97
54631001776306,15:10:31.001,22.7100,2
54631001803400,15:10:31.001,22.7100,398
54631001803400,15:10:31.001,22.7100,79
54633622062977,15:10:33.622,22.7000,100
54633622062977,15:10:33.622,22.7000,100
54634193827160,15:10:34.193,22.7000,100
54650262892706,15:10:50.262,22.6900,100
54650262892706,15:10:50.262,22.6900,100
54650262892706,15:10:50.262,22.6900,100
54650262892706,15:10:50.262,22.6900,100
54650262892706,15:10:50.262,22.6900,100
54650291218836,15:10:50.291,22.6900,100
54665931772466,15:11:05.931,22.6900,100
54688706590251,15:11:28.706,22.6900,100
54688706590251,15:11:28.706,22.6900,100
54691294982721,15:11:31.294,22.7000,195
54698518049074,15:11:38.518,22.7000,100
54698518049074,15:11:38.518,22.7000,100
54698518049074,15:11:38.518,22.7000,100
54716491850768,15:11:56.491,22.7000,200
54720540779732,15:12:00.540,22.7000,200
54720540779732,15:12:00.540,22.7000,100
54720540779732,15:12:00.540,22.7000,100
54739123699544,15:12:19.123,22.7000,300
54791850929354,15:13:11.850,22.7150,200
54791850929354,15:13:11.850,22.7150,100
54791850968638,15:13:11.850,22.7100,260
54791850968638,15:13:11.850,22.7100,200
54791850968638,15:13:11.850,22.7100,100
54791850968638,15:13:11.850,22.7100,900
54791850968638,15:13:11.850,22.7100,100
54791850968638,15:13:11.850,22.7100,100
54791850968638,15:13:11.850,22.7100,100
54791850968638,15:13:11.850,22.7100,100
54791850968638,15:13:11.850,22.7100,100
54791850968638,15:13:11.850,22.7100,140
54791850968638,15:13:11.850,22.7100,100
54791850968638,15:13:11.850,22.7100,100
54791851387595,15:13:11.851,22.7100,100
54791851890909,15:13:11.851,22.7100,100
54791853959743,15:13:11.853,22.7100,100
54791854323265,15:13:11.854,22.7100,2
54791881748506,15:13:11.881,22.7100,100
54791881748506,15:13:11.881,22.7100,400
54791881748506,15:13:11.881,22.7100,30
54792022582062,15:13:12.022,22.7100,100
54792022582062,15:13:12.022,22.7100,364
54803123614598,15:13:23.123,22.7150,45
54822748705621,15:13:42.748,22.7200,86
54822748705621,15:13:42.748,22.7200,313
54844213163494,15:14:04.213,22.7150,94
54860823638546,15:14:20.823,22.7100,200
54860823638546,15:14:20.823,22.7100,100
54860823638546,15:14:20.823,22.7100,94
54885489744818,15:14:45.489,22.7100,300
54885490714612,15:14:45.490,22.7100,300
54885490714612,15:14:45.490,22.7100,30
54885491406215,15:14:45.491,22.7100,100
54885518032551,15:14:45.518,22.7100,100
54885518065525,15:14:45.518,22.7100,70
54954566352138,15:15:54.566,22.7200,100
54954566352138,15:15:54.566,22.7200,400
54954566352138,15:15:54.566,22.7200,100
54964110207037,15:16:04.110,22.7200,100
54964110322566,15:16:04.110,22.7200,100
54964110406462,15:16:04.110,22.7200,100
54964110565315,15:16:04.110,22.7200,480
54964110616278,15:16:04.110,22.7200,20
54964110616278,15:16:04.110,22.7200,100
54964110616278,15:16:04.110,22.7200,100
54964110616278,15:16:04.110,22.7200,77
54992796657973,15:16:32.796,22.7200,100
55051814686777,15:17:31.814,22.7100,100
55051814794238,15:17:31.814,22.7100,100
55051814794238,15:17:31.814,22.7100,100
55051814794238,15:17:31.814,22.7100,100
55051814794238,15:17:31.814,22.7100,200
55051814794238,15:17:31.814,22.7100,100
55051816551178,15:17:31.816,22.7050,100
55051816551178,15:17:31.816,22.7100,200
55051816551178,15:17:31.816,22.7100,100
55051816551178,15:17:31.816,22.7100,100
55051816551178,15:17:31.816,22.7100,800
55051816551178,15:17:31.816,22.7100,100
55051816551178,15:17:31.816,22.7100,100
55051816551178,15:17:31.816,22.7100,200
55051816551178,15:17:31.816,22.7100,100
55051816551178,15:17:31.816,22.7100,100
55051816551178,15:17:31.816,22.7100,300
55051816551178,15:17:31.816,22.7100,33
55181292034965,15:19:41.292,22.7100,1
55181292034965,15:19:41.292,22.7100,199
55181292119008,15:19:41.292,22.7100,200
55181292130723,15:19:41.292,22.7100,101
55181292148337,15:19:41.292,22.7100,101
55181292837477,15:19:41.292,22.7100,199
55181292837477,15:19:41.292,22.7100,100
55181292837477,15:19:41.292,22.7100,100
55218508587959,15:20:18.508,22.7100,200
55218508587959,15:20:18.508,22.7100,64
55218508587959,15:20:18.508,22.7100,100
55218508587959,15:20:18.508,22.7100,100
55218508587959,15:20:18.508,22.7100,100
55218508587959,15:20:18.508,22.7100,73
55218509043098,15:20:18.509,22.7100,50
55218509225514,15:20:18.509,22.7100,73
55218509228495,15:20:18.509,22.7100,27
55222800830274,15:20:22.800,22.7100,100
55237522095665,15:20:37.522,22.7200,100
55237522095665,15:20:37.522,22.7200,100
55237522095665,15:20:37.522,22.7200,200
55237522095665,15:20:37.522,22.7200,100
55296409525479,15:21:36.409,22.7200,200
55296409525479,15:21:36.409,22.7200,1000
55296409525479,15:21:36.409,22.7200,100
55296409525479,15:21:36.409,22.7200,100
55296413109584,15:21:36.413,22.7100,100
55296413109584,15:21:36.413,22.7100,100
55296413109584,15:21:36.413,22.7100,100
55324956045897,15:22:04.956,22.7000,100
55324956045897,15:22:04.956,22.7000,100
55324956045897,15:22:04.956,22.7000,300
55324956071716,15:22:04.956,22.7000,65
55344658348133,15:22:24.658,22.6900,200
55344658348133,15:22:24.658,22.6900,100
55373879662404,15:22:53.879,22.6800,100
55373879662404,15:22:53.879,22.6800,200
55373879662404,15:22:53.879,22.6800,83
55373880097349,15:22:53.880,22.6800,100
55373880097349,15:22:53.880,22.6800,100
55373895720564,15:22:53.895,22.6700,100
55374632472376,15:22:54.632,22.6700,206
55374633312751,15:22:54.633,22.6700,2
55374633312751,15:22:54.633,22.6700,2
55380350497344,15:23:00.350,22.6800,800
55380350497344,15:23:00.350,22.6800,1
55380350497344,15:23:00.350,22.6800,294
55380350497344,15:23:00.350,22.6800,16
55385145736159,15:23:05.145,22.6800,100
55419424946625,15:23:39.424,22.6800,100
55419424946625,15:23:39.424,22.6800,195
55433025791912,15:23:53.025,22.6700,300
55433025791912,15:23:53.025,22.6700,140
55433025791912,15:23:53.025,22.6700,100
55456716008910,15:24:16.716,22.6750,100
55501514070559,15:25:01.514,22.6750,63
55515422617927,15:25:15.422,22.6700,100
55515422617927,15:25:15.422,22.6700,100
55515422617927,15:25:15.422,22.6700,69
55515422617927,15:25:15.422,22.6700,1496
55515422617927,15:25:15.422,22.6700,35
55515422651078,15:25:15.422,22.6700,65
55515422651078,15:25:15.422,22.6700,100
55581637996888,15:26:21.637,22.6700,12
55581637996888,15:26:21.637,22.6700,2
55581637996888,15:26:21.637,22.6700,100
55596113475461,15:26:36.113,22.6700,300
55596113568051,15:26:36.113,22.6700,24
55596113568051,15:26:36.113,22.6700,8
55619428864813,15:26:59.428,22.6600,400
55619428911513,15:26:59.428,22.6600,600
55619428911513,15:26:59.428,22.6600,24
55619428945498,15:26:59.428,22.6600,49
55619428945498,15:26:59.428,22.6600,100
55619428945498,15:26:59.428,22.6600,100
55640274331041,15:27:20.274,22.6600,1
55640274331041,15:27:20.274,22.6600,241
55640274658787,15:27:20.274,22.6600,82
55640774973528,15:27:20.774,22.6600,300
55673136904906,15:27:53.136,22.6600,2
55673136904906,15:27:53.136,22.6600,798
55677737362375,15:27:57.737,22.6700,100
55677737362375,15:27:57.737,22.6700,100
55677737362375,15:27:57.737,22.6700,1
55677737362375,15:27:57.737,22.6700,1
55677775505830,15:27:57.775,22.6800,100
55679125046119,15:27:59.125,22.6800,100
55687302731559,15:28:07.302,22.6700,100
55687302731559,15:28:07.302,22.6700,100
55687302731559,15:28:07.302,22.6700,74
55687302797544,15:28:07.302,22.6700,100
55750445295177,15:29:10.445,22.6700,100
55750445295177,15:29:10.445,22.6700,100
55750445295177,15:29:10.445,22.6700,100
55750445295177,15:29:10.445,22.6700,100
55750445295177,15:29:10.445,22.6700,30
55750445295177,15:29:10.445,22.6700,100
55750445295177,15:29:10.445,22.6700,100
55750445295177,15:29:10.445,22.6700,100
55751364306279,15:29:11.364,22.6650,100
55762889635187,15:29:22.889,22.6600,100
55762889635187,15:29:22.889,22.6600,100
55762889635187,15:29:22.889,22.6600,100
55762890378686,15:29:22.890,22.6600,2
55762890380356,15:29:22.890,22.6600,98
55762890380356,15:29:22.890,22.6600,200
55764304201866,15:29:24.304,22.6600,100
55764304201866,15:29:24.304,22.6600,100
55764304201866,15:29:24.304,22.6600,1
55781570055008,15:29:41.570,22.6700,100
55781570055008,15:29:41.570,22.6700,300
55781570055008,15:29:41.570,22.6700,1
55800679948310,15:30:00.679,22.6700,100
55806344257713,15:30:06.344,22.6600,100
55806344840278,15:30:06.344,22.6600,48
55810908201627,15:30:10.908,22.6600,148
55810908246041,15:30:10.908,22.6600,406
55810908443725,15:30:10.908,22.6600,298
55810908443725,15:30:10.908,22.6600,11
55810908669823,15:30:10.908,22.6600,89
55810908669823,15:30:10.908,22.6600,100
55810908669823,15:30:10.908,22.6600,83
55847848705205,15:30:47.848,22.6650,118
55847849349612,15:30:47.849,22.6650,13
55847849892086,15:30:47.849,22.6650,2
55848282017002,15:30:48.282,22.6650,200
55866627024620,15:31:06.627,22.6650,200
55867896240667,15:31:07.896,22.6700,100
55867897059753,15:31:07.897,22.6700,200
55867897059753,15:31:07.897,22.6700,500
55867897059753,15:31:07.897,22.6700,1
55867897059753,15:31:07.897,22.6700,100
55872400036109,15:31:12.400,22.6800,100
55872400036109,15:31:12.400,22.6800,20
55872400036109,15:31:12.400,22.6800,1
55879880471157,15:31:19.880,22.6800,100
55881564232769,15:31:21.564,22.6750,2
55915774684044,15:31:55.774,22.6800,1
55915774684044,15:31:55.774,22.6800,100
55954120629019,15:32:34.120,22.6800,100
55954120629019,15:32:34.120,22.6800,100
55954120629019,15:32:34.120,22.6800,72
55954120629019,15:32:34.120,22.6800,100
55954120629019,15:32:34.120,22.6800,100
55966523515693,15:32:46.523,22.6700,100
55966523515693,15:32:46.523,22.6700,100
55966523515693,15:32:46.523,22.6700,100
