timestamp,time,price,volume
34200592876979,09:30:00.592,49.3600,322
34230994135061,09:30:30.994,48.5700,1
34573508403100,09:36:13.508,48.8000,2
34775262610871,09:39:35.262,49.6800,30
35169040857426,09:46:09.040,49.6000,2
35169040857426,09:46:09.040,49.6800,100
35169040857426,09:46:09.040,49.8300,100
35169040857426,09:46:09.040,49.8300,100
35169040857426,09:46:09.040,49.9300,198
36019049567204,10:00:19.049,49.4000,25
36019049567204,10:00:19.049,49.4000,9
36019049567204,10:00:19.049,49.4300,66
36019049635562,10:00:19.049,49.4300,34
36019049635562,10:00:19.049,49.4400,66
36019049718380,10:00:19.049,49.4400,34
36019051047050,10:00:19.051,49.7000,100
36019051075059,10:00:19.051,49.7000,8
36179884054307,10:02:59.884,49.5600,100
36482000447162,10:08:02.000,49.8800,100
36895653282777,10:14:55.653,49.9300,20
36950481536307,10:15:50.481,49.8000,100
36950481536307,10:15:50.481,49.7900,100
37086596630427,10:18:06.596,49.9700,1
37087596553656,10:18:07.596,50.0400,1
37087597179815,10:18:07.597,50.0400,1
37087615433793,10:18:07.615,49.9600,100
37087616386510,10:18:07.616,49.9600,20
37087616386510,10:18:07.616,49.9500,100
37087616386510,10:18:07.616,49.9500,9
37087616412518,10:18:07.616,49.9500,20
39473468638412,10:57:53.468,49.5900,100
39691309576587,11:01:31.309,49.9600,100
39691309696478,11:01:31.309,49.8500,100
39691316419511,11:01:31.316,49.9700,100
39692544781769,11:01:32.544,49.9700,38
39692544781769,11:01:32.544,49.9700,13
39692545491356,11:01:32.545,49.9700,87
39692545491356,11:01:32.545,49.9700,89
39707549238424,11:01:47.549,49.9700,11
39707549238424,11:01:47.549,49.9700,89
39723546787234,11:02:03.546,49.9700,11
39723546934038,11:02:03.546,49.8700,24
39723547197048,11:02:03.547,49.9800,100
39723547197048,11:02:03.547,49.9800,24
41022705447112,11:23:42.705,49.5900,100
41022705447112,11:23:42.705,49.5900,100
41022705447112,11:23:42.705,49.5900,23
41022705447112,11:23:42.705,49.5900,100
41022705447112,11:23:42.705,49.5900,1
41022705447112,11:23:42.705,49.5900,100
41022705447112,11:23:42.705,49.5900,100
41022705447112,11:23:42.705,49.5900,26
41022705675575,11:23:42.705,49.7200,100
41022706811186,11:23:42.706,49.4900,100
41022707665632,11:23:42.707,49.5200,89
41022707665632,11:23:42.707,49.4900,11
41022910993986,11:23:42.910,49.7300,1
41022910993986,11:23:42.910,49.7400,99
41023365890384,11:23:43.365,49.7400,1
41023365890384,11:23:43.365,49.7400,99
41023365950193,11:23:43.365,49.7400,1
41908401044968,11:38:28.401,49.7400,1
42011481905789,11:40:11.481,49.9300,14
42053968998496,11:40:53.968,49.9300,54
42104322685502,11:41:44.322,49.9100,12
42104322685502,11:41:44.322,49.9200,1
42227389030792,11:43:47.389,49.9100,100
42727478264399,11:52:07.478,49.6300,2
42818658784618,11:53:38.658,49.8200,1
42818658784618,11:53:38.658,49.8400,1
43907490845316,12:11:47.490,49.6600,2
44331903833811,12:18:51.903,49.6700,2
44631696524963,12:23:51.696,49.9100,1
44631698998548,12:23:51.698,49.9500,100
44631700261293,12:23:51.700,50.0200,1
44706355537501,12:25:06.355,50.0800,1
44780516017379,12:26:20.516,50.1000,1
44818642633819,12:26:58.642,50.0100,30
44834641744162,12:27:14.641,49.9900,65
44834887361395,12:27:14.887,49.9900,1
44849641830717,12:27:29.641,49.9900,39
44849642563588,12:27:29.642,49.9900,39
44850737044345,12:27:30.737,49.9900,1
45008153457417,12:30:08.153,50.1900,100
45008153534009,12:30:08.153,50.1900,1
45047272825654,12:30:47.272,50.1900,1
45047273464574,12:30:47.273,50.2000,186
45541517295234,12:39:01.517,50.0800,1
45542562011185,12:39:02.562,50.0600,1
45542620043180,12:39:02.620,50.0600,1
45548384340816,12:39:08.384,50.0500,100
45548384563423,12:39:08.384,50.0500,1
45572767190650,12:39:32.767,49.9600,9
45885676426719,12:44:45.676,49.9600,7
46099478194559,12:48:19.478,50.0900,1
46099478797626,12:48:19.478,50.1100,1
46099478878428,12:48:19.478,50.1200,100
46434623297133,12:53:54.623,50.3200,24
46434623297133,12:53:54.623,50.3300,76
46434623338702,12:53:54.623,50.3300,24
46434623338702,12:53:54.623,50.3300,1
46434624354542,12:53:54.624,50.3300,75
46437611120503,12:53:57.611,50.2600,100
46437611304437,12:53:57.611,50.2500,100
47043987691436,13:04:03.987,50.1500,1
47596088643879,13:13:16.088,50.0200,100
47636810131591,13:13:56.810,50.1500,100
47654143518071,13:14:14.143,50.0100,1
48023604530546,13:20:23.604,50.0900,98
48023604557153,13:20:23.604,50.0900,2
48023604557153,13:20:23.604,50.0900,26
48023604594308,13:20:23.604,50.1000,1
48385247607012,13:26:25.247,50.0800,100
48394253696537,13:26:34.253,50.0300,98
48394253773788,13:26:34.253,50.0300,2
48394255028755,13:26:34.255,49.9900,600
48538393040137,13:28:58.393,49.8600,94
48538393040137,13:28:58.393,49.8600,5
48680790454956,13:31:20.790,50.0000,5
48695068298213,13:31:35.068,50.0000,4
48697013596278,13:31:37.013,50.0900,5
48697013785955,13:31:37.013,50.0900,1
48697013818792,13:31:37.013,50.0900,4
48697014226358,13:31:37.014,50.0900,1
48866888135353,13:34:26.888,49.8600,1
48968996655966,13:36:08.996,49.8700,2
49022003626397,13:37:02.003,49.9800,1
49057645187671,13:37:37.645,50.0400,1
49057645187671,13:37:37.645,50.0400,89
49057645187671,13:37:37.645,50.0500,100
49057645187671,13:37:37.645,50.0500,10
49059647345634,13:37:39.647,50.0500,5
49059647345634,13:37:39.647,50.0500,5
49190948133447,13:39:50.948,49.8800,5
49294937272612,13:41:34.937,49.8800,2
49294950675429,13:41:34.950,49.8800,11
49350338865557,13:42:30.338,50.0200,2
49350338865557,13:42:30.338,50.0200,2
49350338865557,13:42:30.338,50.0200,96
49350339005873,13:42:30.339,50.0200,4
49364169738586,13:42:44.169,50.0100,100
49364169921945,13:42:44.169,50.0100,100
49491635476472,13:44:51.635,49.9600,1
49491635545735,13:44:51.635,49.9700,100
49724978513393,13:48:44.978,49.8600,2
49724993229484,13:48:44.993,49.8600,12
49753645138863,13:49:13.645,49.8300,100
49776164502138,13:49:36.164,49.8200,100
49776164502138,13:49:36.164,49.8200,27
49776164502138,13:49:36.164,49.8200,73
49776164568438,13:49:36.164,49.8200,27
49829339999683,13:50:29.339,49.7800,99
49857189734934,13:50:57.189,49.8100,2
49857198406445,13:50:57.198,49.6100,99
50035856823711,13:53:55.856,49.8500,1
50035856823711,13:53:55.856,49.8500,29
50081398520923,13:54:41.398,49.8500,1
50082398618494,13:54:42.398,49.8600,98
50082398656444,13:54:42.398,49.8600,2
50082398656444,13:54:42.398,49.8600,4
50192107426957,13:56:32.107,49.6300,4
50192126147234,13:56:32.126,49.6300,8
50373617974043,13:59:33.617,49.8500,100
50418697962794,14:00:18.697,49.8600,8
50418697965824,14:00:18.697,49.8600,90
50418698000915,14:00:18.698,49.8600,2
50418698000915,14:00:18.698,49.8800,4
50418698000915,14:00:18.698,49.8900,2
50418698033987,14:00:18.698,49.8900,2
50965157164723,14:09:25.157,49.8300,2
50965187534806,14:09:25.187,49.8300,12
50977216190912,14:09:37.216,50.0700,1
51081171851287,14:11:21.171,49.8500,3
51181449041004,14:13:01.449,50.3100,1
51181449041004,14:13:01.449,50.3300,99
51181449083457,14:13:01.449,50.3300,1
51181449083457,14:13:01.449,50.3300,2
51181449152625,14:13:01.449,50.3300,100
51181449171814,14:13:01.449,50.3300,100
51181449253041,14:13:01.449,50.3300,100
51181449502282,14:13:01.449,50.3300,15
51181449525829,14:13:01.449,50.3300,85
51242197944109,14:14:02.197,50.3300,2
51403662795408,14:16:43.662,50.1700,1
51403662807934,14:16:43.662,50.1800,100
51403662807934,14:16:43.662,50.1800,38
51403662807934,14:16:43.662,50.1800,2
51403662812411,14:16:43.662,50.2200,2
51403662812411,14:16:43.662,50.2600,2
51403663249894,14:16:43.663,50.3000,2
51403663616963,14:16:43.663,50.3300,1
51403663621747,14:16:43.663,50.3400,1
51403663621747,14:16:43.663,50.3400,6
51549238102701,14:19:09.238,50.0700,2
51560782859679,14:19:20.782,50.3700,2
51652417691275,14:20:52.417,50.0500,2
51652441554779,14:20:52.441,50.0500,11
51734272308635,14:22:14.272,50.3600,1
51734272308635,14:22:14.272,50.3700,98
51734272357635,14:22:14.272,50.3700,2
51734272357635,14:22:14.272,50.3700,1
51734272357635,14:22:14.272,50.3700,1
51734273161049,14:22:14.273,50.3700,24
51749976925910,14:22:29.976,50.3800,24
51750032987441,14:22:30.032,50.3900,3
51750032987441,14:22:30.032,50.3900,97
51752868335496,14:22:32.868,50.3900,3
51752868335496,14:22:32.868,50.4700,4
51752868725706,14:22:32.868,50.6000,56
51884274920691,14:24:44.274,50.1200,25
51884274920691,14:24:44.274,50.0800,1
52040174779880,14:27:20.174,50.2700,1
52155036192500,14:29:15.036,50.1800,100
52155036204091,14:29:15.036,50.1800,1
52201635676735,14:30:01.635,50.0800,101
52201635676735,14:30:01.635,50.0800,100
52201635723432,14:30:01.635,50.1100,1
52201635723432,14:30:01.635,50.1200,2
52504092164102,14:35:04.092,50.1000,100
52516600664108,14:35:16.600,50.1000,5
52814319685245,14:40:14.319,49.6200,2
52823457369534,14:40:23.457,50.1700,1
52823457369534,14:40:23.457,50.2100,97
52823457414382,14:40:23.457,50.2100,3
52823457414382,14:40:23.457,50.2100,2
52823457414382,14:40:23.457,50.2100,2
52823457414382,14:40:23.457,50.2100,1
52823458145588,14:40:23.458,50.1800,6
52850800359602,14:40:50.800,50.1100,3
52850800359602,14:40:50.800,50.2600,99
52850800359602,14:40:50.800,50.2600,1
52850800643978,14:40:50.800,50.2700,2
52855799737061,14:40:55.799,50.3300,2
52855799737061,14:40:55.799,50.3300,100
52855799804330,14:40:55.799,50.3400,2
52856011164513,14:40:56.011,50.3900,2
52856011164513,14:40:56.011,50.4500,5
52856011164513,14:40:56.011,50.5100,100
52856011164513,14:40:56.011,50.5200,20
52856011164513,14:40:56.011,50.5200,100
52856011164513,14:40:56.011,50.5200,100
52856011164513,14:40:56.011,50.5200,600
52856011164513,14:40:56.011,50.5300,100
52856011164513,14:40:56.011,50.5300,73
52901864570422,14:41:41.864,50.5400,100
52905726112679,14:41:45.726,50.5100,100
52905726143663,14:41:45.726,50.5500,100
52905726143663,14:41:45.726,50.5500,9
52905726143663,14:41:45.726,50.5500,100
52905726209750,14:41:45.726,50.6000,100
52905726235471,14:41:45.726,50.6000,494
52905726763748,14:41:45.726,50.5100,50
52905726831097,14:41:45.726,50.5100,50
52905727805373,14:41:45.727,50.5500,45
52987289731422,14:43:07.289,50.2800,5
53100624968677,14:45:00.624,50.7600,101
53100626337810,14:45:00.626,50.5800,100
53301041820309,14:48:21.041,50.4300,7
53305501368721,14:48:25.501,50.4600,3
53352790134785,14:49:12.790,50.7600,100
53352790134785,14:49:12.790,50.7700,100
53353675076029,14:49:13.675,50.7700,100
53509322025472,14:51:49.322,50.6400,1
53509322025472,14:51:49.322,50.6400,19
53509322412606,14:51:49.322,50.6400,11
53618066074913,14:53:38.066,51.0400,1
53618066074913,14:53:38.066,51.0400,8
53618066074913,14:53:38.066,51.1000,1
53618067168426,14:53:38.067,51.0400,9
53850553710508,14:57:30.553,50.6400,2
53850574428808,14:57:30.574,50.6400,12
53967586796832,14:59:27.586,50.6700,3
54000024523400,15:00:00.024,50.9500,100
54014090292060,15:00:14.090,50.8500,1
54037055957045,15:00:37.055,51.1200,1
54037056077677,15:00:37.056,51.0200,42
54070802115952,15:01:10.802,51.1600,1
54070805687983,15:01:10.805,51.2000,1
54070805687983,15:01:10.805,51.2000,1
54070805687983,15:01:10.805,51.2400,1
54086858467889,15:01:26.858,51.4900,51
54368163843109,15:06:08.163,51.6300,24
54368163843109,15:06:08.163,51.6400,76
54368164043711,15:06:08.164,51.5400,82
54368164047957,15:06:08.164,51.5400,18
54368164175903,15:06:08.164,51.5300,100
54368174636211,15:06:08.174,51.5300,1
54368174636211,15:06:08.174,51.5300,99
54512603329626,15:08:32.603,51.4200,2
54512633827260,15:08:32.633,51.4200,12
54629649745771,15:10:29.649,51.4200,3
54636733178556,15:10:36.733,51.3800,100
54636733178556,15:10:36.733,51.2500,100
54636733178556,15:10:36.733,51.2300,48
54636733238748,15:10:36.733,51.3800,100
54636733238748,15:10:36.733,51.2600,100
54636734098733,15:10:36.734,51.2300,52
54636734098733,15:10:36.734,51.2300,1
54636734098733,15:10:36.734,51.2300,16
54636734120632,15:10:36.734,51.2300,84
54636734120632,15:10:36.734,51.2300,16
54636734128611,15:10:36.734,51.2300,4
54636734128611,15:10:36.734,51.2300,21
54636734128611,15:10:36.734,51.2300,2
54636734128611,15:10:36.734,51.2300,1
54636734128611,15:10:36.734,51.2300,1
54636734128611,15:10:36.734,51.2300,1
54636734128611,15:10:36.734,51.2300,1
54636734178371,15:10:36.734,51.2200,30
54636735117633,15:10:36.735,51.2000,100
54636741282997,15:10:36.741,51.2200,1
54636741282997,15:10:36.741,51.2300,99
54636747735922,15:10:36.747,51.2300,101
54771017467483,15:12:51.017,50.8800,2
54844617276090,15:14:04.617,50.8900,31
54914074102745,15:15:14.074,50.9900,100
54914074128658,15:15:14.074,50.9900,1
54914075174306,15:15:14.075,50.9900,100
54914075240450,15:15:14.075,51.0900,100
54914075924850,15:15:14.075,51.0900,100
54914075924850,15:15:14.075,51.0900,100
54914075926400,15:15:14.075,51.0900,100
54914075959704,15:15:14.075,51.1100,100
54914095366471,15:15:14.095,51.1300,20
54919399606493,15:15:19.399,51.1800,100
54948002460565,15:15:48.002,51.2500,1
54975677904533,15:16:15.677,51.2600,100
54975704164764,15:16:15.704,51.3500,10
54975704164764,15:16:15.704,51.3600,10
54975704164764,15:16:15.704,51.3600,78
54975704603081,15:16:15.704,51.3600,22
54975704603081,15:16:15.704,51.3900,5
54975705443977,15:16:15.705,51.3600,22
55035250402430,15:17:15.250,51.3400,71
55234685539139,15:20:34.685,51.4200,4
55234685539139,15:20:34.685,51.4300,96
55398068152906,15:23:18.068,51.2400,14
55398068152906,15:23:18.068,51.2400,15
55398068152906,15:23:18.068,51.2400,1
55398068152906,15:23:18.068,51.2400,1
55398068152906,15:23:18.068,51.2400,34
55398068152906,15:23:18.068,51.2400,1
55398068152906,15:23:18.068,51.2400,1
55398068152906,15:23:18.068,51.2400,1
55398068152906,15:23:18.068,51.2400,1
55398068152906,15:23:18.068,51.2400,1
55398068152906,15:23:18.068,51.2400,1
55398068152906,15:23:18.068,51.2400,1
55398068807161,15:23:18.068,51.2300,14
55399233748386,15:23:19.233,51.2600,65
55399233748386,15:23:19.233,51.2500,11
55399233810451,15:23:19.233,51.2500,76
55435298439963,15:23:55.298,51.2400,13
55449416041353,15:24:09.416,51.2300,5
55449416041353,15:24:09.416,51.2300,4
55449416041353,15:24:09.416,51.2300,1
55449416041353,15:24:09.416,51.2300,1
55449416041353,15:24:09.416,51.2300,1
55449416041353,15:24:09.416,51.2300,1
55449416041353,15:24:09.416,51.2300,1
55449416041353,15:24:09.416,51.2300,2
55449606472109,15:24:09.606,51.1100,20
55483347250298,15:24:43.347,51.1100,2
55526444617549,15:25:26.444,51.2200,100
55526444670559,15:25:26.444,51.2200,1
55526444670559,15:25:26.444,51.2200,100
55526444670559,15:25:26.444,51.2200,100
55526444709991,15:25:26.444,51.2300,1
55526444709991,15:25:26.444,51.2300,20
55526444709991,15:25:26.444,51.2300,100
55672680012226,15:27:52.680,51.1400,2
55800052062271,15:30:00.052,51.2050,100
55808361968658,15:30:08.361,51.2000,100
55809625210089,15:30:09.625,51.1200,6
55809625210089,15:30:09.625,51.1200,7
55809625210089,15:30:09.625,51.1200,1
55809625210089,15:30:09.625,51.1200,1
55809625210089,15:30:09.625,51.1200,1
55809625210089,15:30:09.625,51.1200,1
55809625210089,15:30:09.625,51.1200,1
55809625210089,15:30:09.625,51.1200,1
55809625210089,15:30:09.625,51.1200,1
55809625210089,15:30:09.625,51.1200,1
55809625210089,15:30:09.625,51.1200,1
55809625210089,15:30:09.625,51.1200,1
55809625210089,15:30:09.625,51.1200,1
55809625210089,15:30:09.625,51.1200,3
55809625210089,15:30:09.625,51.1200,8
55823456644822,15:30:23.456,51.1000,35
55823456644822,15:30:23.456,51.1000,2
55823456644822,15:30:23.456,51.1000,2
55823456644822,15:30:23.456,51.1000,1
55823456644822,15:30:23.456,51.1000,1
55841782214271,15:30:41.782,51.1600,1
55841782214271,15:30:41.782,51.1600,20
55841782214271,15:30:41.782,51.1600,79
55841782241986,15:30:41.782,51.1600,21
55841782660998,15:30:41.782,51.1700,1
55841782660998,15:30:41.782,51.1700,97
55841782667292,15:30:41.782,51.1700,3
55841782667292,15:30:41.782,51.1700,1
55841797661539,15:30:41.797,51.1600,1
55918459069023,15:31:58.459,51.3000,1
55995321513699,15:33:15.321,51.3100,1
56047788655523,15:34:07.788,51.3050,2
56064064105483,15:34:24.064,51.3050,98
56064064105483,15:34:24.064,51.2900,100
56064064105483,15:34:24.064,51.2500,2
56064135051420,15:34:24.135,51.2500,2
56183263678323,15:36:23.263,51.3700,100
56209683521458,15:36:49.683,51.3800,100
56209683561089,15:36:49.683,51.3800,1
56209683561089,15:36:49.683,51.3800,9
56209683863400,15:36:49.683,51.3900,1
56233702334062,15:37:13.702,51.3600,1
56233702334062,15:37:13.702,51.4000,100
56233702334062,15:37:13.702,51.4000,1
56234370004118,15:37:14.370,51.4000,100
56236731105996,15:37:16.731,51.4000,100
56236731133713,15:37:16.731,51.4000,500
56236731133713,15:37:16.731,51.4000,98
56236731133713,15:37:16.731,51.4000,13
56236731133713,15:37:16.731,51.4000,7
56236731133713,15:37:16.731,51.4000,29
56236731133713,15:37:16.731,51.4000,37
56242778943430,15:37:22.778,51.3100,20
56315839146365,15:38:35.839,51.2900,1
56316586809073,15:38:36.586,51.3000,100
56347040147836,15:39:07.040,51.3900,100
56347040147836,15:39:07.040,51.4000,1
56347040147836,15:39:07.040,51.4100,1
56347040147836,15:39:07.040,51.4100,100
56347040147836,15:39:07.040,51.4100,1
56347040147836,15:39:07.040,51.4100,100
56347070465023,15:39:07.070,51.4100,20
56354133316173,15:39:14.133,51.4200,1
56561852023789,15:42:41.852,51.5800,1
56561852023789,15:42:41.852,51.5800,8
56561852023789,15:42:41.852,51.5800,100
56561852023789,15:42:41.852,51.5800,100
56561882366098,15:42:41.882,51.5800,1
56692721654433,15:44:52.721,51.5500,100
56701050916455,15:45:01.050,51.3200,5
56701051445913,15:45:01.051,51.3200,95
56701051445913,15:45:01.051,51.3100,5
56701051606390,15:45:01.051,51.3000,39
56701059747234,15:45:01.059,51.3300,95
56701082351253,15:45:01.082,51.3300,5
56701082351253,15:45:01.082,51.3400,100
56701676913833,15:45:01.676,51.3300,100
56719268855169,15:45:19.268,51.3200,1
56719356956683,15:45:19.356,51.3900,100
56735885152799,15:45:35.885,51.3900,20
56745245806209,15:45:45.245,51.4600,1
56745245806209,15:45:45.245,51.4700,1
56781758783002,15:46:21.758,51.3800,74
56856749954628,15:47:36.749,51.4800,2
56856749970545,15:47:36.749,51.4900,57
56856750018508,15:47:36.750,51.4900,38
56856780015844,15:47:36.780,51.5600,1
56856780015844,15:47:36.780,51.5600,40
56856781194383,15:47:36.781,51.4900,100
56880585665068,15:48:00.585,51.5700,100
56880585665068,15:48:00.585,51.5700,100
56880585665068,15:48:00.585,51.5700,1
56880585754273,15:48:00.585,51.5800,1
56880585754273,15:48:00.585,51.6000,1
56880585754273,15:48:00.585,51.6300,1
56880587145231,15:48:00.587,51.5900,14
56880587847219,15:48:00.587,51.5900,86
56880597504992,15:48:00.597,51.6600,4
56886299240215,15:48:06.299,51.6200,100
56896450130207,15:48:16.450,51.7500,59
56896450198759,15:48:16.450,51.7500,41
56896450211734,15:48:16.450,51.7500,41
56896450634467,15:48:16.450,51.7500,59
56896450634467,15:48:16.450,51.7500,41
56896451314340,15:48:16.451,51.7500,59
56896451314340,15:48:16.451,51.7500,41
56896501271744,15:48:16.501,51.7500,59
56896501271744,15:48:16.501,51.7500,28
56896501271744,15:48:16.501,51.7500,13
56899277928369,15:48:19.277,51.7500,5
56899278487308,15:48:19.278,51.7500,8
56899278487308,15:48:19.278,51.7500,72
56899278517104,15:48:19.278,51.7500,28
56899278517104,15:48:19.278,51.7500,34
56899278517104,15:48:19.278,51.7500,2
56899278612431,15:48:19.278,51.7500,100
56899278612431,15:48:19.278,51.7500,100
56899278792210,15:48:19.278,51.7500,100
56905351852144,15:48:25.351,51.7500,100
56905351852144,15:48:25.351,51.7500,7
56905351852144,15:48:25.351,51.7500,93
56906068420219,15:48:26.068,51.7500,100
56906405144987,15:48:26.405,51.7500,100
56906405144987,15:48:26.405,51.7500,100
56918898823191,15:48:38.898,51.7700,100
56919028366648,15:48:39.028,51.7500,1
56924003939382,15:48:44.003,51.7700,300
56928048420023,15:48:48.048,51.7500,24
56949309512025,15:49:09.309,51.7500,75
56949309512025,15:49:09.309,51.7500,10
56949309512025,15:49:09.309,51.7500,5
56949309512025,15:49:09.309,51.7500,100
56949309512025,15:49:09.309,51.7500,5
56949309512025,15:49:09.309,51.7500,5
56949309512025,15:49:09.309,51.7500,19
56949309512025,15:49:09.309,51.7500,17
56949309512025,15:49:09.309,51.7500,64
56949309607457,15:49:09.309,51.7500,100
56949309607457,15:49:09.309,51.7500,61
56949309635253,15:49:09.309,51.7500,10
56949309657516,15:49:09.309,51.7500,34
56949370813998,15:49:09.370,51.7500,66
56949370813998,15:49:09.370,51.7500,34
56950367180164,15:49:10.367,51.7500,66
56950367180164,15:49:10.367,51.7500,34
56951644640917,15:49:11.644,51.7500,1
56965778651925,15:49:25.778,51.7700,100
56993281514092,15:49:53.281,51.7700,100
56993281514092,15:49:53.281,51.7500,65
56993281514092,15:49:53.281,51.7500,20
56993282149962,15:49:53.282,51.7500,80
56993282149962,15:49:53.282,51.7500,20
56993284087634,15:49:53.284,51.7500,100
56993284087634,15:49:53.284,51.7500,15
56993284511335,15:49:53.284,51.7500,100
56994876381488,15:49:54.876,51.7500,89
56996070172208,15:49:56.070,51.7500,1
56996962416682,15:49:56.962,51.8000,1
57011439169590,15:50:11.439,51.7500,10
57011439169590,15:50:11.439,51.7500,83
57011439196488,15:50:11.439,51.7500,17
57011439196488,15:50:11.439,51.7500,17
57011439233468,15:50:11.439,51.7500,18
57022719763175,15:50:22.719,51.7500,100
57043718438050,15:50:43.718,51.7500,3
57044933362509,15:50:44.933,51.7500,97
57044933362509,15:50:44.933,51.7500,100
57044933362509,15:50:44.933,51.7500,3
57054898938555,15:50:54.898,51.7500,2
57066762812643,15:51:06.762,51.7500,1
57066895436743,15:51:06.895,51.7500,94
57066895436743,15:51:06.895,51.7500,6
57066980859337,15:51:06.980,51.7500,1
57072192333864,15:51:12.192,51.7500,93
57072192333864,15:51:12.192,51.7500,100
57072192358792,15:51:12.192,51.7500,10
57072192384975,15:51:12.192,51.7500,33
57152203880013,15:52:32.203,51.7500,1
57192358179848,15:53:12.358,51.7500,55
57192358204298,15:53:12.358,51.7500,17
57192421516635,15:53:12.421,51.7500,27
57192421516635,15:53:12.421,51.7500,73
57193780952709,15:53:13.780,51.7500,27
57193780952709,15:53:13.780,51.7500,3
57193780952709,15:53:13.780,51.7500,1
57193780952709,15:53:13.780,51.7500,100
57193780952709,15:53:13.780,51.7500,2
57194101851914,15:53:14.101,51.7500,2
57195008587894,15:53:15.008,51.7900,20
57195008587894,15:53:15.008,51.7900,2
57195008587894,15:53:15.008,51.7900,78
57195008625777,15:53:15.008,51.7900,22
57195008642433,15:53:15.008,51.8100,1
57294799746922,15:54:54.799,51.9800,100
57294799746922,15:54:54.799,51.9900,100
57294799746922,15:54:54.799,51.9900,1
57294799746922,15:54:54.799,52.0000,1
57294799954765,15:54:54.799,51.9400,23
57294799980907,15:54:54.799,51.9400,77
57294801076600,15:54:54.801,51.9400,23
57294801076600,15:54:54.801,51.9400,77
57296842458112,15:54:56.842,52.0000,55
57324157961598,15:55:24.157,51.8400,3
57324221462740,15:55:24.221,51.8400,9
57335678165004,15:55:35.678,51.7900,200
57335678165004,15:55:35.678,51.7700,100
57335678165004,15:55:35.678,51.7500,98
57335678165004,15:55:35.678,51.7500,2
57366287156858,15:56:06.287,51.7700,100
57380575572524,15:56:20.575,51.7500,98
57380575572524,15:56:20.575,51.7500,2
57380575633533,15:56:20.575,51.7500,98
57380575639401,15:56:20.575,51.7500,100
57380575651833,15:56:20.575,51.7500,100
57380575680189,15:56:20.575,51.7500,100
57380575704243,15:56:20.575,51.7500,100
57380575961907,15:56:20.575,51.7500,100
57380575961907,15:56:20.575,51.7500,279
57380577189013,15:56:20.577,51.7500,1
57380770458974,15:56:20.770,51.7500,1
57380773372544,15:56:20.773,51.7500,98
57380773372544,15:56:20.773,51.7500,2
57382058549051,15:56:22.058,51.7500,96
57382784510798,15:56:22.784,51.7500,2
57382784510798,15:56:22.784,51.7500,5
57390986052182,15:56:30.986,51.8500,100
57428299882601,15:57:08.299,51.8000,2
57441032264248,15:57:21.032,51.8000,2
57445278288218,15:57:25.278,51.8000,37
57451974897979,15:57:31.974,51.8000,52
57451974897979,15:57:31.974,51.8000,5
57451974897979,15:57:31.974,51.7500,43
57451986628556,15:57:31.986,51.7500,52
57451986628556,15:57:31.986,51.7500,48
57451987585296,15:57:31.987,51.7500,52
57451987585296,15:57:31.987,51.7500,100
57451987585296,15:57:31.987,51.7500,14
57452076884331,15:57:32.076,51.7500,3
57497457293143,15:58:17.457,51.8500,100
57497457405594,15:58:17.457,51.8500,100
57497464961557,15:58:17.464,51.8500,68
57498650371594,15:58:18.650,51.8900,100
57501263186491,15:58:21.263,51.8900,129
57501263186491,15:58:21.263,51.9000,100
57501263186491,15:58:21.263,51.9000,100
57501263186491,15:58:21.263,51.9000,100
57501264003661,15:58:21.264,51.9100,5
57501264666967,15:58:21.264,51.9100,94
57501264699739,15:58:21.264,51.9100,30
57501264699739,15:58:21.264,51.9200,34
57501264708259,15:58:21.264,51.9200,38
57501265064755,15:58:21.265,51.9200,8
57501265105440,15:58:21.265,51.9200,20
57501265105440,15:58:21.265,51.9200,2
57505666047654,15:58:25.666,52.0000,100
57505666126308,15:58:25.666,52.0000,100
57505666446463,15:58:25.666,52.0000,100
57505666526229,15:58:25.666,52.0000,100
57506045510299,15:58:26.045,52.0000,100
57506474260616,15:58:26.474,52.0000,100
57507325459596,15:58:27.325,52.0300,200
57507340597928,15:58:27.340,52.0300,100
57507638170708,15:58:27.638,52.0000,100
57509469051936,15:58:29.469,52.0000,100
57509469051936,15:58:29.469,52.0000,50
57509469435529,15:58:29.469,51.9900,2
57509469483764,15:58:29.469,51.9900,86
57509469484967,15:58:29.469,51.9900,12
57513189866861,15:58:33.189,51.8100,2
57513295196817,15:58:33.295,51.8100,2
57516525850203,15:58:36.525,51.9700,2
57516525850203,15:58:36.525,51.9800,192
57516525850203,15:58:36.525,51.9800,100
57516525850203,15:58:36.525,51.9800,100
57516525850203,15:58:36.525,51.9900,100
57516525850203,15:58:36.525,51.9900,6
57516547436853,15:58:36.547,51.9900,94
57516547436853,15:58:36.547,52.0000,116
57516547436853,15:58:36.547,52.0000,90
57516547796842,15:58:36.547,52.0300,2
57516547796842,15:58:36.547,52.0500,100
57516547796842,15:58:36.547,52.0500,100
57516568442659,15:58:36.568,52.0400,34
57516568442659,15:58:36.568,52.0400,100
57516679092665,15:58:36.679,52.0700,2
57516679092665,15:58:36.679,52.0700,100
57516770902795,15:58:36.770,52.0500,100
57558153093016,15:59:18.153,52.0600,12
57572036666882,15:59:32.036,52.0100,1
57574841177442,15:59:34.841,52.0100,6
57574884191661,15:59:34.884,52.0100,4
57575569026729,15:59:35.569,52.0100,43
57579143258597,15:59:39.143,52.0100,111
57579143258597,15:59:39.143,52.0100,44
57579267479542,15:59:39.267,52.0700,33
57579481997938,15:59:39.481,52.0600,67
57579481997938,15:59:39.481,52.0700,85
57579481997938,15:59:39.481,52.0900,100
57581481138874,15:59:41.481,52.0800,2
57589520369231,15:59:49.520,52.0800,6
57589523712499,15:59:49.523,52.1500,6
57590338643859,15:59:50.338,52.2800,75
57598154861659,15:59:58.154,52.0800,24
57598154861659,15:59:58.154,52.1100,24
57598154861659,15:59:58.154,52.1400,25
57599015394177,15:59:59.015,52.1700,24
57599015394177,15:59:59.015,52.1700,52
57599110703834,15:59:59.110,52.2000,24
57599110703834,15:59:59.110,52.3000,76
57600580068848,16:00:00.580,52.0000,200
57600580068848,16:00:00.580,52.0000,123
57600580068848,16:00:00.580,52.0000,7532
57900309910312,16:05:00.309,52.9800,1
