timestamp,time,price,volume
32523609938242,09:02:03.609,177.7800,1
34200251890263,09:30:00.251,0.0000,0
34224538693515,09:30:24.538,177.3100,130
34252801021803,09:30:52.801,177.2900,6
34259839041629,09:30:59.839,177.3100,1
34616269538215,09:36:56.269,177.4500,40
34770310647124,09:39:30.310,177.5000,1
35128375732702,09:45:28.375,177.1400,100
35128376038814,09:45:28.376,177.1400,100
35128383944368,09:45:28.383,177.1400,100
35128384573699,09:45:28.384,177.1400,100
35128384751773,09:45:28.384,177.1400,100
35128387473029,09:45:28.387,177.1400,100
35128387951435,09:45:28.387,177.1400,100
35128388406527,09:45:28.388,177.1400,100
35128390025330,09:45:28.390,177.1400,100
35129153203638,09:45:29.153,177.1400,100
35199279515225,09:46:39.279,177.1500,100
35199279550575,09:46:39.279,177.1500,18
35199279575169,09:46:39.279,177.1500,100
35199279729049,09:46:39.279,177.1200,10
35199279729049,09:46:39.279,177.1200,20
35199279775657,09:46:39.279,177.1500,10
35228068388830,09:47:08.068,177.2100,100
35228068414729,09:47:08.068,177.2100,326
35330634538483,09:48:50.634,176.9000,1
35330634613333,09:48:50.634,176.8900,98
35330634881598,09:48:50.634,176.8900,2
35330651140889,09:48:50.651,176.8700,5
35330661118662,09:48:50.661,176.8700,5
35330662597868,09:48:50.662,176.8700,50
35330662654094,09:48:50.662,176.8700,45
35330835161293,09:48:50.835,176.8700,49
35331149723596,09:48:51.149,176.8700,51
35331149723596,09:48:51.149,176.8700,100
35424893596219,09:50:24.893,177.0900,200
35424893596219,09:50:24.893,177.0700,300
35557513062972,09:52:37.513,177.0000,200
35695316822241,09:54:55.316,177.0800,1
35761684368929,09:56:01.684,177.0000,2
35761684550908,09:56:01.684,177.0000,98
35761684550908,09:56:01.684,177.0000,1
35765283442089,09:56:05.283,177.0000,1
35881178557946,09:58:01.178,176.8800,200
35881178557946,09:58:01.178,176.8500,100
35881178557946,09:58:01.178,176.8500,800
36010847451064,10:00:10.847,176.7100,2
36010847474285,10:00:10.847,176.7100,3
36010848823240,10:00:10.848,176.7000,1
36027195969648,10:00:27.195,176.6900,14
36166689120047,10:02:46.689,176.6700,100
36296708078361,10:04:56.708,176.5400,1
36409616506461,10:06:49.616,176.7400,200
36411583852416,10:06:51.583,176.7400,300
36411583852416,10:06:51.583,176.7400,100
36700949511619,10:11:40.949,176.7400,5
36700949511619,10:11:40.949,176.7500,9
36700949526791,10:11:40.949,176.7500,5
36708691125736,10:11:48.691,176.8500,186
36901772608918,10:15:01.772,176.9400,1
37866661535075,10:31:06.661,177.3400,200
37997350587343,10:33:17.350,177.4000,30
37997350587343,10:33:17.350,177.4000,144
38222011199753,10:37:02.011,177.4000,144
38266039598113,10:37:46.039,177.2300,30
39012799044921,10:50:12.799,177.2600,100
39012799210664,10:50:12.799,177.2600,100
39012799509837,10:50:12.799,177.2600,69
39012800722743,10:50:12.800,177.2600,10
39012800722743,10:50:12.800,177.2600,100
39013624705489,10:50:13.624,177.2600,100
39013800070769,10:50:13.800,177.2600,308
39013800070769,10:50:13.800,177.2600,100
39013800140079,10:50:13.800,177.2600,100
39014807488165,10:50:14.807,177.2600,100
39014823340991,10:50:14.823,177.2600,100
39014823340991,10:50:14.823,177.2700,100
39039802470787,10:50:39.802,177.2600,100
39040826687893,10:50:40.826,177.2600,21
39040826687893,10:50:40.826,177.2600,29
39040826776025,10:50:40.826,177.2600,71
39191264610746,10:53:11.264,177.1000,1
39294789924293,10:54:54.789,177.1200,100
39466914644168,10:57:46.914,177.1200,100
39585104231665,10:59:45.104,177.2300,200
39601236578272,11:00:01.236,177.2400,100
39601236578845,11:00:01.236,177.2400,200
39631289145205,11:00:31.289,177.2200,2
39632592628762,11:00:32.592,177.2200,4
39662940850413,11:01:02.940,177.3100,300
39663389981881,11:01:03.389,177.3800,300
39663391339197,11:01:03.391,177.3900,300
39663917165949,11:01:03.917,177.5000,200
39663917165949,11:01:03.917,177.5000,1
39664666425822,11:01:04.666,177.5100,300
39664737191862,11:01:04.737,177.5200,1
39664888235666,11:01:04.888,177.5100,24
39670117377797,11:01:10.117,177.4800,300
39670198375451,11:01:10.198,177.4900,300
39670198375451,11:01:10.198,177.4900,100
39670299673405,11:01:10.299,177.4700,100
39726303211884,11:02:06.303,177.5600,1
39922205051312,11:05:22.205,177.4500,100
39922205126975,11:05:22.205,177.4500,300
39940203978566,11:05:40.203,177.5100,46
39940203990085,11:05:40.203,177.5100,53
39940204137375,11:05:40.204,177.5100,1
40260198118025,11:11:00.198,177.4500,120
40294455793048,11:11:34.455,177.3700,100
40482625556386,11:14:42.625,177.4700,200
40482626654444,11:14:42.626,177.4700,100
40551668712418,11:15:51.668,177.4200,100
40735961908687,11:18:55.961,177.5000,1
40764076714047,11:19:24.076,177.4500,200
41150701180704,11:25:50.701,177.3500,64
41288281853152,11:28:08.281,177.3000,15
42167945362250,11:42:47.945,177.5000,9
42187959239666,11:43:07.959,177.5000,41
42306822098150,11:45:06.822,177.5400,1
42330533078198,11:45:30.533,177.6000,100
42787106090550,11:53:07.106,177.4700,15
42903957102861,11:55:03.957,177.6000,22
42903957102861,11:55:03.957,177.6000,70
42903957325463,11:55:03.957,177.6000,230
42911821390490,11:55:11.821,177.5800,400
42911821390490,11:55:11.821,177.5800,100
43116675402078,11:58:36.675,177.5900,3
43183126170711,11:59:43.126,177.7000,9
43183126215161,11:59:43.126,177.7000,28
43229107534278,12:00:29.107,177.7200,44
43230042218197,12:00:30.042,177.7200,100
43230042242834,12:00:30.042,177.7200,100
43356963004910,12:02:36.963,177.8200,60
43356963020597,12:02:36.963,177.8200,100
43405784617409,12:03:25.784,177.7900,100
43533225683567,12:05:33.225,177.7600,5
43555170576294,12:05:55.170,177.7100,200
43666593910400,12:07:46.593,177.7200,100
43666594002421,12:07:46.594,177.7200,144
43666594025595,12:07:46.594,177.7200,50
43666594037187,12:07:46.594,177.7200,100
43666594072552,12:07:46.594,177.7200,10
43666594075596,12:07:46.594,177.7200,100
43743339952968,12:09:03.339,177.8000,19
43744144005256,12:09:04.144,177.8200,18
43744144156510,12:09:04.144,177.8200,9
43744144167535,12:09:04.144,177.8200,81
43744149321175,12:09:04.149,177.8400,200
43745175181775,12:09:05.175,177.8700,100
43791569953764,12:09:51.569,177.8300,100
43791569980216,12:09:51.569,177.8300,100
43860207268050,12:11:00.207,177.9400,2
43860207292034,12:11:00.207,177.9400,298
43860277303239,12:11:00.277,177.9400,100
43860431591372,12:11:00.431,177.9500,233
43860431675431,12:11:00.431,177.9500,67
43860431779515,12:11:00.431,177.9500,100
43865243818087,12:11:05.243,177.9800,300
43865566660892,12:11:05.566,177.9600,100
43865568656571,12:11:05.568,177.9600,100
43925615838208,12:12:05.615,178.0000,100
43925615838208,12:12:05.615,178.0000,100
43925615838208,12:12:05.615,178.0000,200
43925615838208,12:12:05.615,178.0000,1
43986724113222,12:13:06.724,177.9900,100
43986724507017,12:13:06.724,177.9900,50
44165565722382,12:16:05.565,178.0100,100
44213995910219,12:16:53.995,178.0400,78
44213996431078,12:16:53.996,178.0400,222
44214468811328,12:16:54.468,178.0400,100
44214468849555,12:16:54.468,178.0400,100
44214468874763,12:16:54.468,178.0400,100
44215740354102,12:16:55.740,178.0400,100
44215740669111,12:16:55.740,178.0400,100
44232499267467,12:17:12.499,178.0500,100
44232499304770,12:17:12.499,178.0500,100
44245253942647,12:17:25.253,178.0400,47
44245258528815,12:17:25.258,178.0400,50
44245258557281,12:17:25.258,178.0400,3
44245258557281,12:17:25.258,178.0400,100
44245258557281,12:17:25.258,178.0400,100
44320410635930,12:18:40.410,178.0600,100
44320765111118,12:18:40.765,178.0500,100
44364161278954,12:19:24.161,178.0700,102
44364161330407,12:19:24.161,178.0700,198
44376092739024,12:19:36.092,178.1200,150
44376096864609,12:19:36.096,178.1300,200
44376096901856,12:19:36.096,178.1300,100
44394183019315,12:19:54.183,178.0900,100
44394183090361,12:19:54.183,178.0900,400
44449099048003,12:20:49.099,178.2000,16
44449099426696,12:20:49.099,178.2000,84
44832612441824,12:27:12.612,178.1600,100
44832612838207,12:27:12.612,178.1600,150
44853644055969,12:27:33.644,178.1200,105
44860070596060,12:27:40.070,178.1100,100
44870471618882,12:27:50.471,178.1000,100
44871126590832,12:27:51.126,178.0900,100
44873753975324,12:27:53.753,178.0700,96
44873755548793,12:27:53.755,178.0700,4
44873755548793,12:27:53.755,178.0500,46
44873755976729,12:27:53.755,178.0700,100
44875386161857,12:27:55.386,178.0600,100
44875386161857,12:27:55.386,178.0500,33
44875386188824,12:27:55.386,178.0500,121
44876060611292,12:27:56.060,178.0500,100
44876060611292,12:27:56.060,178.0500,100
44876060671464,12:27:56.060,178.0500,100
44876060677331,12:27:56.060,178.0500,100
44907250094438,12:28:27.250,178.0300,100
46190974259833,12:49:50.974,178.0500,56
46710346381426,12:58:30.346,177.9700,6
46720620840794,12:58:40.620,177.9700,38
46720620925627,12:58:40.620,177.9700,15
46723885852546,12:58:43.885,177.9700,26
46724659655737,12:58:44.659,177.9700,100
46752051464043,12:59:12.051,178.0200,2
46752051852963,12:59:12.051,178.0200,14
46886753781115,13:01:26.753,178.0400,5
46886754175362,13:01:26.754,178.0400,295
48190657123526,13:23:10.657,177.7500,10
48488559953906,13:28:08.559,177.8900,6
48628842313766,13:30:28.842,177.8900,1
48942051668962,13:35:42.051,177.9600,1
48999594363785,13:36:39.594,177.9700,100
49030987039742,13:37:10.987,177.9600,18
49073524756804,13:37:53.524,177.9300,100
49204348525110,13:40:04.348,177.9200,5
49204369555318,13:40:04.369,177.9200,95
49301541093873,13:41:41.541,177.9600,200
49370826255530,13:42:50.826,177.8800,6
49429904133511,13:43:49.904,177.9000,100
49460991695166,13:44:20.991,177.8700,14
49661962988431,13:47:41.962,177.8400,71
50056567985754,13:54:16.567,177.9700,3
50304783440928,13:58:24.783,177.9900,6
50402688131162,14:00:02.688,177.8700,200
50402692271559,14:00:02.692,177.8600,200
50402711154688,14:00:02.711,177.9600,50
50402711388214,14:00:02.711,177.9600,50
50402713497001,14:00:02.713,177.8000,200
50402791967904,14:00:02.791,177.8400,100
50407806209071,14:00:07.806,178.1500,200
50407806300618,14:00:07.806,178.2500,15
50409044123255,14:00:09.044,178.4000,18
50409051735876,14:00:09.051,178.4000,122
50409329309392,14:00:09.329,178.4000,260
50411093901718,14:00:11.093,178.5000,1
50413193316037,14:00:13.193,178.6900,100
50414486066674,14:00:14.486,178.7000,57
50414638308067,14:00:14.638,178.7000,183
50423321670417,14:00:23.321,178.4700,200
50423878205947,14:00:23.878,178.2600,14
50423878320577,14:00:23.878,178.2600,14
50423878508736,14:00:23.878,178.2600,14
50423878860696,14:00:23.878,178.2600,14
50423878951184,14:00:23.878,178.2600,14
50466715314932,14:01:06.715,178.5400,100
50495058111519,14:01:35.058,178.5200,35
50495058156377,14:01:35.058,178.5200,65
50539042677656,14:02:19.042,178.3700,32
50539043348684,14:02:19.043,178.3700,68
50609487850821,14:03:29.487,178.7000,200
50609487901171,14:03:29.487,178.7000,200
50609487932768,14:03:29.487,178.7000,200
50609543694726,14:03:29.543,178.7000,160
50640942680639,14:04:00.942,178.7800,3
50686510528628,14:04:46.510,179.0000,1
50686550440174,14:04:46.550,179.0000,40
50759242996183,14:05:59.242,178.9400,100
50759242996183,14:05:59.242,178.9300,200
50936585779383,14:08:56.585,179.0200,1
50990722729416,14:09:50.722,178.9600,100
51059432251496,14:10:59.432,178.9600,100
51155267696403,14:12:35.267,179.2500,100
51256381907905,14:14:16.381,179.3500,100
51300161332770,14:15:00.161,179.3500,40
51300161891407,14:15:00.161,179.3500,50
51300179716516,14:15:00.179,179.3300,300
51300305257483,14:15:00.305,179.2400,10
51300318309657,14:15:00.318,179.2400,44
51301373056402,14:15:01.373,179.2400,46
51324362010104,14:15:24.362,179.2900,100
51385342038576,14:16:25.342,179.3100,100
51442021075290,14:17:22.021,179.3000,98
51442021157543,14:17:22.021,179.3000,2
51638321258371,14:20:38.321,179.3400,100
51661240769110,14:21:01.240,179.5000,10
51759079045070,14:22:39.079,179.6700,40
51803611572950,14:23:23.611,179.6300,27
51803647802125,14:23:23.647,179.6300,55
51803649097743,14:23:23.649,179.6300,18
51803886088626,14:23:23.886,179.7300,15
51814489382221,14:23:34.489,179.6800,100
51814494851643,14:23:34.494,179.6800,200
51814499693467,14:23:34.499,179.6800,60
51814499693467,14:23:34.499,179.6800,245
51814499757176,14:23:34.499,179.6700,100
51814503077031,14:23:34.503,179.6700,100
51814513228130,14:23:34.513,179.6700,45
51814526416032,14:23:34.526,179.6800,67
51814526422176,14:23:34.526,179.6800,33
51814526422176,14:23:34.526,179.6800,67
51814530395245,14:23:34.530,179.6800,33
51814530395245,14:23:34.530,179.6900,300
51814543719525,14:23:34.543,179.6800,100
51814567039675,14:23:34.567,179.7000,300
51814589945031,14:23:34.589,179.7100,300
51814589945031,14:23:34.589,179.7100,200
51856070413528,14:24:16.070,179.6600,38
51856070476659,14:24:16.070,179.6600,212
51865716081749,14:24:25.716,179.6600,46
52288756005589,14:31:28.756,179.4300,100
52557038790776,14:35:57.038,179.4700,1
52579115317284,14:36:19.115,179.4000,50
52638726013396,14:37:18.726,179.4600,10
52995079977250,14:43:15.079,179.3800,100
53114748433920,14:45:14.748,179.4600,61
53189282580626,14:46:29.282,179.7000,92
53189291440270,14:46:29.291,179.7000,47
53189291582681,14:46:29.291,179.7000,110
53189291605243,14:46:29.291,179.7000,1
53221039658466,14:47:01.039,179.7900,3
53240388598453,14:47:20.388,179.8700,1
53408985838851,14:50:08.985,179.7800,44
53413633807109,14:50:13.633,179.7800,56
53511105632669,14:51:51.105,179.7700,92
53536879182290,14:52:16.879,179.9200,1
53555525895520,14:52:35.525,179.9800,100
53556131895353,14:52:36.131,180.0000,1
53556131895353,14:52:36.131,180.0000,3
53556131895353,14:52:36.131,180.0000,100
53556131895353,14:52:36.131,180.0000,50
53556131895353,14:52:36.131,180.0000,9
53556595053668,14:52:36.595,180.0000,101
53556595053668,14:52:36.595,180.0000,200
53556595053668,14:52:36.595,180.0000,573
53556595053668,14:52:36.595,180.0000,60
53556595053668,14:52:36.595,180.0000,15
53556595053668,14:52:36.595,180.0000,100
53556595053668,14:52:36.595,180.0000,3
53556595053668,14:52:36.595,180.0000,30
53556595053668,14:52:36.595,180.0000,50
53556595053668,14:52:36.595,180.0000,1
53556595053668,14:52:36.595,180.0000,500
53556595053668,14:52:36.595,180.0000,200
53576121399376,14:52:56.121,180.0700,100
53576215798147,14:52:56.215,180.0600,100
53625620467174,14:53:45.620,180.1400,1
53625662634948,14:53:45.662,180.1600,1
53770385347301,14:56:10.385,180.0800,100
53783878839336,14:56:23.878,180.0600,100
53820909973464,14:57:00.909,180.1700,100
53820913692907,14:57:00.913,180.1800,200
53985170328243,14:59:45.170,180.2100,1
54000429964526,15:00:00.429,180.2600,300
54000431990780,15:00:00.431,180.2500,75
54000431990780,15:00:00.431,180.2500,10
54000568504460,15:00:00.568,180.2300,100
54118230171921,15:01:58.230,180.1000,15
54170587641376,15:02:50.587,180.1300,3
54200881307450,15:03:20.881,180.0700,100
54232135418637,15:03:52.135,180.0000,30
54352653445213,15:05:52.653,179.7900,100
54375933522888,15:06:15.933,179.8400,400
54376036984884,15:06:16.036,179.8400,400
54376037370723,15:06:16.037,179.8400,100
54376039626938,15:06:16.039,179.8300,10
54376466866347,15:06:16.466,179.8300,10
54376466866347,15:06:16.466,179.8300,100
54376467250757,15:06:16.467,179.8300,100
54378129912681,15:06:18.129,179.8400,100
54378129912681,15:06:18.129,179.8400,100
54378129912681,15:06:18.129,179.8400,200
54378219122040,15:06:18.219,179.8300,100
54378219122040,15:06:18.219,179.8300,100
54380458123605,15:06:20.458,179.8600,400
54380458578095,15:06:20.458,179.8500,200
54380459949822,15:06:20.459,179.8600,467
54380561140092,15:06:20.561,179.8600,400
54380561140092,15:06:20.561,179.8600,90
54380561323632,15:06:20.561,179.8500,100
54380561385756,15:06:20.561,179.8500,90
54380561389962,15:06:20.561,179.8500,10
54380561389962,15:06:20.561,179.8500,190
54380561395247,15:06:20.561,179.8500,10
54380564014808,15:06:20.564,179.8600,200
54380564052758,15:06:20.564,179.8600,100
54380663744497,15:06:20.663,179.8500,100
54380665361508,15:06:20.665,179.8600,400
54381072171081,15:06:21.072,179.8600,400
54383240541556,15:06:23.240,179.8400,54
54383241165936,15:06:23.241,179.8400,46
54423223590989,15:07:03.223,179.8300,67
54592356097379,15:09:52.356,179.6900,200
54948006402317,15:15:48.006,179.8100,10
55270140908910,15:21:10.140,179.9300,1
55563272756383,15:26:03.272,179.7700,104
55676960663397,15:27:56.960,179.9000,1
55868329714296,15:31:08.329,179.7400,9
55868330633416,15:31:08.330,179.7400,91
55873038127376,15:31:13.038,179.8200,100
56102754812336,15:35:02.754,179.6300,40
56102754879207,15:35:02.754,179.6300,200
56102754980473,15:35:02.754,179.6300,100
56102755030328,15:35:02.755,179.6300,100
56102755043855,15:35:02.755,179.6300,60
56338670465974,15:38:58.670,179.6700,100
56363219654350,15:39:23.219,179.6000,100
56426927020806,15:40:26.927,179.5800,100
56480475875919,15:41:20.475,179.5600,200
56538770228842,15:42:18.770,179.5100,14
56538771802927,15:42:18.771,179.5100,42
56539045981309,15:42:19.045,179.5100,51
56539046025430,15:42:19.046,179.5100,49
56910359919728,15:48:30.359,179.6500,1
57013321223655,15:50:13.321,179.6000,100
57128208985886,15:52:08.208,179.5800,100
57135155512970,15:52:15.155,179.5800,100
57135492945415,15:52:15.492,179.5800,100
57189712572040,15:53:09.712,179.5000,200
57300115484250,15:55:00.115,179.6200,100
57300255875721,15:55:00.255,179.6700,200
57300323098632,15:55:00.323,179.6200,100
57300323098632,15:55:00.323,179.6200,100
57300937762404,15:55:00.937,179.6300,500
57310119247380,15:55:10.119,179.6100,200
57389199776749,15:56:29.199,179.7800,40
57442789015626,15:57:22.789,179.7600,100
57446401055849,15:57:26.401,179.7550,100
57446882707303,15:57:26.882,179.7400,94
57446882707303,15:57:26.882,179.7400,6
57446882734285,15:57:26.882,179.7400,94
57448074741124,15:57:28.074,179.7200,100
57463588501697,15:57:43.588,179.7300,100
57467433052832,15:57:47.433,179.7350,100
57467433480025,15:57:47.433,179.7300,100
57469511565616,15:57:49.511,179.6800,100
57469537153617,15:57:49.537,179.6600,200
57469547469724,15:57:49.547,179.6500,200
57469547469724,15:57:49.547,179.6500,500
57469547618121,15:57:49.547,179.6700,10
57469551092412,15:57:49.551,179.6500,200
57469551734235,15:57:49.551,179.6700,90
57469553470262,15:57:49.553,179.6600,100
57483404254709,15:58:03.404,179.6500,17
57510735777190,15:58:30.735,179.7200,46
57510735817958,15:58:30.735,179.7200,4
57526120810366,15:58:46.120,179.7800,149
57528924726228,15:58:48.924,179.7600,200
57548097921620,15:59:08.097,179.7800,100
57558681022428,15:59:18.681,179.7700,100
57565032512062,15:59:25.032,179.7550,100
57568082008739,15:59:28.082,179.7500,100
57573248033406,15:59:33.248,179.7100,100
57577240474803,15:59:37.240,179.7200,100
57578324208839,15:59:38.324,179.7200,455
57579958140402,15:59:39.958,179.7150,100
57583665004238,15:59:43.665,179.7250,100
57586890049352,15:59:46.890,179.7250,100
57589256444078,15:59:49.256,179.7200,100
57589256681612,15:59:49.256,179.7200,59
57590192019146,15:59:50.192,179.7300,19
57591400169600,15:59:51.400,179.7300,323
57599159847795,15:59:59.159,179.8100,103
57599410545635,15:59:59.410,179.7800,100
57600589724587,16:00:00.589,0.0000,0
65510246261613,18:11:50.246,180.0000,75
