timestamp,time,price,volume
34200096910708,09:30:00.096,0.0000,0
34396661687683,09:33:16.661,82.6500,26
34396661788634,09:33:16.661,82.6800,100
34401549546773,09:33:21.549,82.6400,5
34401549575260,09:33:21.549,82.6400,95
34478869063189,09:34:38.869,82.6100,100
34478869385574,09:34:38.869,82.6100,100
34493082761377,09:34:53.082,82.6600,131
34493083157488,09:34:53.083,82.6700,30
34493083159235,09:34:53.083,82.6700,31
34493083185260,09:34:53.083,82.6700,39
34493083185260,09:34:53.083,82.6700,31
34493083186954,09:34:53.083,82.6700,69
34493083210660,09:34:53.083,82.6700,100
34502567729374,09:35:02.567,82.7100,100
34522482829091,09:35:22.482,82.6500,1
34536556441464,09:35:36.556,82.6500,5
34536556441464,09:35:36.556,82.6500,95
34537130074601,09:35:37.130,82.6500,5
34591124430214,09:36:31.124,82.6100,47
34591124435367,09:36:31.124,82.6100,30
34591125398120,09:36:31.125,82.6100,23
34722850043128,09:38:42.850,82.5300,44
34753454633735,09:39:13.454,82.5200,100
34753455325066,09:39:13.455,82.5200,100
34760784485075,09:39:20.784,82.5200,58
34773332065275,09:39:33.332,82.5100,100
34773969059549,09:39:33.969,82.5100,100
34819777831360,09:40:19.777,82.5400,100
34819777831360,09:40:19.777,82.5400,100
34819777831360,09:40:19.777,82.5400,100
34819777831360,09:40:19.777,82.5400,100
34819777848450,09:40:19.777,82.5400,100
34819779470629,09:40:19.779,82.5500,100
34838047901443,09:40:38.047,82.5300,100
34838047901443,09:40:38.047,82.5300,100
34841069194712,09:40:41.069,82.5500,100
34853984643978,09:40:53.984,82.5400,4
34853984643978,09:40:53.984,82.5400,100
34853984643978,09:40:53.984,82.5400,96
34853984718545,09:40:53.984,82.5400,4
34854001730314,09:40:54.001,82.5400,72
34854001779595,09:40:54.001,82.5400,28
34864426701859,09:41:04.426,82.5400,200
34874313764245,09:41:14.313,82.5300,70
34899744226004,09:41:39.744,82.5300,100
34930330645251,09:42:10.330,82.5500,100
34930330645251,09:42:10.330,82.5500,100
34930331111408,09:42:10.331,82.5600,100
34930331111408,09:42:10.331,82.5600,10
34930331116109,09:42:10.331,82.5600,30
34930331138116,09:42:10.331,82.5600,60
34930351397719,09:42:10.351,82.5800,49
34988882035902,09:43:08.882,82.5900,100
34988887007693,09:43:08.887,82.6100,99
34988909989970,09:43:08.909,82.6100,1
34988909989970,09:43:08.909,82.6100,100
35032012368205,09:43:52.012,82.6300,78
35032012394491,09:43:52.012,82.6300,22
35034879029799,09:43:54.879,82.6000,12
35077158002056,09:44:37.158,82.6000,100
35097831311651,09:44:57.831,82.6500,41
35142757596900,09:45:42.757,82.6200,42
35145316901332,09:45:45.316,82.6200,58
35157746200326,09:45:57.746,82.6300,22
35157746284060,09:45:57.746,82.6300,78
35160012064872,09:46:00.012,82.6300,100
35230567791853,09:47:10.567,82.6500,100
35230568975585,09:47:10.568,82.6600,100
35231802458026,09:47:11.802,82.6500,4
35262188986973,09:47:42.188,82.6200,23
35287915075962,09:48:07.915,82.6400,4
35292221768666,09:48:12.221,82.6000,10
35324532139622,09:48:44.532,82.5900,100
35330634606984,09:48:50.634,82.5900,100
35330640054231,09:48:50.640,82.5800,5
35330640544284,09:48:50.640,82.5800,5
35330640815685,09:48:50.640,82.5900,4
35330641250061,09:48:50.641,82.5800,5
35330641897188,09:48:50.641,82.5800,20
35330642095374,09:48:50.642,82.5800,25
35330642845679,09:48:50.642,82.5900,96
35330642845679,09:48:50.642,82.5900,4
35330643032852,09:48:50.643,82.5900,96
35330643356264,09:48:50.643,82.5900,96
35330643830780,09:48:50.643,82.5900,40
35330647831895,09:48:50.647,82.5900,4
35330647831895,09:48:50.647,82.5900,100
35330651568475,09:48:50.651,82.5900,196
35387920304510,09:49:47.920,82.5900,10
35419981151516,09:50:19.981,82.5900,100
35426986502603,09:50:26.986,82.6200,29
35426987146367,09:50:26.987,82.6200,71
35427003829080,09:50:27.003,82.6100,10
35427458506895,09:50:27.458,82.6000,100
35428764436099,09:50:28.764,82.6200,4
35459526783360,09:50:59.526,82.5900,100
35462259816962,09:51:02.259,82.5900,100
35462259816962,09:51:02.259,82.5900,66
35462259816962,09:51:02.259,82.5900,4
35462259833778,09:51:02.259,82.5900,100
35463358864451,09:51:03.358,82.6100,11
35469850381482,09:51:09.850,82.5900,100
35515834575439,09:51:55.834,82.5200,100
35517081847933,09:51:57.081,82.5200,11
35525251041729,09:52:05.251,82.5200,89
35525251041729,09:52:05.251,82.5200,16
35533758344829,09:52:13.758,82.5000,4
35533758344829,09:52:13.758,82.5000,100
35577178049632,09:52:57.178,82.5400,5
35612104524177,09:53:32.104,82.5200,4
35675063353162,09:54:35.063,82.5600,4
35675063480248,09:54:35.063,82.5600,4
35675063718144,09:54:35.063,82.5500,4
35731230875563,09:55:31.230,82.5700,4
35745722739377,09:55:45.722,82.5500,66
35745722739377,09:55:45.722,82.5400,34
35745723103893,09:55:45.723,82.5400,14
35745723290165,09:55:45.723,82.5400,52
35748010349909,09:55:48.010,82.5300,100
35763467503356,09:56:03.467,82.5100,100
35763467532036,09:56:03.467,82.5100,100
35781168061444,09:56:21.168,82.5200,100
35800000494888,09:56:40.000,82.5400,4
35817472507143,09:56:57.472,82.5500,12
35817472544340,09:56:57.472,82.5500,88
35817472544340,09:56:57.472,82.5500,75
35860961350818,09:57:40.961,82.5500,4
35862897782491,09:57:42.897,82.5500,66
35862900781842,09:57:42.900,82.5300,61
35862900951317,09:57:42.900,82.5300,5
35862956195212,09:57:42.956,82.5200,100
35871237176408,09:57:51.237,82.5100,64
35871237241252,09:57:51.237,82.5100,36
35887770084418,09:58:07.770,82.5000,8
35887770310647,09:58:07.770,82.5000,6
35887770846432,09:58:07.770,82.5000,4
35887771521712,09:58:07.771,82.5000,2
35887772130210,09:58:07.772,82.5000,2
35887772735457,09:58:07.772,82.5000,1
35887773130228,09:58:07.773,82.5000,1
35925920549427,09:58:45.920,82.5200,30
35925920572847,09:58:45.920,82.5200,55
35925920615036,09:58:45.920,82.5200,15
35953406292179,09:59:13.406,82.5300,11
35969819006546,09:59:29.819,82.5000,100
35970259908276,09:59:30.259,82.4900,100
35979860337262,09:59:39.860,82.4600,100
35989750541946,09:59:49.750,82.4600,72
36000173145583,10:00:00.173,82.4600,10
36000429989308,10:00:00.429,82.4900,100
36000429989308,10:00:00.429,82.4900,25
36000429989308,10:00:00.429,82.4900,100
36000430083828,10:00:00.430,82.4900,97
36000430262396,10:00:00.430,82.4900,103
36025990477301,10:00:25.990,82.5300,100
36025990477301,10:00:25.990,82.5300,100
36026013770245,10:00:26.013,82.5400,100
36026013795690,10:00:26.013,82.5400,3
36026013795690,10:00:26.013,82.5400,40
36026013795690,10:00:26.013,82.5400,100
36061233608973,10:01:01.233,82.5500,100
36061233690516,10:01:01.233,82.5500,100
36061233690516,10:01:01.233,82.5500,18
36061233690516,10:01:01.233,82.5500,100
36061233690516,10:01:01.233,82.5500,104
36068255172989,10:01:08.255,82.5300,100
36071243453074,10:01:11.243,82.5100,100
36100358804891,10:01:40.358,82.5400,100
36104522116649,10:01:44.522,82.5100,100
36112273668069,10:01:52.273,82.5000,100
36136984928257,10:02:16.984,82.5100,10
36136984955416,10:02:16.984,82.5100,21
36147453707692,10:02:27.453,82.5000,100
36147453707692,10:02:27.453,82.5000,8
36149434689777,10:02:29.434,82.5100,100
36166647327599,10:02:46.647,82.4900,100
36166686580458,10:02:46.686,82.4800,63
36166686965255,10:02:46.686,82.4800,3
36166688564820,10:02:46.688,82.4700,1
36166690419187,10:02:46.690,82.4600,5
36166690447904,10:02:46.690,82.4600,20
36166692210192,10:02:46.692,82.4600,10
36166692572667,10:02:46.692,82.4600,15
36166692942967,10:02:46.692,82.4600,15
36166702593176,10:02:46.702,82.4800,3
36170853316403,10:02:50.853,82.4800,20
36170853316403,10:02:50.853,82.4800,100
36170853316403,10:02:50.853,82.4800,100
36180227073360,10:03:00.227,82.4900,128
36180227076970,10:03:00.227,82.4900,22
36187741582606,10:03:07.741,82.4900,100
36189896569924,10:03:09.896,82.4900,100
36189899592550,10:03:09.899,82.4800,100
36189899592550,10:03:09.899,82.4800,10
36190095035888,10:03:10.095,82.4800,100
36190097812527,10:03:10.097,82.4900,100
36190097812527,10:03:10.097,82.4900,100
36190097812527,10:03:10.097,82.4900,100
36190097812527,10:03:10.097,82.4900,100
36190097812527,10:03:10.097,82.4900,100
36190292204823,10:03:10.292,82.5000,80
36190292238821,10:03:10.292,82.5000,20
36190292238821,10:03:10.292,82.5000,100
36190292238821,10:03:10.292,82.5000,100
36201465542704,10:03:21.465,82.5100,100
36201465542704,10:03:21.465,82.5100,100
36201497575162,10:03:21.497,82.5200,100
36201497575162,10:03:21.497,82.5200,32
36201497578163,10:03:21.497,82.5200,33
36201497600924,10:03:21.497,82.5200,35
36201497600924,10:03:21.497,82.5200,100
36201738698959,10:03:21.738,82.5200,90
36201738698959,10:03:21.738,82.5200,10
36201738764629,10:03:21.738,82.5200,90
36216339013967,10:03:36.339,82.5100,74
36216339455398,10:03:36.339,82.5100,26
36233200048957,10:03:53.200,82.5400,100
36236743939854,10:03:56.743,82.5400,100
36236744501728,10:03:56.744,82.5400,100
36237142579902,10:03:57.142,82.5500,12
36237189505912,10:03:57.189,82.5500,88
36237189505912,10:03:57.189,82.5500,12
36237190086355,10:03:57.190,82.5500,88
36237190086355,10:03:57.190,82.5500,12
36237199325104,10:03:57.199,82.5600,4
36237199325104,10:03:57.199,82.5600,96
36237199349810,10:03:57.199,82.5600,4
36237219672438,10:03:57.219,82.5500,10
36237219672438,10:03:57.219,82.5500,100
36237219672438,10:03:57.219,82.5500,90
36237219758156,10:03:57.219,82.5500,110
36256743541200,10:04:16.743,82.5400,51
36282352187373,10:04:42.352,82.5600,100
36290962536381,10:04:50.962,82.5600,100
36298819744884,10:04:58.819,82.5800,8
36311925293851,10:05:11.925,82.5600,66
36311925293851,10:05:11.925,82.5600,9
36311925293851,10:05:11.925,82.5600,100
36337387006724,10:05:37.387,82.5800,27
36341362516771,10:05:41.362,82.5800,8
36341440153669,10:05:41.440,82.5800,57
36341455454769,10:05:41.455,82.5800,100
36344120182595,10:05:44.120,82.5800,200
36344120182595,10:05:44.120,82.5800,100
36346123253542,10:05:46.123,82.5900,100
36346123253542,10:05:46.123,82.5900,7
36346123253542,10:05:46.123,82.5900,93
36348542518673,10:05:48.542,82.5900,7
36356905282161,10:05:56.905,82.6000,100
36360177724851,10:06:00.177,82.6100,100
36360177820199,10:06:00.177,82.6100,100
36361191933745,10:06:01.191,82.6100,100
36361282617819,10:06:01.282,82.6100,25
36364709093526,10:06:04.709,82.6000,7
36368010293129,10:06:08.010,82.6100,100
36378607960611,10:06:18.607,82.6200,67
36378607978216,10:06:18.607,82.6200,33
36386876164540,10:06:26.876,82.6300,100
36387234873124,10:06:27.234,82.6400,100
36389431684574,10:06:29.431,82.6400,100
36390189325761,10:06:30.189,82.6500,100
36411510267687,10:06:51.510,82.6500,100
36411510267687,10:06:51.510,82.6500,107
36411899740140,10:06:51.899,82.6500,100
36412013895163,10:06:52.013,82.6600,100
36420211411710,10:07:00.211,82.6700,1
36423064154347,10:07:03.064,82.6500,66
36423064154347,10:07:03.064,82.6500,100
36423064154347,10:07:03.064,82.6500,100
36423064154347,10:07:03.064,82.6500,34
36423064180041,10:07:03.064,82.6500,166
36426875914602,10:07:06.875,82.6500,5
36432256267849,10:07:12.256,82.6500,100
36437359365787,10:07:17.359,82.6400,82
36441421544134,10:07:21.421,82.6400,9
36452754541456,10:07:32.754,82.6400,200
36469230577101,10:07:49.230,82.6500,44
36472397377399,10:07:52.397,82.6400,100
36508752563828,10:08:28.752,82.6700,7
36516747390828,10:08:36.747,82.6800,100
36536157453397,10:08:56.157,82.6800,100
36536157589256,10:08:56.157,82.6800,100
36539868386692,10:08:59.868,82.6700,11
36553373604194,10:09:13.373,82.6600,100
36553373630572,10:09:13.373,82.6600,100
36599400103617,10:09:59.400,82.6500,66
36615005054314,10:10:15.005,82.6800,100
36615005338060,10:10:15.005,82.6700,100
36615065732608,10:10:15.065,82.6700,6
36615065758297,10:10:15.065,82.6700,100
36615065758297,10:10:15.065,82.6700,100
36615067933290,10:10:15.067,82.6700,100
36615067933290,10:10:15.067,82.6700,100
36633049885216,10:10:33.049,82.6400,100
36633052043347,10:10:33.052,82.6300,100
36641233749049,10:10:41.233,82.6300,100
36642189558486,10:10:42.189,82.6400,53
36642193680577,10:10:42.193,82.6500,37
36701073439893,10:11:41.073,82.6500,24
36705454186886,10:11:45.454,82.6600,100
36705727381028,10:11:45.727,82.6800,100
36708667227054,10:11:48.667,82.6800,93
36708667256505,10:11:48.667,82.6800,7
36708700768316,10:11:48.700,82.7000,5
36725299743175,10:12:05.299,82.6900,6
36725300813575,10:12:05.300,82.6900,6
36725300813575,10:12:05.300,82.6900,94
36730275492854,10:12:10.275,82.6800,100
36750476224856,10:12:30.476,82.6700,100
36750476457568,10:12:30.476,82.6700,2
36750476464290,10:12:30.476,82.6700,34
36750476475682,10:12:30.476,82.6700,50
36750476556257,10:12:30.476,82.6700,14
36762333059128,10:12:42.333,82.6800,100
36762333087995,10:12:42.333,82.6700,100
36786836467418,10:13:06.836,82.6600,100
36797346111224,10:13:17.346,82.6800,100
36797346111224,10:13:17.346,82.6800,192
36797346734874,10:13:17.346,82.6900,100
36797346734874,10:13:17.346,82.6900,100
36797346768514,10:13:17.346,82.6900,100
36810273987037,10:13:30.273,82.6900,85
36814691037800,10:13:34.691,82.6800,100
36868141632523,10:14:28.141,82.7000,8
36868141637632,10:14:28.141,82.7000,92
36868141637632,10:14:28.141,82.7000,8
36868145162638,10:14:28.145,82.7100,100
36890167007448,10:14:50.167,82.7000,5
36890167007448,10:14:50.167,82.7000,100
36916885361585,10:15:16.885,82.7100,100
36916885361585,10:15:16.885,82.7100,100
36933547957654,10:15:33.547,82.7000,45
36933548573601,10:15:33.548,82.7000,55
36933549437748,10:15:33.549,82.7000,100
36933549437748,10:15:33.549,82.7000,100
36933551828410,10:15:33.551,82.7100,17
36933551852813,10:15:33.551,82.7100,83
36933551852813,10:15:33.551,82.7100,100
36933556507767,10:15:33.556,82.7200,12
36933556507767,10:15:33.556,82.7200,36
36933556507767,10:15:33.556,82.7200,52
36934021216201,10:15:34.021,82.7300,100
36943489271698,10:15:43.489,82.7600,100
36944490230765,10:15:44.490,82.7600,100
36946442805824,10:15:46.442,82.7700,100
36947838858503,10:15:47.838,82.7700,100
36957487676759,10:15:57.487,82.7800,95
36959126773385,10:15:59.126,82.7700,11
36959127025918,10:15:59.127,82.7700,89
36979114050904,10:16:19.114,82.7600,100
36979114050904,10:16:19.114,82.7600,5
37011068065561,10:16:51.068,82.7300,100
37011068065561,10:16:51.068,82.7300,100
37027183848126,10:17:07.183,82.7300,100
37039525077845,10:17:19.525,82.7200,100
37053487626824,10:17:33.487,82.7300,100
37053487655859,10:17:33.487,82.7300,9
37055356675676,10:17:35.356,82.7400,100
37075980079986,10:17:55.980,82.7350,100
37075980079986,10:17:55.980,82.7200,100
37075980613907,10:17:55.980,82.7200,100
37087380896767,10:18:07.380,82.7100,100
37087380896767,10:18:07.380,82.7100,100
37087380896767,10:18:07.380,82.7100,5
37091743078905,10:18:11.743,82.7300,100
37091743078905,10:18:11.743,82.7300,100
37102396869979,10:18:22.396,82.7200,10
37105021918434,10:18:25.021,82.7100,100
37105022338861,10:18:25.022,82.7100,100
37105022741598,10:18:25.022,82.7100,100
37105023536271,10:18:25.023,82.7100,100
37105024316620,10:18:25.024,82.7100,100
37105025106207,10:18:25.025,82.7100,100
37105025979257,10:18:25.025,82.7100,100
37105026787014,10:18:25.026,82.7100,100
37105027569433,10:18:25.027,82.7100,100
37105028375769,10:18:25.028,82.7100,100
37105029154921,10:18:25.029,82.7100,100
37105029930622,10:18:25.029,82.7100,100
37105030712005,10:18:25.030,82.7100,100
37105031490448,10:18:25.031,82.7100,100
37105032270089,10:18:25.032,82.7100,100
37105033047972,10:18:25.033,82.7100,100
37105033828847,10:18:25.033,82.7100,100
37105034225923,10:18:25.034,82.7200,100
37105034225923,10:18:25.034,82.7200,100
37105034613537,10:18:25.034,82.7200,100
37105034613537,10:18:25.034,82.7100,100
37105034613537,10:18:25.034,82.7100,100
37105039258148,10:18:25.039,82.7100,200
37105133334364,10:18:25.133,82.7100,200
37105134514338,10:18:25.134,82.7100,100
37105134514338,10:18:25.134,82.7100,18
37105730456465,10:18:25.730,82.7300,100
37105730456465,10:18:25.730,82.7300,100
37106729792211,10:18:26.729,82.7300,200
37106729792211,10:18:26.729,82.7300,100
37113257417463,10:18:33.257,82.7400,1
37130314970223,10:18:50.314,82.7100,100
37130315440943,10:18:50.315,82.7100,100
37130316568088,10:18:50.316,82.7100,100
37130317321526,10:18:50.317,82.7100,100
37130317321526,10:18:50.317,82.7100,100
37130466644822,10:18:50.466,82.7100,100
37130466644822,10:18:50.466,82.7100,100
37133358855686,10:18:53.358,82.7100,100
37136652823818,10:18:56.652,82.7200,100
37136652823818,10:18:56.652,82.7200,100
37137148769520,10:18:57.148,82.7200,12
37138163202579,10:18:58.163,82.7200,100
37138163202579,10:18:58.163,82.7200,32
37138163218284,10:18:58.163,82.7200,33
37138163233512,10:18:58.163,82.7200,35
37142850688599,10:19:02.850,82.7200,100
37143190034640,10:19:03.190,82.7200,100
37143190034640,10:19:03.190,82.7200,100
37143733013278,10:19:03.733,82.7300,100
37143733013278,10:19:03.733,82.7300,100
37143733013278,10:19:03.733,82.7300,100
37144681748633,10:19:04.681,82.7200,1
37145507543776,10:19:05.507,82.7200,99
37149188950578,10:19:09.188,82.7200,100
37149191043162,10:19:09.191,82.7200,200
37151201942425,10:19:11.201,82.7300,82
37151774240440,10:19:11.774,82.7300,18
37151774240440,10:19:11.774,82.7300,85
37151774297042,10:19:11.774,82.7300,15
37152188989582,10:19:12.188,82.7400,32
37156878182284,10:19:16.878,82.7200,40
37156882647179,10:19:16.882,82.7200,60
37160189229728,10:19:20.189,82.7300,100
37162807371846,10:19:22.807,82.7300,100
37162809887921,10:19:22.809,82.7200,100
37173682542456,10:19:33.682,82.7300,100
37173682679503,10:19:33.682,82.7300,91
37173682853030,10:19:33.682,82.7300,9
37173734247755,10:19:33.734,82.7500,100
37186453671989,10:19:46.453,82.7300,100
37210402756025,10:20:10.402,82.7200,100
37210402767639,10:20:10.402,82.7200,99
37210402769279,10:20:10.402,82.7200,1
37210402769279,10:20:10.402,82.7200,5
37210402769279,10:20:10.402,82.7200,27
37210402969059,10:20:10.402,82.7200,9
37210403002268,10:20:10.403,82.7200,64
37219708905823,10:20:19.708,82.7200,100
37219715286528,10:20:19.715,82.7200,100
37223851120255,10:20:23.851,82.7200,100
37234137943684,10:20:34.137,82.7100,1
37234138462731,10:20:34.138,82.7100,100
37234139456646,10:20:34.139,82.7100,100
37234139456646,10:20:34.139,82.7100,100
37234139508200,10:20:34.139,82.7100,100
37234139525646,10:20:34.139,82.7100,100
37234139525646,10:20:34.139,82.7100,100
37234140791568,10:20:34.140,82.7100,100
37235771749874,10:20:35.771,82.7000,100
37235771810988,10:20:35.771,82.7000,46
37235773264009,10:20:35.773,82.7000,100
37235960114794,10:20:35.960,82.6900,100
37235960114794,10:20:35.960,82.6900,100
37235960114794,10:20:35.960,82.6900,100
37235960114794,10:20:35.960,82.6900,100
37236602647795,10:20:36.602,82.6700,200
37236602647795,10:20:36.602,82.6700,100
37236603920762,10:20:36.603,82.6700,100
37236604882296,10:20:36.604,82.6700,100
37238980650393,10:20:38.980,82.6800,14
37238980650393,10:20:38.980,82.6800,100
37238981681388,10:20:38.981,82.6800,200
37238981681388,10:20:38.981,82.6800,100
37238981681388,10:20:38.981,82.6800,100
37257118854163,10:20:57.118,82.6900,30
37257684665775,10:20:57.684,82.6900,1
37263349452037,10:21:03.349,82.6800,200
37263732282467,10:21:03.732,82.6800,100
37263732282467,10:21:03.732,82.6800,100
37264207305086,10:21:04.207,82.6800,52
37264415335665,10:21:04.415,82.6700,100
37264868621709,10:21:04.868,82.6800,100
37264868621709,10:21:04.868,82.6800,100
37270809396834,10:21:10.809,82.6700,100
37270809396834,10:21:10.809,82.6700,100
37270816144560,10:21:10.816,82.6800,200
37270816200663,10:21:10.816,82.6800,100
37270816200663,10:21:10.816,82.6800,100
37273729886083,10:21:13.729,82.6700,100
37274645275339,10:21:14.645,82.6800,99
37274645302800,10:21:14.645,82.6800,1
37274645302800,10:21:14.645,82.6800,32
37274645480657,10:21:14.645,82.6800,2
37274645583103,10:21:14.645,82.6800,108
37274645583103,10:21:14.645,82.6800,100
37276407039295,10:21:16.407,82.6800,100
37278189466781,10:21:18.189,82.6800,100
37278199417281,10:21:18.199,82.6800,100
37278199417281,10:21:18.199,82.6900,69
37278199417281,10:21:18.199,82.6900,31
37278199798961,10:21:18.199,82.6900,69
37278199798961,10:21:18.199,82.6900,100
37278199798961,10:21:18.199,82.6900,100
37279199624172,10:21:19.199,82.6900,100
37280486218040,10:21:20.486,82.6900,200
37280486218040,10:21:20.486,82.6900,100
37280486218040,10:21:20.486,82.6900,68
37280486495587,10:21:20.486,82.6900,32
37280486495587,10:21:20.486,82.6900,1
37280486495587,10:21:20.486,82.6900,100
37280731670393,10:21:20.731,82.7000,100
37280731670393,10:21:20.731,82.7000,100
37282036647550,10:21:22.036,82.7000,23
37282036975907,10:21:22.036,82.7000,16
37282037002842,10:21:22.037,82.7000,61
37282414381754,10:21:22.414,82.7000,17
37284200539940,10:21:24.200,82.7200,80
37286806809552,10:21:26.806,82.7100,83
37286807810104,10:21:26.807,82.7100,17
37287199628721,10:21:27.199,82.7200,100
37292201063519,10:21:32.201,82.7300,100
37294489052800,10:21:34.489,82.7300,100
37294489081315,10:21:34.489,82.7300,100
37295602276109,10:21:35.602,82.7200,83
37300678379723,10:21:40.678,82.7100,100
37307079575333,10:21:47.079,82.7100,24
37307079599699,10:21:47.079,82.7100,76
37307080004171,10:21:47.080,82.7100,100
37307455532688,10:21:47.455,82.7100,100
37311186204333,10:21:51.186,82.7200,100
37311186204333,10:21:51.186,82.7200,100
37311662987923,10:21:51.662,82.7200,100
37315705178971,10:21:55.705,82.7200,100
37316489588188,10:21:56.489,82.7200,70
37317772218345,10:21:57.772,82.7200,11
37322190258382,10:22:02.190,82.7100,100
37328103937242,10:22:08.103,82.7100,100
37328103937242,10:22:08.103,82.7100,5
37328104727785,10:22:08.104,82.7100,100
37328104806818,10:22:08.104,82.7100,100
37330540394476,10:22:10.540,82.7200,100
37338277326703,10:22:18.277,82.7100,100
37338279258008,10:22:18.279,82.7100,200
37338281338853,10:22:18.281,82.7100,32
37339913236049,10:22:19.913,82.7100,100
37344901935817,10:22:24.901,82.7100,100
37363082925682,10:22:43.082,82.7100,100
37363084024401,10:22:43.084,82.7100,92
37363883963003,10:22:43.883,82.7100,8
37363884367434,10:22:43.884,82.7100,8
37363886474252,10:22:43.886,82.7200,200
37363886474252,10:22:43.886,82.7200,100
37382299845151,10:23:02.299,82.7100,33
37386411850048,10:23:06.411,82.7100,13
37386413685901,10:23:06.413,82.7100,46
37402905256540,10:23:22.905,82.6900,100
37402905256540,10:23:22.905,82.6900,100
37402905558819,10:23:22.905,82.6900,85
37402905587580,10:23:22.905,82.6900,14
37402905807086,10:23:22.905,82.6900,1
37402905807086,10:23:22.905,82.6900,6
37402905863561,10:23:22.905,82.6900,23
37402908387618,10:23:22.908,82.6900,100
37402908967447,10:23:22.908,82.7000,100
37422353241733,10:23:42.353,82.7000,100
37422353241733,10:23:42.353,82.7000,100
37422353241733,10:23:42.353,82.7000,100
37428033387116,10:23:48.033,82.7000,100
37428034742358,10:23:48.034,82.7000,100
37428034742358,10:23:48.034,82.7100,100
37428035918672,10:23:48.035,82.7100,100
37429259265979,10:23:49.259,82.7100,100
37429272604926,10:23:49.272,82.7200,100
37429272604926,10:23:49.272,82.7200,100
37437148375925,10:23:57.148,82.7300,100
37438291558964,10:23:58.291,82.7300,100
37438291558964,10:23:58.291,82.7300,100
37438291558964,10:23:58.291,82.7300,200
37440464527572,10:24:00.464,82.7200,100
37443232290821,10:24:03.232,82.7200,100
37443232348791,10:24:03.232,82.7200,100
37444189223762,10:24:04.189,82.7300,100
37444922080845,10:24:04.922,82.7200,16
37447189311456,10:24:07.189,82.7300,100
37452191697751,10:24:12.191,82.7300,62
37453200735516,10:24:13.200,82.7300,100
37457189364831,10:24:17.189,82.7300,100
37460199711937,10:24:20.199,82.7400,100
37469046476124,10:24:29.046,82.7100,100
37469046963443,10:24:29.046,82.7100,100
37469046963443,10:24:29.046,82.7100,100
37469048039704,10:24:29.048,82.7100,100
37469048039704,10:24:29.048,82.7100,100
37488090155186,10:24:48.090,82.7100,100
37488092262209,10:24:48.092,82.7100,200
37488093081272,10:24:48.093,82.7100,78
37488094924869,10:24:48.094,82.7100,22
37488094924869,10:24:48.094,82.7100,78
37488094993709,10:24:48.094,82.7100,22
37491448528726,10:24:51.448,82.7300,100
37496188734054,10:24:56.188,82.7300,83
37498202163984,10:24:58.202,82.7300,17
37499434251003,10:24:59.434,82.7400,54
37500019984690,10:25:00.019,82.7300,100
37518539317711,10:25:18.539,82.7200,100
37519426854470,10:25:19.426,82.7200,100
37524708942724,10:25:24.708,82.7200,2
37524708966285,10:25:24.708,82.7200,98
37524711466623,10:25:24.711,82.7200,100
37524711466623,10:25:24.711,82.7200,100
37539188160109,10:25:39.188,82.7200,100
37539188924495,10:25:39.188,82.7300,100
37539189225203,10:25:39.189,82.7300,100
37539189225203,10:25:39.189,82.7300,76
37539189255650,10:25:39.189,82.7300,72
37554501321405,10:25:54.501,82.7300,33
37554501354032,10:25:54.501,82.7300,19
37558994709648,10:25:58.994,82.7400,46
37559190306381,10:25:59.190,82.7500,200
37559201205862,10:25:59.201,82.7500,100
37560025327632,10:26:00.025,82.7500,100
37563189634003,10:26:03.189,82.7500,100
37563669741413,10:26:03.669,82.7600,100
37563669767084,10:26:03.669,82.7600,3
37566385150088,10:26:06.385,82.7700,3
37568751018564,10:26:08.751,82.7700,153
37574200275724,10:26:14.200,82.7700,9
37574200275724,10:26:14.200,82.7700,91
37579201627619,10:26:19.201,82.7700,9
37579201627619,10:26:19.201,82.7700,91
37579201693621,10:26:19.201,82.7700,9
37585253951930,10:26:25.253,82.7700,100
37587655552635,10:26:27.655,82.7500,100
37605647547638,10:26:45.647,82.7500,100
37605647625706,10:26:45.647,82.7500,100
37606148328760,10:26:46.148,82.7400,4
37606319468654,10:26:46.319,82.7300,100
37606319468654,10:26:46.319,82.7300,100
37606319473116,10:26:46.319,82.7300,100
37607953476598,10:26:47.953,82.7400,100
37607953476598,10:26:47.953,82.7400,100
37607953844489,10:26:47.953,82.7400,100
37629580554269,10:27:09.580,82.7250,100
37629580554269,10:27:09.580,82.7100,23
37630434459607,10:27:10.434,82.7100,77
37630977130663,10:27:10.977,82.6900,42
37630978147136,10:27:10.978,82.6900,5
37631715674266,10:27:11.715,82.6900,95
37652927043978,10:27:32.927,82.6800,3
37652927043978,10:27:32.927,82.6800,97
37664367981649,10:27:44.367,82.6800,100
37664367981649,10:27:44.367,82.6800,100
37674286299169,10:27:54.286,82.6700,100
37704158534496,10:28:24.158,82.6500,100
37716467532207,10:28:36.467,82.6200,3
37725926983016,10:28:45.926,82.6200,100
37736894077958,10:28:56.894,82.6300,34
37738926300534,10:28:58.926,82.6300,66
37738926300534,10:28:58.926,82.6300,34
37739884297041,10:28:59.884,82.6300,66
37739884297041,10:28:59.884,82.6300,34
37741455485495,10:29:01.455,82.6300,66
37743539383608,10:29:03.539,82.6400,100
37771486590168,10:29:31.486,82.6300,3
37774238388554,10:29:34.238,82.6200,100
37785633490256,10:29:45.633,82.6100,45
37785633684929,10:29:45.633,82.6100,55
37785633684929,10:29:45.633,82.6100,100
37785633684929,10:29:45.633,82.6100,100
37790237175006,10:29:50.237,82.6200,100
37790237175006,10:29:50.237,82.6200,100
37792251686667,10:29:52.251,82.6100,100
37800214933586,10:30:00.214,82.6200,100
37800927616201,10:30:00.927,82.6300,100
37800927622577,10:30:00.927,82.6400,100
37804026909240,10:30:04.026,82.6300,5
37806885591466,10:30:06.885,82.6100,20
37806885626494,10:30:06.885,82.6100,35
37806885669510,10:30:06.885,82.6100,25
37806885718355,10:30:06.885,82.6100,20
37806885718355,10:30:06.885,82.6100,5
37806885785577,10:30:06.885,82.6100,15
37806885886757,10:30:06.885,82.6100,70
37806892982819,10:30:06.892,82.6000,100
37806892982819,10:30:06.892,82.6000,100
37818296986236,10:30:18.296,82.6100,3
37818296986236,10:30:18.296,82.6100,100
37820979008345,10:30:20.979,82.6200,72
37820979034232,10:30:20.979,82.6200,28
37820979094740,10:30:20.979,82.6200,28
37822156746979,10:30:22.156,82.6100,100
37860589953958,10:31:00.589,82.6000,100
37860589953958,10:31:00.589,82.6000,90
37873189823991,10:31:13.189,82.6100,97
37873189892147,10:31:13.189,82.6100,3
37875926556043,10:31:15.926,82.6100,100
37897057740767,10:31:37.057,82.6000,100
37897058139599,10:31:37.058,82.6000,100
37897058139599,10:31:37.058,82.6000,100
37897058139599,10:31:37.058,82.6000,100
37902245201451,10:31:42.245,82.6000,100
37903192784210,10:31:43.192,82.6200,100
37903383298405,10:31:43.383,82.6200,100
37936765115152,10:32:16.765,82.6000,100
37939887676023,10:32:19.887,82.6100,100
37940485207528,10:32:20.485,82.6100,4
37949978745678,10:32:29.978,82.6000,100
37950717777279,10:32:30.717,82.6100,100
37962010811980,10:32:42.010,82.6100,100
37962036269824,10:32:42.036,82.6100,100
38004994685936,10:33:24.994,82.6100,100
38004997774279,10:33:24.997,82.6100,4
38004998105373,10:33:24.998,82.6100,96
38004998105373,10:33:24.998,82.6100,100
38005626028812,10:33:25.626,82.6200,100
38005626028812,10:33:25.626,82.6200,100
38005627239283,10:33:25.627,82.6300,44
38005628350726,10:33:25.628,82.6300,56
38005629444139,10:33:25.629,82.6300,100
38005635625126,10:33:25.635,82.6200,200
38005635625126,10:33:25.635,82.6200,100
38046495405162,10:34:06.495,82.6300,100
38052143156673,10:34:12.143,82.6100,100
38052144962596,10:34:12.144,82.6000,100
38052144962596,10:34:12.144,82.6000,100
38052193478743,10:34:12.193,82.6000,100
38052193478743,10:34:12.193,82.6000,100
38052194087043,10:34:12.194,82.6100,100
38052194087043,10:34:12.194,82.6100,100
38061035355780,10:34:21.035,82.6100,100
38061035355780,10:34:21.035,82.6100,100
38061038670920,10:34:21.038,82.6100,200
38061038670920,10:34:21.038,82.6100,100
38061559051620,10:34:21.559,82.6100,100
38061559051620,10:34:21.559,82.6100,100
38068348245452,10:34:28.348,82.6100,100
38071987192698,10:34:31.987,82.6100,200
38071987192698,10:34:31.987,82.6100,100
38071987220433,10:34:31.987,82.6100,100
38076396876773,10:34:36.396,82.6100,100
38076396876773,10:34:36.396,82.6100,100
38076397077376,10:34:36.397,82.6100,100
38076397119583,10:34:36.397,82.6100,36
38076397176731,10:34:36.397,82.6100,36
38076397426102,10:34:36.397,82.6100,28
38077016402933,10:34:37.016,82.6100,100
38102070750624,10:35:02.070,82.6100,3
38102070750624,10:35:02.070,82.6100,100
38102071179636,10:35:02.071,82.6200,100
38107069270275,10:35:07.069,82.6200,15
38107069270275,10:35:07.069,82.6200,100
38107070129196,10:35:07.070,82.6200,100
38107779157225,10:35:07.779,82.6200,2
38107779193611,10:35:07.779,82.6200,98
38107779193611,10:35:07.779,82.6200,100
38107779193611,10:35:07.779,82.6200,100
38107779193611,10:35:07.779,82.6200,100
38108405636608,10:35:08.405,82.6200,100
38108405636608,10:35:08.405,82.6200,100
38121060583950,10:35:21.060,82.6100,100
38121082420261,10:35:21.082,82.6000,100
38121082821439,10:35:21.082,82.6000,100
38121082821439,10:35:21.082,82.6000,100
38121083429265,10:35:21.083,82.6000,2
38121189373054,10:35:21.189,82.6000,100
38122670714196,10:35:22.670,82.6000,100
38134134458610,10:35:34.134,82.5900,100
38134134458610,10:35:34.134,82.5900,100
38134134458610,10:35:34.134,82.5900,52
38134134491061,10:35:34.134,82.5900,48
38134135002721,10:35:34.135,82.5800,100
38134192583310,10:35:34.192,82.5900,34
38134192619738,10:35:34.192,82.5900,166
38134192619738,10:35:34.192,82.5900,100
38134192619738,10:35:34.192,82.5900,44
38134192619738,10:35:34.192,82.5900,13
38134192619738,10:35:34.192,82.5900,100
38135023940941,10:35:35.023,82.5900,100
38139456933376,10:35:39.456,82.5900,100
38140429181710,10:35:40.429,82.5900,100
38164258648529,10:36:04.258,82.5900,3
38164258719420,10:36:04.258,82.5900,67
38164258796163,10:36:04.258,82.5900,33
38165852837187,10:36:05.852,82.6000,100
38165852837187,10:36:05.852,82.6000,61
38165852839744,10:36:05.852,82.6000,39
38175106897804,10:36:15.106,82.6100,100
38188627305787,10:36:28.627,82.6000,3
38188627554926,10:36:28.627,82.6000,2
38188627660375,10:36:28.627,82.6000,95
38211007555779,10:36:51.007,82.6100,4
38222112279937,10:37:02.112,82.6200,100
38234266531062,10:37:14.266,82.6200,100
38234287081555,10:37:14.287,82.6200,2
38234287081555,10:37:14.287,82.6200,100
38234874536185,10:37:14.874,82.6000,75
38249900502693,10:37:29.900,82.6000,100
38249900502693,10:37:29.900,82.6000,100
38256537767623,10:37:36.537,82.5900,100
38256539174529,10:37:36.539,82.5900,100
38256539174529,10:37:36.539,82.5900,100
38266085808928,10:37:46.085,82.5850,100
38266085808928,10:37:46.085,82.5800,100
38269281783033,10:37:49.281,82.5800,100
38271102799883,10:37:51.102,82.5800,100
38271102799883,10:37:51.102,82.5800,100
38277923541032,10:37:57.923,82.5500,4
38277923541032,10:37:57.923,82.5500,100
38291456895760,10:38:11.456,82.5900,100
38292457808660,10:38:12.457,82.5900,100
38292853731533,10:38:12.853,82.5900,5
38292853731533,10:38:12.853,82.5900,100
38299465705501,10:38:19.465,82.5900,5
38300509721035,10:38:20.509,82.5900,50
38305291461229,10:38:25.291,82.5900,45
38305291461229,10:38:25.291,82.5900,100
38305291461229,10:38:25.291,82.5900,55
38305291490766,10:38:25.291,82.5900,45
38306292443459,10:38:26.292,82.5900,100
38340989000360,10:39:00.989,82.6000,100
38340989000360,10:39:00.989,82.6000,100
38342131596008,10:39:02.131,82.6100,100
38375076958189,10:39:35.076,82.6100,72
38375076993232,10:39:35.076,82.6100,28
38375076993232,10:39:35.076,82.6100,80
38375076995751,10:39:35.076,82.6100,20
38375076995751,10:39:35.076,82.6100,100
38375076995751,10:39:35.076,82.6100,100
38375294845050,10:39:35.294,82.6100,100
38375294915790,10:39:35.294,82.6100,62
38375319619526,10:39:35.319,82.6100,38
38375319619526,10:39:35.319,82.6100,62
38375319679702,10:39:35.319,82.6100,38
38382853955752,10:39:42.853,82.6300,69
38382854302668,10:39:42.854,82.6300,31
38387852908510,10:39:47.852,82.6300,100
38388633031681,10:39:48.633,82.6400,100
38388633031681,10:39:48.633,82.6400,100
38388633031681,10:39:48.633,82.6400,100
38390853281923,10:39:50.853,82.6400,100
38404263517194,10:40:04.263,82.6500,59
38404263554956,10:40:04.263,82.6500,41
38426420639783,10:40:26.420,82.6500,100
38426422753677,10:40:26.422,82.6500,100
38435034976439,10:40:35.034,82.6600,100
38435035294556,10:40:35.035,82.6600,72
38435035309223,10:40:35.035,82.6600,28
38435035309223,10:40:35.035,82.6600,4
38435591941015,10:40:35.591,82.6500,100
38435852534259,10:40:35.852,82.6600,86
38446788991833,10:40:46.788,82.6600,100
38467231776310,10:41:07.231,82.6400,6
38467231776310,10:41:07.231,82.6400,100
38467723412493,10:41:07.723,82.6300,100
38467723863762,10:41:07.723,82.6300,100
38491380052868,10:41:31.380,82.6400,5
38494241333517,10:41:34.241,82.6500,75
38494241362766,10:41:34.241,82.6500,25
38495118261758,10:41:35.118,82.6600,100
38515057572188,10:41:55.057,82.6600,10
38515057572188,10:41:55.057,82.6600,98
38515057585454,10:41:55.057,82.6600,2
38518576626365,10:41:58.576,82.6800,100
38518576741701,10:41:58.576,82.6800,100
38522729899463,10:42:02.729,82.6800,80
38522729902535,10:42:02.729,82.6800,20
38527078816669,10:42:07.078,82.6800,100
38532420046643,10:42:12.420,82.6900,100
38549852669044,10:42:29.852,82.6900,100
38560155107052,10:42:40.155,82.6900,100
38560189235228,10:42:40.189,82.6900,100
38560219532707,10:42:40.219,82.7000,100
38561091161258,10:42:41.091,82.7000,100
38561091161258,10:42:41.091,82.7000,100
38572004511156,10:42:52.004,82.6900,100
38572004511156,10:42:52.004,82.6900,3
38572004511156,10:42:52.004,82.6900,97
38573118103149,10:42:53.118,82.7000,36
38574858621911,10:42:54.858,82.7000,16
38574858649428,10:42:54.858,82.7000,48
38574858649428,10:42:54.858,82.7000,100
38576312349816,10:42:56.312,82.7100,100
38576994844496,10:42:56.994,82.7200,16
38577652842705,10:42:57.652,82.7200,84
38577652842705,10:42:57.652,82.7200,16
38577652878628,10:42:57.652,82.7200,84
38588852553083,10:43:08.852,82.7600,100
38608518069589,10:43:28.518,82.7500,50
38610956624509,10:43:30.956,82.7700,17
38613794691743,10:43:33.794,82.7600,100
38613794723870,10:43:33.794,82.7600,100
38613807059301,10:43:33.807,82.7600,100
38616023130642,10:43:36.023,82.7600,100
38618027139627,10:43:38.027,82.7600,2
38618027165871,10:43:38.027,82.7600,98
38619853730845,10:43:39.853,82.7700,83
38619853730845,10:43:39.853,82.7700,17
38619853732377,10:43:39.853,82.7700,83
38619853732377,10:43:39.853,82.7700,100
38622809815545,10:43:42.809,82.7700,100
38622809815545,10:43:42.809,82.7700,100
38622809935017,10:43:42.809,82.7700,100
38622809935017,10:43:42.809,82.7700,100
38634675908665,10:43:54.675,82.7700,100
38637885576973,10:43:57.885,82.7800,16
38637885604200,10:43:57.885,82.7800,84
38644048405715,10:44:04.048,82.8000,46
38644048434871,10:44:04.048,82.8000,54
38644048434871,10:44:04.048,82.8000,55
38644048717641,10:44:04.048,82.8000,45
38644048760625,10:44:04.048,82.8000,100
38644050287421,10:44:04.050,82.8100,100
38644086941805,10:44:04.086,82.8100,100
38645781073030,10:44:05.781,82.8200,200
38645781073030,10:44:05.781,82.8200,100
38677375263714,10:44:37.375,82.8500,3
38677375263714,10:44:37.375,82.8500,93
38677375292614,10:44:37.375,82.8500,7
38679848216633,10:44:39.848,82.8600,3
38679848308483,10:44:39.848,82.8500,100
38679848355439,10:44:39.848,82.8500,10
38679848488357,10:44:39.848,82.8600,2
38682042269121,10:44:42.042,82.8500,100
38682042269121,10:44:42.042,82.8500,100
38682042858066,10:44:42.042,82.8400,100
38682042858066,10:44:42.042,82.8400,16
38685851621623,10:44:45.851,82.8500,100
38689739189874,10:44:49.739,82.8500,100
38700651086202,10:45:00.651,82.8600,16
38703639902818,10:45:03.639,82.8550,100
38703639902818,10:45:03.639,82.8500,100
38703639942639,10:45:03.639,82.8500,100
38703639976710,10:45:03.639,82.8500,100
38703640213726,10:45:03.640,82.8500,100
38703641269864,10:45:03.641,82.8500,100
38703641269864,10:45:03.641,82.8500,100
38703641269864,10:45:03.641,82.8500,100
38703641680754,10:45:03.641,82.8400,100
38703641680754,10:45:03.641,82.8400,100
38703641680754,10:45:03.641,82.8400,100
38703641680754,10:45:03.641,82.8400,100
38704855347262,10:45:04.855,82.8500,100
38707199354635,10:45:07.199,82.8500,100
38707199354635,10:45:07.199,82.8500,100
38707199385318,10:45:07.199,82.8500,100
38707824765015,10:45:07.824,82.8500,100
38707824855023,10:45:07.824,82.8500,100
38707824878889,10:45:07.824,82.8500,100
38712199162490,10:45:12.199,82.8600,84
38712199162490,10:45:12.199,82.8600,50
38713493006834,10:45:13.493,82.8550,100
38713493006834,10:45:13.493,82.8500,100
38714430307432,10:45:14.430,82.8500,100
38716853991729,10:45:16.853,82.8500,100
38718080586709,10:45:18.080,82.8500,100
38726189741966,10:45:26.189,82.8600,100
38737852503447,10:45:37.852,82.8600,29
38737852503447,10:45:37.852,82.8600,71
38746459879410,10:45:46.459,82.8600,29
38746459879410,10:45:46.459,82.8600,14
38757078366466,10:45:57.078,82.8500,100
38757078366466,10:45:57.078,82.8500,100
38757078366466,10:45:57.078,82.8500,100
38757078366466,10:45:57.078,82.8500,100
38757078458903,10:45:57.078,82.8500,100
38757078458903,10:45:57.078,82.8500,100
38757078484722,10:45:57.078,82.8500,100
38757078758318,10:45:57.078,82.8500,8
38758235264865,10:45:58.235,82.8500,92
38765852624351,10:46:05.852,82.8500,100
38770191044934,10:46:10.191,82.8500,72
38770191074172,10:46:10.191,82.8500,28
38802002538625,10:46:42.002,82.8550,100
38802003146380,10:46:42.003,82.8500,30
38802003217062,10:46:42.003,82.8500,70
38806586317087,10:46:46.586,82.8400,49
38806586347831,10:46:46.586,82.8400,51
38806586347831,10:46:46.586,82.8400,100
38806586347831,10:46:46.586,82.8400,100
38806586355534,10:46:46.586,82.8400,100
38806586355534,10:46:46.586,82.8400,100
38806586391696,10:46:46.586,82.8400,100
38807339108675,10:46:47.339,82.8300,100
38807339108675,10:46:47.339,82.8300,100
38807353987038,10:46:47.353,82.8200,74
38807354014958,10:46:47.354,82.8200,126
38807433499091,10:46:47.433,82.8200,200
38807433499091,10:46:47.433,82.8200,100
38820420625622,10:47:00.420,82.8200,100
38824212914227,10:47:04.212,82.8100,100
38824212914227,10:47:04.212,82.8100,100
38824213119178,10:47:04.213,82.8100,100
38824213713219,10:47:04.213,82.8100,100
38827468902093,10:47:07.468,82.8000,100
38827468902093,10:47:07.468,82.8000,100
38827468902093,10:47:07.468,82.8000,100
38827486237797,10:47:07.486,82.8000,100
38828558652144,10:47:08.558,82.8100,100
38828558652144,10:47:08.558,82.8100,100
38828558652144,10:47:08.558,82.8100,200
38831194553449,10:47:11.194,82.8100,100
38837243602481,10:47:17.243,82.8100,100
38837243602481,10:47:17.243,82.8100,100
38840044633091,10:47:20.044,82.8200,100
38840431983554,10:47:20.431,82.8200,100
38840432891937,10:47:20.432,82.8200,100
38840852897882,10:47:20.852,82.8200,100
38856852559150,10:47:36.852,82.8200,86
38892848879109,10:48:12.848,82.8100,100
38892848879109,10:48:12.848,82.8100,100
38892848879109,10:48:12.848,82.8100,100
38892848879109,10:48:12.848,82.8100,200
38892850070640,10:48:12.850,82.8100,200
38904125567567,10:48:24.125,82.8300,100
38904125917453,10:48:24.125,82.8300,100
38904125917453,10:48:24.125,82.8300,100
38904125917453,10:48:24.125,82.8300,100
38909907404781,10:48:29.907,82.8400,20
38909907404781,10:48:29.907,82.8400,49
38909907433545,10:48:29.907,82.8400,51
38909907433545,10:48:29.907,82.8400,100
38914974148306,10:48:34.974,82.8400,100
38914974148306,10:48:34.974,82.8300,100
38914974148306,10:48:34.974,82.8300,23
38914974416445,10:48:34.974,82.8300,92
38914974455372,10:48:34.974,82.8300,8
38915099285644,10:48:35.099,82.8300,100
38915099285644,10:48:35.099,82.8300,100
38915099285644,10:48:35.099,82.8300,100
38941718066355,10:49:01.718,82.8300,100
38953712845959,10:49:13.712,82.8400,200
38959894429615,10:49:19.894,82.8500,100
38962905582403,10:49:22.905,82.8600,5
38963201070510,10:49:23.201,82.8700,100
38970026758248,10:49:30.026,82.8600,100
38970026758248,10:49:30.026,82.8600,100
38970199013662,10:49:30.199,82.8600,100
38989002241521,10:49:49.002,82.8500,100
38989002241521,10:49:49.002,82.8500,100
38991221372500,10:49:51.221,82.8400,15
38991221372500,10:49:51.221,82.8400,33
38991221403435,10:49:51.221,82.8400,67
38991221403435,10:49:51.221,82.8400,100
38991224082646,10:49:51.224,82.8300,100
39016088624835,10:50:16.088,82.8300,15
39016088624835,10:50:16.088,82.8300,85
39016088682545,10:50:16.088,82.8300,15
39036264013858,10:50:36.264,82.8200,100
39036264013858,10:50:36.264,82.8200,100
39036264013858,10:50:36.264,82.8200,100
39036266593607,10:50:36.266,82.8200,200
39036266759423,10:50:36.266,82.8200,100
39036266759423,10:50:36.266,82.8200,100
39046460343033,10:50:46.460,82.8200,80
39046460343033,10:50:46.460,82.8200,20
39046460367540,10:50:46.460,82.8200,80
39046465186053,10:50:46.465,82.8300,100
39049548013275,10:50:49.548,82.8400,100
39075904533124,10:51:15.904,82.8600,3
39075904533124,10:51:15.904,82.8600,3
39101615237783,10:51:41.615,82.8700,8
39101615264628,10:51:41.615,82.8700,92
39101615264628,10:51:41.615,82.8700,100
39111594770814,10:51:51.594,82.8800,100
39111852986170,10:51:51.852,82.8900,100
39114035591855,10:51:54.035,82.9000,100
39114035591855,10:51:54.035,82.9000,100
39114036648411,10:51:54.036,82.9000,100
39124281491946,10:52:04.281,82.8900,100
39124281491946,10:52:04.281,82.8900,2
39143852965845,10:52:23.852,82.9000,100
39143853083269,10:52:23.853,82.9000,100
39152697310194,10:52:32.697,82.9000,63
39152697310194,10:52:32.697,82.9000,37
39159191009318,10:52:39.191,82.9000,63
39161744961131,10:52:41.744,82.9000,100
39161745078746,10:52:41.745,82.9000,100
39161746959108,10:52:41.746,82.8900,100
39162793083711,10:52:42.793,82.8800,100
39162793083711,10:52:42.793,82.8800,100
39162793083711,10:52:42.793,82.8800,100
39162793083711,10:52:42.793,82.8800,100
39163467891465,10:52:43.467,82.8800,200
39163467891465,10:52:43.467,82.8800,100
39163467891465,10:52:43.467,82.8800,100
39163467891465,10:52:43.467,82.8800,100
39179791342052,10:52:59.791,82.8700,100
39180662671686,10:53:00.662,82.8700,5
39180662725023,10:53:00.662,82.8700,195
39180662725023,10:53:00.662,82.8700,5
39180662751196,10:53:00.662,82.8700,195
39180662751196,10:53:00.662,82.8700,87
39180955561375,10:53:00.955,82.8700,100
39180955561375,10:53:00.955,82.8700,100
39185190336463,10:53:05.190,82.8700,3
39185190336463,10:53:05.190,82.8700,100
39190014328283,10:53:10.014,82.8600,100
39190014784043,10:53:10.014,82.8600,100
39191222993627,10:53:11.222,82.8600,100
39203043742952,10:53:23.043,82.8700,100
39205749486387,10:53:25.749,82.8700,100
39205749958501,10:53:25.749,82.8800,100
39210503207080,10:53:30.503,82.8800,86
39210503340341,10:53:30.503,82.8800,14
39252423059916,10:54:12.423,82.8800,82
39269503399687,10:54:29.503,82.8800,72
39269503410245,10:54:29.503,82.8800,28
39269503410245,10:54:29.503,82.8800,8
39274852788613,10:54:34.852,82.8800,97
39274853192348,10:54:34.853,82.8800,3
39274853192348,10:54:34.853,82.8800,32
39280866105536,10:54:40.866,82.8800,100
39285436547075,10:54:45.436,82.8800,100
39285436547075,10:54:45.436,82.8800,100
39285436547075,10:54:45.436,82.8800,100
39286500549800,10:54:46.500,82.8800,100
39306071186560,10:55:06.071,82.8800,15
39313019657179,10:55:13.019,82.8800,100
39313019657179,10:55:13.019,82.8800,100
39313201980979,10:55:13.201,82.8800,100
39315880247144,10:55:15.880,82.8800,100
39315880247144,10:55:15.880,82.8800,100
39317853193033,10:55:17.853,82.8800,97
39322580123464,10:55:22.580,82.8900,100
39322580123464,10:55:22.580,82.8900,100
39326460655256,10:55:26.460,82.9000,100
39326751496752,10:55:26.751,82.9050,100
39326751496752,10:55:26.751,82.9000,100
39326751496752,10:55:26.751,82.9000,100
39326751496752,10:55:26.751,82.9000,100
39326751496752,10:55:26.751,82.9000,100
39327180990404,10:55:27.180,82.9000,100
39327180990404,10:55:27.180,82.9000,100
39329091853536,10:55:29.091,82.9000,97
39334852223838,10:55:34.852,82.9000,93
39334852223838,10:55:34.852,82.9000,7
39334852283852,10:55:34.852,82.9000,13
39334852283852,10:55:34.852,82.9000,15
39369516015160,10:56:09.516,82.8900,2
39369518921521,10:56:09.518,82.8800,100
39369518947096,10:56:09.518,82.8800,17
39398631866161,10:56:38.631,82.8800,100
39398631866161,10:56:38.631,82.8800,100
39399852456317,10:56:39.852,82.8800,100
39400023035923,10:56:40.023,82.8800,100
39413852241441,10:56:53.852,82.8800,100
39424883643922,10:57:04.883,82.8900,44
39430268417353,10:57:10.268,82.8800,72
39430268468677,10:57:10.268,82.8800,28
39430268468677,10:57:10.268,82.8800,8
39430268469786,10:57:10.268,82.8800,92
39430274504994,10:57:10.274,82.8800,100
39447256670195,10:57:27.256,82.8800,108
39447256686468,10:57:27.256,82.8800,36
39447852852006,10:57:27.852,82.8800,56
39447852852006,10:57:27.852,82.8800,100
39447852852006,10:57:27.852,82.8800,44
39447852882117,10:57:27.852,82.8800,88
39451081434206,10:57:31.081,82.8800,100
39460852788031,10:57:40.852,82.8800,100
39463143340506,10:57:43.143,82.8800,100
39466605874022,10:57:46.605,82.8700,100
39466605874022,10:57:46.605,82.8700,100
39466605874022,10:57:46.605,82.8700,100
39466605874022,10:57:46.605,82.8700,100
39497389468020,10:58:17.389,82.8700,36
39498319673005,10:58:18.319,82.8700,64
39498319673005,10:58:18.319,82.8700,300
39498319957524,10:58:18.319,82.8700,200
39498319957524,10:58:18.319,82.8700,100
39503450819960,10:58:23.450,82.8600,100
39503450846312,10:58:23.450,82.8600,100
39511438614347,10:58:31.438,82.8500,100
39511438614347,10:58:31.438,82.8500,100
39511438614347,10:58:31.438,82.8500,100
39511444621895,10:58:31.444,82.8400,100
39531856095421,10:58:51.856,82.8300,15
39531856566733,10:58:51.856,82.8200,100
39531856566733,10:58:51.856,82.8200,100
39531865269179,10:58:51.865,82.8200,100
39531865352905,10:58:51.865,82.8200,100
39546245899276,10:59:06.245,82.8200,100
39553349770014,10:59:13.349,82.8100,63
39559111962158,10:59:19.111,82.8200,100
39559111989142,10:59:19.111,82.8200,100
39559111989142,10:59:19.111,82.8200,200
39559112032083,10:59:19.112,82.8200,100
39559136943421,10:59:19.136,82.8200,100
39575581001100,10:59:35.581,82.8200,5
39583560561608,10:59:43.560,82.8200,100
39598852549301,10:59:58.852,82.8200,65
39598853034362,10:59:58.853,82.8200,35
39598853034362,10:59:58.853,82.8200,100
39598853192421,10:59:58.853,82.8200,100
39598853192421,10:59:58.853,82.8200,100
39601234832732,11:00:01.234,82.8300,9
39601235032480,11:00:01.235,82.8300,91
39601595750987,11:00:01.595,82.8400,100
39611852440733,11:00:11.852,82.8500,6
39623108625751,11:00:23.108,82.8500,100
39623108625751,11:00:23.108,82.8500,100
39623135222547,11:00:23.135,82.8500,100
39628853303278,11:00:28.853,82.8500,18
39628853303278,11:00:28.853,82.8500,82
39628853362507,11:00:28.853,82.8500,18
39628853362507,11:00:28.853,82.8500,70
39633095700960,11:00:33.095,82.8400,100
39633095700960,11:00:33.095,82.8400,56
39633095706234,11:00:33.095,82.8400,44
39633100023815,11:00:33.100,82.8400,200
39633100079671,11:00:33.100,82.8400,100
39633100079671,11:00:33.100,82.8400,100
39633100095680,11:00:33.100,82.8400,100
39633243259530,11:00:33.243,82.8400,100
39651986409797,11:00:51.986,82.8300,100
39651986409797,11:00:51.986,82.8300,100
39661252245840,11:01:01.252,82.8400,44
39661252669734,11:01:01.252,82.8400,56
39662822080036,11:01:02.822,82.8500,78
39662822090721,11:01:02.822,82.8500,22
39662822090721,11:01:02.822,82.8500,17
39662822297493,11:01:02.822,82.8500,83
39662822297493,11:01:02.822,82.8500,36
39662822409141,11:01:02.822,82.8500,39
39662822589157,11:01:02.822,82.8500,25
39662822589157,11:01:02.822,82.8500,39
39662822871758,11:01:02.822,82.8500,25
39663106349542,11:01:03.106,82.8700,100
39663397133036,11:01:03.397,82.8800,10
39663397133036,11:01:03.397,82.8900,90
39663459497613,11:01:03.459,82.8900,100
39663459532721,11:01:03.459,82.9000,100
39663463470793,11:01:03.463,82.9100,116
39663463470793,11:01:03.463,82.9100,100
39663480806785,11:01:03.480,82.9300,10
39663480812135,11:01:03.480,82.9300,5
39663486163336,11:01:03.486,82.9300,5
39663486163962,11:01:03.486,82.9300,5
39663498230347,11:01:03.498,82.9300,5
39663499731384,11:01:03.499,82.9300,5
39663828207489,11:01:03.828,82.9300,3
39665200686718,11:01:05.200,82.9400,100
39665200730867,11:01:05.200,82.9400,100
39666067531349,11:01:06.067,82.9400,8
39666067531349,11:01:06.067,82.9400,92
39666847148116,11:01:06.847,82.9400,100
39667325867356,11:01:07.325,82.9200,44
39667325908658,11:01:07.325,82.9200,95
39667325937524,11:01:07.325,82.9200,61
39667325937524,11:01:07.325,82.9200,49
39667331281207,11:01:07.331,82.9200,51
39667331281207,11:01:07.331,82.9200,100
39668820205874,11:01:08.820,82.9200,16
39668820205874,11:01:08.820,82.9200,84
39674960167072,11:01:14.960,82.9200,16
39688100120233,11:01:28.100,82.9600,100
39724700537402,11:02:04.700,82.9900,100
39746439850341,11:02:26.439,83.0000,61
39746439862655,11:02:26.439,83.0000,34
39746439869180,11:02:26.439,83.0000,5
39746439869180,11:02:26.439,83.0000,34
39746439870127,11:02:26.439,83.0000,39
39746440345541,11:02:26.440,83.0000,127
39746440345541,11:02:26.440,83.0000,73
39746440375222,11:02:26.440,83.0000,27
39746440375222,11:02:26.440,83.0000,100
39746440375222,11:02:26.440,83.0000,100
39746440397114,11:02:26.440,83.0000,6
39746440455345,11:02:26.440,83.0000,72
39746440476076,11:02:26.440,83.0000,28
39747189739187,11:02:27.189,83.0100,100
39751727577879,11:02:31.727,83.0000,100
39751727577879,11:02:31.727,83.0000,2
39754477003398,11:02:34.477,82.9800,100
39754477003398,11:02:34.477,82.9800,15
39754477003398,11:02:34.477,82.9800,100
39754478763966,11:02:34.478,82.9700,200
39754479868027,11:02:34.479,82.9700,100
39754864334546,11:02:34.864,82.9800,100
39754864825800,11:02:34.864,82.9800,100
39754864825800,11:02:34.864,82.9800,200
39754864862584,11:02:34.864,82.9800,100
39802223585394,11:03:22.223,82.9600,100
39802223585394,11:03:22.223,82.9600,100
39802666387394,11:03:22.666,82.9600,100
39827412626168,11:03:47.412,82.9700,100
39827412626168,11:03:47.412,82.9700,10
39827853078507,11:03:47.853,82.9700,100
39828121685294,11:03:48.121,82.9700,100
39859061868985,11:04:19.061,82.9200,2
39859061868985,11:04:19.061,82.9200,98
39859080340682,11:04:19.080,82.9200,2
39862254508901,11:04:22.254,82.9000,5
39862255518764,11:04:22.255,82.9000,76
39862255561210,11:04:22.255,82.9000,19
39880569975345,11:04:40.569,82.8900,60
39880569975345,11:04:40.569,82.8800,100
39880569975345,11:04:40.569,82.8800,100
39880569975345,11:04:40.569,82.8800,129
39883074269055,11:04:43.074,82.8900,100
39883200002310,11:04:43.200,82.9000,100
39883200038519,11:04:43.200,82.9000,100
39883200054962,11:04:43.200,82.9000,100
39883200576340,11:04:43.200,82.9000,100
39884390594023,11:04:44.390,82.9100,100
39884390594023,11:04:44.390,82.9100,17
39884390606303,11:04:44.390,82.9100,39
39884390620695,11:04:44.390,82.9100,44
39884632298285,11:04:44.632,82.9200,100
39886199170613,11:04:46.199,82.9200,100
39889201322318,11:04:49.201,82.9300,100
39894201358003,11:04:54.201,82.9400,84
39894852404200,11:04:54.852,82.9400,116
39896852424686,11:04:56.852,82.9400,200
39905412622790,11:05:05.412,82.9700,100
39906246937758,11:05:06.246,82.9600,100
39906247032764,11:05:06.247,82.9700,10
39909854039356,11:05:09.854,82.9800,100
39909854386705,11:05:09.854,82.9800,16
39911852723523,11:05:11.852,82.9800,84
39911852723523,11:05:11.852,82.9800,16
39911852783406,11:05:11.852,82.9800,64
39914443939117,11:05:14.443,82.9800,110
39917852295442,11:05:17.852,82.9900,100
39920852255685,11:05:20.852,82.9900,6
39920852255685,11:05:20.852,82.9900,16
39923852358926,11:05:23.852,83.0000,100
39933597452347,11:05:33.597,82.9800,75
39933597455827,11:05:33.597,82.9800,25
39983852263983,11:06:23.852,83.0000,3
39984183344708,11:06:24.183,83.0000,100
39984183344708,11:06:24.183,83.0000,2
39994853420108,11:06:34.853,83.0100,100
40007717588036,11:06:47.717,82.9900,100
40007718388866,11:06:47.718,82.9900,5
40017579242718,11:06:57.579,83.0000,72
40017852664497,11:06:57.852,83.0000,28
40017852664497,11:06:57.852,83.0000,72
40017852700797,11:06:57.852,83.0000,28
40068985008970,11:07:48.985,83.0100,100
40068985008970,11:07:48.985,83.0100,100
40069314996005,11:07:49.314,83.0000,100
40069314996005,11:07:49.314,83.0000,100
40069314996005,11:07:49.314,83.0000,100
40076639384870,11:07:56.639,83.0000,100
40083393014957,11:08:03.393,83.0000,72
40083393044834,11:08:03.393,83.0000,28
40083393044834,11:08:03.393,83.0000,2
40087825458150,11:08:07.825,82.9900,100
40087825458150,11:08:07.825,82.9900,100
40087825458150,11:08:07.825,82.9900,100
40093854428330,11:08:13.854,82.9900,96
40093854463997,11:08:13.854,82.9900,43
40106550674221,11:08:26.550,82.9900,61
40112852853699,11:08:32.852,83.0000,100
40113854473832,11:08:33.854,83.0000,100
40116224857528,11:08:36.224,83.0000,100
40134788822190,11:08:54.788,82.9900,14
40161199110077,11:09:21.199,82.9900,100
40161199185347,11:09:21.199,82.9900,13
40161199185347,11:09:21.199,82.9900,100
40162200884591,11:09:22.200,82.9900,100
40162200914102,11:09:22.200,82.9900,100
40175392449380,11:09:35.392,82.9900,100
40182727197883,11:09:42.727,82.9800,100
40182727197883,11:09:42.727,82.9800,100
40182727197883,11:09:42.727,82.9800,100
40182727197883,11:09:42.727,82.9800,100
40182727197883,11:09:42.727,82.9800,100
40182733703024,11:09:42.733,82.9700,100
40186183850098,11:09:46.183,82.9800,26
40194038741592,11:09:54.038,82.9700,3
40194038741592,11:09:54.038,82.9700,13
40194038770984,11:09:54.038,82.9700,87
40201118613222,11:10:01.118,82.9800,74
40201118613222,11:10:01.118,82.9800,40
40201118786852,11:10:01.118,82.9800,27
40218656349511,11:10:18.656,82.9700,2
40218657556326,11:10:18.657,82.9600,100
40220174642989,11:10:20.174,82.9600,13
40225673602608,11:10:25.673,82.9800,5
40225674717980,11:10:25.674,82.9800,95
40225674717980,11:10:25.674,82.9800,100
40249235631712,11:10:49.235,82.9600,165
40249235631712,11:10:49.235,82.9600,100
40256459508932,11:10:56.459,82.9700,100
40256963512356,11:10:56.963,82.9800,100
40256963512356,11:10:56.963,82.9800,200
40284755128622,11:11:24.755,82.9800,100
40308460444336,11:11:48.460,82.9800,100
40345031688591,11:12:25.031,83.0000,39
40345031701512,11:12:25.031,83.0000,39
40345031716051,11:12:25.031,83.0000,22
40373743136203,11:12:53.743,83.0100,45
40394189422513,11:13:14.189,83.0200,3
40400189538593,11:13:20.189,83.0400,4
40400189538593,11:13:20.189,83.0400,40
40400189701882,11:13:20.189,83.0400,160
40400189701882,11:13:20.189,83.0400,53
40414847166580,11:13:34.847,83.0500,100
40414847256068,11:13:34.847,83.0500,100
40414878582514,11:13:34.878,83.0500,100
40436435530990,11:13:56.435,83.0500,100
40436435720460,11:13:56.435,83.0500,100
40436439316479,11:13:56.439,83.0500,200
40443017132886,11:14:03.017,83.0500,100
40449146710421,11:14:09.146,83.0600,35
40449151345613,11:14:09.151,83.0700,65
40450560236678,11:14:10.560,83.0500,100
40450560236678,11:14:10.560,83.0500,1
40450560236678,11:14:10.560,83.0500,100
40450560236678,11:14:10.560,83.0500,83
40485220547794,11:14:45.220,83.0600,56
40485220615665,11:14:45.220,83.0600,44
40485220615665,11:14:45.220,83.0600,100
40493727295614,11:14:53.727,83.0700,45
40493727295614,11:14:53.727,83.0700,25
40502798162788,11:15:02.798,83.0600,3
40502798162788,11:15:02.798,83.0600,97
40502798196995,11:15:02.798,83.0600,3
40506472471327,11:15:06.472,83.0700,75
40506472471327,11:15:06.472,83.0700,25
40519640557111,11:15:19.640,83.0500,100
40531186973509,11:15:31.186,83.0400,100
40531503726056,11:15:31.503,83.0400,100
40533157062556,11:15:33.157,83.0300,5
40563992448365,11:16:03.992,83.0400,21
40563992738690,11:16:03.992,83.0400,12
40563992793573,11:16:03.992,83.0400,67
40563992793573,11:16:03.992,83.0400,100
40581424993716,11:16:21.424,83.0400,100
40581425000096,11:16:21.425,83.0400,67
40582656796995,11:16:22.656,83.0300,2
40604019222937,11:16:44.019,83.0300,2
40604019222937,11:16:44.019,83.0300,100
40604019222937,11:16:44.019,83.0300,100
40609749848307,11:16:49.749,83.0200,100
40613859795339,11:16:53.859,83.0100,39
40613859795339,11:16:53.859,83.0100,5
40616629093020,11:16:56.629,83.0000,100
40632096555682,11:17:12.096,83.0000,100
40632096555682,11:17:12.096,83.0000,78
40632241443408,11:17:12.241,83.0000,100
40633034408702,11:17:13.034,83.0000,100
40643441423656,11:17:23.441,82.9900,100
40643441423656,11:17:23.441,82.9900,100
40643441551315,11:17:23.441,82.9900,100
40643441732150,11:17:23.441,82.9900,100
40643441732150,11:17:23.441,82.9900,100
40683715945182,11:18:03.715,82.9900,100
40702886837383,11:18:22.886,82.9900,95
40724298709435,11:18:44.298,83.0000,100
40724300226944,11:18:44.300,83.0100,200
40745982875935,11:19:05.982,83.0400,100
40748879797242,11:19:08.879,83.0500,100
40748879823345,11:19:08.879,83.0500,6
40756344990406,11:19:16.344,83.0700,100
40764136321074,11:19:24.136,83.0600,100
40764136969275,11:19:24.136,83.0600,56
40764136999193,11:19:24.136,83.0600,44
40764137985292,11:19:24.137,83.0600,100
40773031343483,11:19:33.031,83.0600,100
40773038220427,11:19:33.038,83.0600,100
40774349718035,11:19:34.349,83.0700,100
40774349746014,11:19:34.349,83.0700,100
40785199630310,11:19:45.199,83.0700,100
40785199630310,11:19:45.199,83.0700,100
40785199791412,11:19:45.199,83.0700,100
40803534782649,11:20:03.534,83.0700,78
40803534794637,11:20:03.534,83.0700,22
40803535412098,11:20:03.535,83.0700,100
40803535498924,11:20:03.535,83.0700,41
40803535746580,11:20:03.535,83.0700,100
40810514349492,11:20:10.514,83.1100,8
40810514349492,11:20:10.514,83.1100,92
40812842323101,11:20:12.842,83.1000,100
40815537925266,11:20:15.537,83.1000,100
40815537925266,11:20:15.537,83.1000,2
40853800704766,11:20:53.800,83.1000,70
40861139451623,11:21:01.139,83.1100,47
40865068928922,11:21:05.068,83.1100,53
40865068928922,11:21:05.068,83.1200,47
40865068960321,11:21:05.068,83.1200,53
40867695364946,11:21:07.695,83.1200,100
40881443485295,11:21:21.443,83.1000,100
40881445874076,11:21:21.445,83.1000,100
40897605129679,11:21:37.605,83.0900,100
40902667544489,11:21:42.667,83.0800,100
40910765471366,11:21:50.765,83.0700,4
40910765471366,11:21:50.765,83.0700,30
40913118022401,11:21:53.118,83.0800,63
40913118038588,11:21:53.118,83.0800,37
40932062847673,11:22:12.062,83.0800,100
40932063550575,11:22:12.063,83.0800,72
40932063579867,11:22:12.063,83.0800,28
40950832380303,11:22:30.832,83.0900,100
40950833283104,11:22:30.833,83.0900,72
40962466831410,11:22:42.466,83.0900,100
41004895062892,11:23:24.895,83.1100,100
41014017819324,11:23:34.017,83.1100,3
41056422034654,11:24:16.422,83.1300,100
41056422034654,11:24:16.422,83.1300,100
41088176563627,11:24:48.176,83.2000,100
41121479560669,11:25:21.479,83.1800,100
41121479560669,11:25:21.479,83.1800,100
41122016043860,11:25:22.016,83.1800,3
41140985112887,11:25:40.985,83.2000,100
41143853392491,11:25:43.853,83.2000,100
41145337371712,11:25:45.337,83.1900,17
41145337371712,11:25:45.337,83.1900,83
41157730704373,11:25:57.730,83.1700,44
41170420157186,11:26:10.420,83.1700,15
41170420171993,11:26:10.420,83.1700,3
41173527965788,11:26:13.527,83.1700,62
41186016693082,11:26:26.016,83.1700,3
41189813872516,11:26:29.813,83.1700,35
41206323472616,11:26:46.323,83.1600,17
41221999979705,11:27:01.999,83.1800,68
41221999979705,11:27:01.999,83.1800,10
41222000014242,11:27:02.000,83.1800,45
41222000014242,11:27:02.000,83.1800,100
41222139161154,11:27:02.139,83.1900,44
41222139186841,11:27:02.139,83.1900,56
41231867040636,11:27:11.867,83.1900,100
41261007238841,11:27:41.007,83.1900,100
41287338783096,11:28:07.338,83.2200,1
41299339520152,11:28:19.339,83.2000,100
41299410379614,11:28:19.410,83.2000,100
41306434226201,11:28:26.434,83.2200,99
41306434226201,11:28:26.434,83.2200,1
41324339098912,11:28:44.339,83.2200,52
41329775331511,11:28:49.775,83.2100,100
41329975482094,11:28:49.975,83.2000,100
41329975482094,11:28:49.975,83.2000,100
41341338195438,11:29:01.338,83.2000,100
41341338359844,11:29:01.338,83.1900,100
41341338359844,11:29:01.338,83.1900,100
41341338359844,11:29:01.338,83.1900,100
41342339151008,11:29:02.339,83.1900,100
41360965278290,11:29:20.965,83.1900,4
41360965278290,11:29:20.965,83.1900,96
41360965932736,11:29:20.965,83.1900,4
41360965932736,11:29:20.965,83.1900,37
41370348293329,11:29:30.348,83.1800,100
41375771807477,11:29:35.771,83.2100,100
41375771807477,11:29:35.771,83.2100,100
41375771828433,11:29:35.771,83.2100,100
41375792800621,11:29:35.792,83.2100,100
41384921567204,11:29:44.921,83.2100,100
41387050466083,11:29:47.050,83.2100,100
41390881461752,11:29:50.881,83.2200,100
41397621182318,11:29:57.621,83.2500,100
41397621303401,11:29:57.621,83.2500,100
41399634661853,11:29:59.634,83.2400,100
41402819754080,11:30:02.819,83.2400,50
41406896036762,11:30:06.896,83.2600,100
41416508196787,11:30:16.508,83.2400,100
41416508196787,11:30:16.508,83.2400,100
41416508196787,11:30:16.508,83.2400,1
41416508196787,11:30:16.508,83.2400,100
41416509306539,11:30:16.509,83.2300,100
41416509306539,11:30:16.509,83.2300,100
41416510107651,11:30:16.510,83.2300,100
41416510107651,11:30:16.510,83.2300,100
41420286382274,11:30:20.286,83.2400,100
41426245794956,11:30:26.245,83.2300,84
41426245835525,11:30:26.245,83.2300,16
41426245835525,11:30:26.245,83.2300,200
41433927927688,11:30:33.927,83.2200,100
41436133070257,11:30:36.133,83.2100,100
41438610466313,11:30:38.610,83.2200,100
41438610466313,11:30:38.610,83.2200,8
41445741043300,11:30:45.741,83.2200,100
41453576868529,11:30:53.576,83.2300,100
41453577885872,11:30:53.577,83.2400,100
41453580707740,11:30:53.580,83.2400,100
41453587899912,11:30:53.587,83.2300,100
41453621834241,11:30:53.621,83.2300,100
41456196784516,11:30:56.196,83.2200,100
41460664449351,11:31:00.664,83.2300,100
41464191474490,11:31:04.191,83.2300,100
41470455382115,11:31:10.455,83.2400,100
41470456057019,11:31:10.456,83.2400,10
41470456057019,11:31:10.456,83.2400,94
41472779874675,11:31:12.779,83.2400,100
41472848988486,11:31:12.848,83.2400,100
41472848988486,11:31:12.848,83.2400,10
41472848988486,11:31:12.848,83.2400,100
41472848988486,11:31:12.848,83.2400,100
41473664746277,11:31:13.664,83.2400,200
41485797105597,11:31:25.797,83.2600,200
41502330794996,11:31:42.330,83.2800,100
41502914115112,11:31:42.914,83.2700,100
41502914115112,11:31:42.914,83.2700,100
41507456538996,11:31:47.456,83.2700,100
41507456573393,11:31:47.456,83.2700,100
41507490403220,11:31:47.490,83.2700,100
41509392988406,11:31:49.392,83.2800,100
41514761812470,11:31:54.761,83.2900,84
41514761825297,11:31:54.761,83.2900,16
41514761843862,11:31:54.761,83.2900,16
41530810999553,11:32:10.810,83.3050,100
41531815012343,11:32:11.815,83.3100,3
41531815012343,11:32:11.815,83.3100,97
41535718653717,11:32:15.718,83.3100,3
41535718653717,11:32:15.718,83.3100,100
41536057773571,11:32:16.057,83.3200,100
41541116508941,11:32:21.116,83.3100,100
41541116564787,11:32:21.116,83.3100,69
41556726506752,11:32:36.726,83.3200,69
41556726506752,11:32:36.726,83.3300,31
41557880479985,11:32:37.880,83.3200,100
41557880479985,11:32:37.880,83.3200,100
41558027178385,11:32:38.027,83.3200,100
41559675561148,11:32:39.675,83.3200,100
41559675561148,11:32:39.675,83.3200,100
41578770013795,11:32:58.770,83.3100,84
41578770022673,11:32:58.770,83.3100,16
41578770022673,11:32:58.770,83.3100,68
41578770231255,11:32:58.770,83.3100,32
41578770231255,11:32:58.770,83.3100,11
41590563445462,11:33:10.563,83.3250,100
41590563445462,11:33:10.563,83.3200,11
41592205876096,11:33:12.205,83.3200,11
41606852063747,11:33:26.852,83.3100,100
41606852067717,11:33:26.852,83.3100,100
41614461627514,11:33:34.461,83.3000,100
41616369002735,11:33:36.369,83.3050,100
41621247842638,11:33:41.247,83.2900,94
41621247870398,11:33:41.247,83.2900,6
41621247870398,11:33:41.247,83.2900,100
41621247870398,11:33:41.247,83.2900,100
41621247870398,11:33:41.247,83.2900,64
41621247870398,11:33:41.247,83.2900,15
41625847674866,11:33:45.847,83.2900,100
41625847674866,11:33:45.847,83.2900,100
41625847674866,11:33:45.847,83.2900,100
41625990060568,11:33:45.990,83.2900,100
41627763892865,11:33:47.763,83.2800,200
41627763892865,11:33:47.763,83.2800,100
41627785797308,11:33:47.785,83.2800,100
41634248358091,11:33:54.248,83.2900,100
41645108009262,11:34:05.108,83.2900,100
41645108107425,11:34:05.108,83.2900,100
41645109353786,11:34:05.109,83.2900,100
41645109353786,11:34:05.109,83.2900,100
41645963605320,11:34:05.963,83.2850,100
41646190714707,11:34:06.190,83.2850,100
41646199552855,11:34:06.199,83.2850,100
41647412965187,11:34:07.412,83.2900,100
41650244356628,11:34:10.244,83.2900,100
41650244496157,11:34:10.244,83.2900,100
41650244558202,11:34:10.244,83.2900,100
41657006410725,11:34:17.006,83.3000,100
41657006410725,11:34:17.006,83.3000,1
41657006410725,11:34:17.006,83.3000,13
41662404719787,11:34:22.404,83.3100,200
41662404722960,11:34:22.404,83.3100,100
41662404722960,11:34:22.404,83.3100,100
41666182010862,11:34:26.182,83.3000,33
41666182037075,11:34:26.182,83.3000,67
41666182037075,11:34:26.182,83.3000,300
41666182079881,11:34:26.182,83.3000,367
41666182321139,11:34:26.182,83.3000,100
41666182368452,11:34:26.182,83.3000,200
41666182368452,11:34:26.182,83.3000,100
41669345828328,11:34:29.345,83.3200,100
41670197816183,11:34:30.197,83.3300,100
41675328816595,11:34:35.328,83.3300,100
41676112609854,11:34:36.112,83.3200,100
41676201682073,11:34:36.201,83.3200,100
41678309105309,11:34:38.309,83.3200,100
41679281975688,11:34:39.281,83.3100,9
41679775628642,11:34:39.775,83.3100,33
41679775683826,11:34:39.775,83.3100,67
41679775683826,11:34:39.775,83.3100,100
41681988919641,11:34:41.988,83.3000,33
41681988947278,11:34:41.988,83.3000,2
41682637302335,11:34:42.637,83.3100,100
41682866093729,11:34:42.866,83.3200,100
41684087728814,11:34:44.087,83.3200,11
41689610638246,11:34:49.610,83.3200,200
41689612634941,11:34:49.612,83.3200,100
41693134646135,11:34:53.134,83.3200,34
41693443452760,11:34:53.443,83.3200,1
41693614488259,11:34:53.614,83.3300,100
41694702883380,11:34:54.702,83.3200,65
41694702883380,11:34:54.702,83.3200,100
41694704485550,11:34:54.704,83.3100,100
41694704485550,11:34:54.704,83.3100,100
41694705960007,11:34:54.705,83.3000,100
41697090355183,11:34:57.090,83.3100,100
41697090355183,11:34:57.090,83.3100,100
41697189252626,11:34:57.189,83.3100,100
41698232798863,11:34:58.232,83.3100,100
41698232798863,11:34:58.232,83.3100,100
41704135908965,11:35:04.135,83.3300,100
41704216511974,11:35:04.216,83.3200,100
41704843740967,11:35:04.843,83.3300,100
41705592733908,11:35:05.592,83.3250,100
41705891885429,11:35:05.891,83.3200,100
41705891885429,11:35:05.891,83.3200,100
41705894540579,11:35:05.894,83.3100,100
41705894540579,11:35:05.894,83.3100,100
41707671696682,11:35:07.671,83.3100,100
41707671696682,11:35:07.671,83.3100,100
41708606651045,11:35:08.606,83.3200,84
41708606664625,11:35:08.606,83.3200,16
41713163223338,11:35:13.163,83.3300,100
41713163472957,11:35:13.163,83.3300,100
41713163472957,11:35:13.163,83.3300,100
41713164087018,11:35:13.164,83.3300,100
41713164087018,11:35:13.164,83.3300,100
41714129650125,11:35:14.129,83.3500,18
41725796777849,11:35:25.796,83.3600,30
41730026505943,11:35:30.026,83.3500,100
41730026505943,11:35:30.026,83.3500,100
41733231258634,11:35:33.231,83.3600,70
41733231258634,11:35:33.231,83.3600,200
41733231258634,11:35:33.231,83.3600,27
41733231291392,11:35:33.231,83.3600,73
41734595089270,11:35:34.595,83.3600,100
41734595089270,11:35:34.595,83.3600,100
41735034113994,11:35:35.034,83.3600,100
41735034113994,11:35:35.034,83.3700,200
41735034113994,11:35:35.034,83.3700,100
41735293892693,11:35:35.293,83.3700,84
41743543269835,11:35:43.543,83.3600,100
41743547464732,11:35:43.547,83.3500,100
41743547491047,11:35:43.547,83.3500,100
41743547491047,11:35:43.547,83.3500,100
41743547491047,11:35:43.547,83.3500,100
41743550092484,11:35:43.550,83.3500,100
41743550092484,11:35:43.550,83.3500,100
41746878643934,11:35:46.878,83.3500,100
41746878643934,11:35:46.878,83.3500,100
41757661336242,11:35:57.661,83.3700,100
41761199311009,11:36:01.199,83.3700,200
41761199311009,11:36:01.199,83.3700,100
41761199311009,11:36:01.199,83.3700,200
41768290274032,11:36:08.290,83.3600,100
41769871745551,11:36:09.871,83.3600,100
41772893057323,11:36:12.893,83.3400,100
41772893057323,11:36:12.893,83.3400,100
41789766028879,11:36:29.766,83.2900,100
41790787056841,11:36:30.787,83.2700,33
41790829281043,11:36:30.829,83.2700,67
41794558607935,11:36:34.558,83.2400,100
41824349231448,11:37:04.349,83.2400,100
41830102505956,11:37:10.102,83.2400,100
41862190145161,11:37:42.190,83.2500,100
41862291920546,11:37:42.291,83.2400,100
41870639473984,11:37:50.639,83.2300,100
41901036424033,11:38:21.036,83.2000,100
41909359619966,11:38:29.359,83.1800,8
41909359621029,11:38:29.359,83.1800,127
41909359672144,11:38:29.359,83.1800,65
41909685990600,11:38:29.685,83.1800,1
41916296759315,11:38:36.296,83.1700,100
41916296759315,11:38:36.296,83.1700,100
41916296759315,11:38:36.296,83.1700,100
41921447130326,11:38:41.447,83.1800,64
41921447130326,11:38:41.447,83.1800,100
41921447130326,11:38:41.447,83.1800,100
41928076517806,11:38:48.076,83.1700,100
41928076517806,11:38:48.076,83.1700,50
41931587719009,11:38:51.587,83.1700,100
41945684631662,11:39:05.684,83.1700,100
41945684631662,11:39:05.684,83.1700,100
41945684661124,11:39:05.684,83.1700,100
41945685207487,11:39:05.685,83.1700,100
41946611680466,11:39:06.611,83.1700,200
41947632578439,11:39:07.632,83.1600,100
41947632578439,11:39:07.632,83.1600,100
41948667564474,11:39:08.667,83.1600,100
41948667564474,11:39:08.667,83.1600,100
41948667564474,11:39:08.667,83.1600,100
41948668885616,11:39:08.668,83.1600,100
42003972256106,11:40:03.972,83.1500,3
42009635565476,11:40:09.635,83.1500,5
42009635597966,11:40:09.635,83.1600,100
42009635597966,11:40:09.635,83.1600,100
42009635597966,11:40:09.635,83.1600,100
42014340996854,11:40:14.340,83.1550,100
42014340996854,11:40:14.340,83.1500,100
42028189911682,11:40:28.189,83.1700,100
42028189950779,11:40:28.189,83.1700,9
42093793109473,11:41:33.793,83.1600,200
42093793109473,11:41:33.793,83.1600,100
42093794099770,11:41:33.794,83.1600,100
42093794310762,11:41:33.794,83.1600,100
42112699553589,11:41:52.699,83.1500,100
42112705284566,11:41:52.705,83.1300,47
42121851197418,11:42:01.851,83.1300,53
42137083515480,11:42:17.083,83.1200,100
42187985305199,11:43:07.985,83.1100,100
42187985305199,11:43:07.985,83.1100,100
42196128959071,11:43:16.128,83.1200,200
42196486335832,11:43:16.486,83.1300,100
42209421905937,11:43:29.421,83.1300,100
42209421905937,11:43:29.421,83.1300,200
42209421905937,11:43:29.421,83.1300,100
42209421905937,11:43:29.421,83.1300,100
42233366362652,11:43:53.366,83.1300,10
42233366362652,11:43:53.366,83.1200,90
42233386086413,11:43:53.386,83.1200,10
42238441390173,11:43:58.441,83.1100,100
42249516637082,11:44:09.516,83.1100,72
42249516703435,11:44:09.516,83.1100,28
42270225335054,11:44:30.225,83.1200,100
42270229755059,11:44:30.229,83.1300,200
42274327514921,11:44:34.327,83.1200,6
42275257339411,11:44:35.257,83.1200,94
42275257339411,11:44:35.257,83.1200,111
42275257339411,11:44:35.257,83.1200,2
42276759425698,11:44:36.759,83.1300,100
42276759923455,11:44:36.759,83.1400,52
42278329569135,11:44:38.329,83.1400,48
42278329569135,11:44:38.329,83.1400,100
42297231509949,11:44:57.231,83.1300,11
42320255473102,11:45:20.255,83.1200,100
42323396133746,11:45:23.396,83.1300,34
42326485066858,11:45:26.485,83.1300,66
42329399004923,11:45:29.399,83.1250,100
42331148754646,11:45:31.148,83.1300,2
42348800600583,11:45:48.800,83.1100,100
42348800726561,11:45:48.800,83.1000,200
42348801957231,11:45:48.801,83.1000,100
42357311848927,11:45:57.311,83.0900,100
42357311858059,11:45:57.311,83.0900,100
42357311858059,11:45:57.311,83.0900,15
42373562188487,11:46:13.562,83.0900,100
42386285093835,11:46:26.285,83.1200,100
42386285093835,11:46:26.285,83.1200,5
42386285093835,11:46:26.285,83.1200,95
42388551593825,11:46:28.551,83.1100,100
42388551593825,11:46:28.551,83.1100,1
42412252282298,11:46:52.252,83.0800,100
42412252343580,11:46:52.252,83.0800,100
42412265627302,11:46:52.265,83.0800,100
42412288037225,11:46:52.288,83.0800,100
42442314433094,11:47:22.314,83.0700,100
42461211826977,11:47:41.211,83.0500,100
42482849354708,11:48:02.849,83.0900,39
42482865926679,11:48:02.865,83.0900,61
42482865926679,11:48:02.865,83.0900,100
42487805786436,11:48:07.805,83.1100,5
42523961969387,11:48:43.961,83.1100,95
42535015974086,11:48:55.015,83.1100,2
42535185270915,11:48:55.185,83.1100,100
42565177227297,11:49:25.177,83.1000,100
42607814372138,11:50:07.814,83.1000,2
42612936558845,11:50:12.936,83.0900,100
42612936558845,11:50:12.936,83.0900,100
42612936558845,11:50:12.936,83.0900,34
42612936558845,11:50:12.936,83.0900,15
42618947510404,11:50:18.947,83.0900,2
42623114946637,11:50:23.114,83.1000,4
42648235770827,11:50:48.235,83.1000,96
42648235770827,11:50:48.235,83.1000,200
42664906625031,11:51:04.906,83.1100,100
42664906625031,11:51:04.906,83.1100,100
42664906625031,11:51:04.906,83.1100,100
42688751311592,11:51:28.751,83.1500,72
42688751342600,11:51:28.751,83.1500,28
42693537045577,11:51:33.537,83.1400,34
42693873135462,11:51:33.873,83.1300,100
42693873655939,11:51:33.873,83.1200,100
42693874401753,11:51:33.874,83.1200,100
42693874401753,11:51:33.874,83.1200,100
42702636704446,11:51:42.636,83.1100,200
42702636704446,11:51:42.636,83.1100,7
42702636704446,11:51:42.636,83.1100,100
42702640170393,11:51:42.640,83.1000,100
42703491119580,11:51:43.491,83.1100,100
42703491119580,11:51:43.491,83.1100,100
42706967504052,11:51:46.967,83.1200,100
42706967504052,11:51:46.967,83.1200,100
42710704842832,11:51:50.704,83.1200,72
42710704874786,11:51:50.704,83.1200,28
42728075320309,11:52:08.075,83.1500,100
42735058896661,11:52:15.058,83.1500,3
42735607273181,11:52:15.607,83.1400,100
42784283986172,11:53:04.283,83.1600,100
42785073986874,11:53:05.073,83.1600,5
42793496740388,11:53:13.496,83.1700,100
42842324093243,11:54:02.324,83.1500,100
42842324093243,11:54:02.324,83.1500,100
42881283073757,11:54:41.283,83.1700,100
42881283073757,11:54:41.283,83.1700,100
42881283073757,11:54:41.283,83.1700,100
42885888826298,11:54:45.888,83.1700,100
42910703743005,11:55:10.703,83.1900,100
42912472813665,11:55:12.472,83.1800,16
42912472851797,11:55:12.472,83.1800,16
42912557402368,11:55:12.557,83.1800,68
42912557402368,11:55:12.557,83.1800,100
42917199282315,11:55:17.199,83.1700,5
42927737427684,11:55:27.737,83.1800,100
42927748602956,11:55:27.748,83.1900,200
42927748602956,11:55:27.748,83.1900,100
42927752660479,11:55:27.752,83.2000,100
42927752660479,11:55:27.752,83.2000,200
42946904879923,11:55:46.904,83.1900,100
42946904879923,11:55:46.904,83.1900,17
42963888203638,11:56:03.888,83.1700,84
42963888217293,11:56:03.888,83.1700,16
42963888217293,11:56:03.888,83.1700,68
42963888417616,11:56:03.888,83.1700,32
42963888417616,11:56:03.888,83.1700,2
42965193019974,11:56:05.193,83.1700,36
42994079831564,11:56:34.079,83.1500,100
42994079944609,11:56:34.079,83.1500,5
42994087649507,11:56:34.087,83.1500,100
42995703251849,11:56:35.703,83.1600,100
42995703317998,11:56:35.703,83.1700,200
42996362204947,11:56:36.362,83.1700,100
43018703295175,11:56:58.703,83.1700,100
43038462735678,11:57:18.462,83.1700,100
43038462735678,11:57:18.462,83.1700,100
43039704255561,11:57:19.704,83.1700,100
43041602905889,11:57:21.602,83.1700,100
43071085013123,11:57:51.085,83.1800,84
43071085034887,11:57:51.085,83.1800,16
43086078309182,11:58:06.078,83.1800,100
43086078309182,11:58:06.078,83.1800,1
43141761289468,11:59:01.761,83.1700,100
43147002475194,11:59:07.002,83.1600,66
43147002501096,11:59:07.002,83.1600,34
43147002501096,11:59:07.002,83.1600,100
43147005338771,11:59:07.005,83.1500,100
43147005338771,11:59:07.005,83.1500,100
43161788320871,11:59:21.788,83.1400,100
43164118572989,11:59:24.118,83.1300,100
43164118623938,11:59:24.118,83.1300,100
43168699453790,11:59:28.699,83.1300,100
43213831126544,12:00:13.831,83.1600,100
43226547943892,12:00:26.547,83.1500,100
43226547943892,12:00:26.547,83.1500,1
43245703349004,12:00:45.703,83.1400,4
43245703349004,12:00:45.703,83.1400,96
43245703377540,12:00:45.703,83.1400,4
43245703377540,12:00:45.703,83.1400,100
43296597622696,12:01:36.597,83.1400,100
43296598380314,12:01:36.598,83.1400,100
43296598380314,12:01:36.598,83.1400,100
43332447310396,12:02:12.447,83.1700,87
43332447325550,12:02:12.447,83.1700,13
43332447325550,12:02:12.447,83.1700,32
43332447327388,12:02:12.447,83.1700,45
43332447339041,12:02:12.447,83.1700,23
43339862587470,12:02:19.862,83.1800,100
43339863030992,12:02:19.863,83.1800,100
43356660185194,12:02:36.660,83.2100,5
43356661741351,12:02:36.661,83.2100,5
43356663530914,12:02:36.663,83.2100,5
43356666678854,12:02:36.666,83.2100,85
43356751457671,12:02:36.751,83.2200,6
43362011212688,12:02:42.011,83.2100,100
43362011212688,12:02:42.011,83.2100,8
43362045337297,12:02:42.045,83.2200,100
43381200462069,12:03:01.200,83.2400,100
43405308807117,12:03:25.308,83.2400,100
43405308807117,12:03:25.308,83.2400,2
43405308807117,12:03:25.308,83.2400,100
43405308807117,12:03:25.308,83.2400,100
43405308807117,12:03:25.308,83.2400,14
43406017091477,12:03:26.017,83.2500,100
43452967511581,12:04:12.967,83.2300,100
43452967511581,12:04:12.967,83.2300,1
43452968931261,12:04:12.968,83.2300,100
43453123785610,12:04:13.123,83.2200,100
43453123785610,12:04:13.123,83.2200,100
43453608124204,12:04:13.608,83.2200,100
43469103708102,12:04:29.103,83.2300,100
43472104701205,12:04:32.104,83.2200,100
43479200829679,12:04:39.200,83.2300,100
43548617900890,12:05:48.617,83.2200,100
43551207459438,12:05:51.207,83.2100,100
43551207459438,12:05:51.207,83.2100,100
43551207459438,12:05:51.207,83.2100,100
43551209066845,12:05:51.209,83.2100,10
43551209066845,12:05:51.209,83.2100,90
43551209116917,12:05:51.209,83.2100,10
43551211909571,12:05:51.211,83.2000,100
43576387754127,12:06:16.387,83.1900,100
43576387754127,12:06:16.387,83.1900,2
43596310010678,12:06:36.310,83.1800,40
43596310376603,12:06:36.310,83.1800,10
43615588636533,12:06:55.588,83.1800,50
43627109632626,12:07:07.109,83.1700,100
43628591142870,12:07:08.591,83.1600,100
43630362745893,12:07:10.362,83.1500,29
43636506282110,12:07:16.506,83.1600,100
43636509287599,12:07:16.509,83.1600,100
43636509287599,12:07:16.509,83.1600,10
43636509287599,12:07:16.509,83.1600,100
43661208943214,12:07:41.208,83.1400,26
43673964335277,12:07:53.964,83.1400,5
43687665930393,12:08:07.665,83.1400,3
43690404642382,12:08:10.404,83.1400,3
43693108989097,12:08:13.108,83.1400,100
43701024570588,12:08:21.024,83.1400,100
43716830311690,12:08:36.830,83.1300,18
43716830311690,12:08:36.830,83.1300,73
43716830535627,12:08:36.830,83.1300,27
43750027010849,12:09:10.027,83.1200,100
43752511051727,12:09:12.511,83.1200,20
43752511051727,12:09:12.511,83.1200,100
43752511051727,12:09:12.511,83.1200,9
43826542055745,12:10:26.542,83.1200,100
43826542094926,12:10:26.542,83.1200,100
43827544053011,12:10:27.544,83.1200,100
43828503606224,12:10:28.503,83.1200,17
43828503606224,12:10:28.503,83.1200,23
43829765379928,12:10:29.765,83.1200,3
43829765379928,12:10:29.765,83.1200,15
43829765379928,12:10:29.765,83.1200,100
43830338012881,12:10:30.338,83.1150,100
43831489838613,12:10:31.489,83.1200,100
43855109689898,12:10:55.109,83.1200,13
43858601241868,12:10:58.601,83.1200,100
43858601241868,12:10:58.601,83.1200,12
43858601241868,12:10:58.601,83.1200,100
43869006186485,12:11:09.006,83.1200,47
43884522763384,12:11:24.522,83.1300,15
43901415006026,12:11:41.415,83.1200,53
43901415006026,12:11:41.415,83.1200,47
43901415071937,12:11:41.415,83.1200,53
43903418775209,12:11:43.418,83.1100,100
43903418775209,12:11:43.418,83.1100,200
43903418775209,12:11:43.418,83.1100,16
43903418775209,12:11:43.418,83.1100,100
43903418775209,12:11:43.418,83.1100,84
43903418816299,12:11:43.418,83.1100,16
43903418816299,12:11:43.418,83.1100,100
43905416276478,12:11:45.416,83.1000,10
43905416276478,12:11:45.416,83.1000,90
43906769816058,12:11:46.769,83.1000,10
43906769816058,12:11:46.769,83.1000,90
43939339012835,12:12:19.339,83.1200,100
43941729490853,12:12:21.729,83.1100,100
43941729490853,12:12:21.729,83.1100,4
43994401852070,12:13:14.401,83.1000,30
43994402734989,12:13:14.402,83.1000,70
43994402734989,12:13:14.402,83.1000,2
43994402918049,12:13:14.402,83.1000,7
44035074647860,12:13:55.074,83.1100,100
44035074647860,12:13:55.074,83.1100,7
44035074675105,12:13:55.074,83.1100,93
44035074675105,12:13:55.074,83.1100,100
44035074675105,12:13:55.074,83.1100,100
44035137717923,12:13:55.137,83.1200,100
44035137717923,12:13:55.137,83.1200,100
44046637034260,12:14:06.637,83.1400,100
44046637034260,12:14:06.637,83.1400,100
44060824295378,12:14:20.824,83.1300,3
44060824295378,12:14:20.824,83.1300,97
44060824302881,12:14:20.824,83.1300,3
44060828760857,12:14:20.828,83.1300,100
44063983290771,12:14:23.983,83.1400,100
44091729837275,12:14:51.729,83.1500,5
44091729837275,12:14:51.729,83.1500,100
44091730592706,12:14:51.730,83.1600,100
44091730592706,12:14:51.730,83.1600,100
44093771109741,12:14:53.771,83.1700,100
44097664561781,12:14:57.664,83.1800,10
44097664561781,12:14:57.664,83.1800,100
44100036693861,12:15:00.036,83.1900,10
44114206624439,12:15:14.206,83.1800,6
44114207328990,12:15:14.207,83.1900,72
44114216367358,12:15:14.216,83.2000,100
44130951592546,12:15:30.951,83.1900,100
44130951592546,12:15:30.951,83.1900,130
44130951592546,12:15:30.951,83.1900,100
44132483993535,12:15:32.483,83.1900,100
44132489182668,12:15:32.489,83.2000,10
44132489182668,12:15:32.489,83.2000,100
44155320981780,12:15:55.320,83.1900,100
44155320981780,12:15:55.320,83.1900,100
44155320981780,12:15:55.320,83.1900,100
44155833558725,12:15:55.833,83.2000,100
44173385761154,12:16:13.385,83.2100,90
44173385776679,12:16:13.385,83.2100,10
44173385776679,12:16:13.385,83.2100,5
44173386875998,12:16:13.386,83.2200,5
44176834871326,12:16:16.834,83.2100,100
44177055956392,12:16:17.055,83.2100,100
44248199256898,12:17:28.199,83.2300,5
44248200089696,12:17:28.200,83.2400,100
44258398896637,12:17:38.398,83.2500,1
44261847276576,12:17:41.847,83.2600,10
44262707230936,12:17:42.707,83.2700,50
44263703168824,12:17:43.703,83.2700,12
44263857254104,12:17:43.857,83.2600,7
44263857254104,12:17:43.857,83.2600,93
44265158856093,12:17:45.158,83.2600,7
44265158856093,12:17:45.158,83.2600,100
44265189565713,12:17:45.189,83.2600,100
44271228112916,12:17:51.228,83.2700,100
44282876588027,12:18:02.876,83.2600,100
44282876588027,12:18:02.876,83.2600,100
44282876588027,12:18:02.876,83.2600,100
44324616550120,12:18:44.616,83.2300,100
44324616550120,12:18:44.616,83.2300,100
44324616985075,12:18:44.616,83.2300,100
44324616985075,12:18:44.616,83.2300,100
44324617474027,12:18:44.617,83.2300,100
44324617474027,12:18:44.617,83.2300,100
44325993140217,12:18:45.993,83.2500,100
44376191178207,12:19:36.191,83.2400,200
44376191178207,12:19:36.191,83.2400,100
44388876177673,12:19:48.876,83.2400,1
44400763690721,12:20:00.763,83.2400,100
44407038987031,12:20:07.038,83.2300,100
44407038987031,12:20:07.038,83.2300,100
44407039023137,12:20:07.039,83.2300,1
44408713609228,12:20:08.713,83.2200,100
44413383083429,12:20:13.383,83.2200,10
44442600577539,12:20:42.600,83.2100,100
44442600577539,12:20:42.600,83.2100,100
44442600577539,12:20:42.600,83.2100,8
44442600984131,12:20:42.600,83.2100,100
44442600984131,12:20:42.600,83.2100,100
44442602617343,12:20:42.602,83.2100,100
44462003263293,12:21:02.003,83.2200,100
44462003263293,12:21:02.003,83.2200,100
44466941450333,12:21:06.941,83.2200,100
44466971997066,12:21:06.971,83.2100,100
44466972748006,12:21:06.972,83.2100,100
44496590595572,12:21:36.590,83.2000,100
44505208458167,12:21:45.208,83.2100,110
44530752389855,12:22:10.752,83.2100,100
44530752389855,12:22:10.752,83.2100,2
44530753119714,12:22:10.753,83.2100,100
44547472469907,12:22:27.472,83.2000,45
44547472482577,12:22:27.472,83.2000,45
44547488661312,12:22:27.488,83.2000,13
44552239112701,12:22:32.239,83.1900,100
44559176462354,12:22:39.176,83.1700,100
44567368995957,12:22:47.368,83.1500,22
44600248791865,12:23:20.248,83.1400,100
44600248880403,12:23:20.248,83.1400,100
44600250630495,12:23:20.250,83.1400,100
44605949003705,12:23:25.949,83.1400,100
44605949003705,12:23:25.949,83.1400,100
44626760994473,12:23:46.760,83.1300,100
44628470746194,12:23:48.470,83.1400,100
44628470972828,12:23:48.470,83.1400,90
44628471001121,12:23:48.471,83.1400,10
44629937875603,12:23:49.937,83.1400,100
44643784871000,12:24:03.784,83.1600,100
44643785324136,12:24:03.785,83.1600,100
44643785324136,12:24:03.785,83.1600,100
44643786491428,12:24:03.786,83.1700,100
44643786491428,12:24:03.786,83.1700,100
44646083865486,12:24:06.083,83.1800,10
44651605196963,12:24:11.605,83.2000,100
44651961145067,12:24:11.961,83.2000,100
44662381101747,12:24:22.381,83.2000,100
44689066047856,12:24:49.066,83.2100,100
44689066047856,12:24:49.066,83.2100,100
44689066047856,12:24:49.066,83.2100,3
44689070830891,12:24:49.070,83.2000,40
44692024989641,12:24:52.024,83.2100,100
44692244539709,12:24:52.244,83.2100,43
44692244539709,12:24:52.244,83.2100,57
44701106740157,12:25:01.106,83.2100,100
44722685595731,12:25:22.685,83.2400,10
44722685595731,12:25:22.685,83.2400,100
44722685595731,12:25:22.685,83.2400,100
44722685595731,12:25:22.685,83.2400,100
44722685595731,12:25:22.685,83.2400,90
44722685600944,12:25:22.685,83.2400,10
44722685600944,12:25:22.685,83.2400,100
44723169985643,12:25:23.169,83.2400,100
44726061521521,12:25:26.061,83.2500,20
44735811278857,12:25:35.811,83.2600,10
44760798431220,12:26:00.798,83.2500,100
44760798431220,12:26:00.798,83.2500,100
44765906773950,12:26:05.906,83.2400,100
44767521295308,12:26:07.521,83.2400,100
44786085882899,12:26:26.085,83.2100,100
44798597894707,12:26:38.597,83.2000,100
44799152028538,12:26:39.152,83.1900,100
44818783370301,12:26:58.783,83.1600,100
44818783370301,12:26:58.783,83.1600,100
44889196050731,12:28:09.196,83.1200,3
44889196050731,12:28:09.196,83.1200,100
44889594660845,12:28:09.594,83.1200,100
44892539118912,12:28:12.539,83.1200,100
44943789291559,12:29:03.789,83.1100,119
44943789291559,12:29:03.789,83.1100,200
44943789291559,12:29:03.789,83.1100,100
44964651051484,12:29:24.651,83.1100,100
45009518118205,12:30:09.518,83.1000,12
45009518118205,12:30:09.518,83.1000,88
45013680240663,12:30:13.680,83.1100,100
45013680240663,12:30:13.680,83.1100,100
45015154200019,12:30:15.154,83.1100,5
45024905476928,12:30:24.905,83.1200,100
45043905735271,12:30:43.905,83.1200,4
45044608890814,12:30:44.608,83.1200,100
45047867083602,12:30:47.867,83.1300,100
45047872176031,12:30:47.872,83.1400,100
45047872176031,12:30:47.872,83.1500,100
45051573451436,12:30:51.573,83.1500,100
45059046263636,12:30:59.046,83.1500,100
45075640015200,12:31:15.640,83.1600,20
45085331874151,12:31:25.331,83.1500,75
45085374683575,12:31:25.374,83.1700,10
45086990749315,12:31:26.990,83.1600,8
45103707646105,12:31:43.707,83.1600,100
45103708369506,12:31:43.708,83.1600,100
45103708369506,12:31:43.708,83.1600,100
45106137178874,12:31:46.137,83.1600,100
45120960188790,12:32:00.960,83.1800,20
45120960188790,12:32:00.960,83.1800,100
45120960188790,12:32:00.960,83.1800,100
45122597684486,12:32:02.597,83.1800,100
45122597684486,12:32:02.597,83.1800,100
45125956877780,12:32:05.956,83.1800,100
45126354049214,12:32:06.354,83.1800,100
45129388100849,12:32:09.388,83.1900,20
45129388100849,12:32:09.388,83.2000,80
45141506851063,12:32:21.506,83.2000,100
45141560445124,12:32:21.560,83.2000,46
45147661960762,12:32:27.661,83.1700,2
45181298250582,12:33:01.298,83.1500,100
45181298250582,12:33:01.298,83.1500,100
45181299554306,12:33:01.299,83.1500,100
45197291651700,12:33:17.291,83.1400,100
45214253089793,12:33:34.253,83.1400,100
45215714909202,12:33:35.714,83.1400,100
45215714909202,12:33:35.714,83.1400,14
45215729745156,12:33:35.729,83.1300,100
45253028001991,12:34:13.028,83.1300,2
45315236633717,12:35:15.236,83.1300,3
45321447873788,12:35:21.447,83.1100,100
45325158823008,12:35:25.158,83.1200,100
45326072574804,12:35:26.072,83.1300,72
45326072819727,12:35:26.072,83.1300,28
45331811240065,12:35:31.811,83.1300,100
45338027384385,12:35:38.027,83.1200,100
45344372988425,12:35:44.372,83.1200,100
45370901452964,12:36:10.901,83.1100,100
45370901452964,12:36:10.901,83.1100,3
45370903461674,12:36:10.903,83.1000,100
45370903461674,12:36:10.903,83.1000,100
45370909788172,12:36:10.909,83.1000,466
45370909820087,12:36:10.909,83.1000,100
45374416831625,12:36:14.416,83.0900,100
45374416831625,12:36:14.416,83.0900,100
45420694521380,12:37:00.694,83.0800,10
45421534369805,12:37:01.534,83.0900,100
45422535981824,12:37:02.535,83.0900,100
45540581318859,12:39:00.581,83.0800,3
45544537684947,12:39:04.537,83.0800,100
45544537684947,12:39:04.537,83.0800,100
45569158388034,12:39:29.158,83.1000,15
45613443005652,12:40:13.443,83.1000,42
45613443021596,12:40:13.443,83.1000,43
45614637182752,12:40:14.637,83.1000,5
45621788863804,12:40:21.788,83.1000,200
45638250154565,12:40:38.250,83.1000,100
45658421116405,12:40:58.421,83.1000,1
45658421116405,12:40:58.421,83.1000,4
45658421171562,12:40:58.421,83.1000,96
45675408655886,12:41:15.408,83.1100,39
45675408655886,12:41:15.408,83.1100,100
45675408655886,12:41:15.408,83.1100,100
45695833268244,12:41:35.833,83.1100,23
45695833332522,12:41:35.833,83.1100,72
45695833671459,12:41:35.833,83.1100,5
45696007793290,12:41:36.007,83.1100,67
45708541508797,12:41:48.541,83.1100,100
45708542424613,12:41:48.542,83.1000,83
45708542934167,12:41:48.542,83.1000,17
45708542934167,12:41:48.542,83.1000,4
45708544410214,12:41:48.544,83.0900,20
45708545066087,12:41:48.545,83.0900,20
45708545615195,12:41:48.545,83.0900,20
45708545809893,12:41:48.545,83.0900,20
45708546467572,12:41:48.546,83.0900,20
45708546467572,12:41:48.546,83.0900,52
45708546928684,12:41:48.546,83.0900,20
45708547583755,12:41:48.547,83.0900,28
45722490019884,12:42:02.490,83.1000,100
45724930184591,12:42:04.930,83.0900,8
45724933614855,12:42:04.933,83.0900,92
45724933614855,12:42:04.933,83.0900,4
45724941925677,12:42:04.941,83.0900,96
45724941925677,12:42:04.941,83.0900,100
45729560322199,12:42:09.560,83.0700,100
45830401642428,12:43:50.401,83.0800,100
45843961324188,12:44:03.961,83.0900,100
45843961324188,12:44:03.961,83.0900,4
45884737373195,12:44:44.737,83.0600,100
45888753330219,12:44:48.753,83.0500,100
45928325886564,12:45:28.325,83.0400,95
45952512192736,12:45:52.512,83.0400,100
45952512192736,12:45:52.512,83.0400,100
45952512192736,12:45:52.512,83.0400,100
45952512192736,12:45:52.512,83.0400,100
45985224904180,12:46:25.224,83.0300,7
45993691099186,12:46:33.691,83.0200,100
45993691230746,12:46:33.691,83.0200,100
46015538008124,12:46:55.538,83.0200,72
46015538035877,12:46:55.538,83.0200,28
46015538035877,12:46:55.538,83.0200,15
46015538035877,12:46:55.538,83.0200,100
46015538035877,12:46:55.538,83.0200,100
46015538035877,12:46:55.538,83.0200,100
46016520230230,12:46:56.520,83.0300,100
46016520230230,12:46:56.520,83.0300,100
46016520230230,12:46:56.520,83.0300,100
46044742230160,12:47:24.742,83.0500,100
46058891497269,12:47:38.891,83.0700,10
46063778296660,12:47:43.778,83.0700,100
46070019164471,12:47:50.019,83.0700,100
46075570561488,12:47:55.570,83.0700,100
46077056397206,12:47:57.056,83.0800,17
46083866404267,12:48:03.866,83.0900,10
46083866404267,12:48:03.866,83.0900,90
46083866438886,12:48:03.866,83.0900,10
46085376671218,12:48:05.376,83.0800,3
46085376671218,12:48:05.376,83.0800,100
46093449828991,12:48:13.449,83.0800,100
46096602547507,12:48:16.602,83.0700,100
46098024740424,12:48:18.024,83.0700,55
46120666320823,12:48:40.666,83.0700,100
46157227591705,12:49:17.227,83.0800,100
46157230442640,12:49:17.230,83.0900,100
46157230442640,12:49:17.230,83.0900,100
46169241268563,12:49:29.241,83.1000,2
46170254826941,12:49:30.254,83.1000,98
46189371052600,12:49:49.371,83.1000,100
46189371052600,12:49:49.371,83.1000,100
46189379685807,12:49:49.379,83.1100,10
46189379685807,12:49:49.379,83.1100,100
46189379685807,12:49:49.379,83.1100,34
46213369819098,12:50:13.369,83.1100,66
46221574212717,12:50:21.574,83.1200,10
46221574212717,12:50:21.574,83.1200,4
46236521784968,12:50:36.521,83.1300,2
46254389697601,12:50:54.389,83.1300,4
46269262008790,12:51:09.262,83.1300,100
46306497778042,12:51:46.497,83.1200,3
46327456400195,12:52:07.456,83.1100,2
46345464494466,12:52:25.464,83.1150,100
46390525998807,12:53:10.525,83.1200,38
46390526618908,12:53:10.526,83.1200,11
46407862579427,12:53:27.862,83.1100,98
46407862579427,12:53:27.862,83.1100,3
46407862579427,12:53:27.862,83.1100,99
46407862612263,12:53:27.862,83.1100,1
46428095219006,12:53:48.095,83.1000,9
46429612094118,12:53:49.612,83.1000,91
46429612094118,12:53:49.612,83.1000,9
46429612389918,12:53:49.612,83.1000,14
46444616043104,12:54:04.616,83.1000,4
46475760713689,12:54:35.760,83.0700,57
46475760744169,12:54:35.760,83.0700,2
46601772183264,12:56:41.772,83.0600,100
46628644670795,12:57:08.644,83.0600,100
46646306683461,12:57:26.306,83.0500,47
46646306683461,12:57:26.306,83.0500,53
46646306710820,12:57:26.306,83.0500,47
46646306710820,12:57:26.306,83.0500,100
46681565557826,12:58:01.565,83.0600,100
46681565603285,12:58:01.565,83.0600,100
46682062257956,12:58:02.062,83.0600,100
46693967734024,12:58:13.967,83.0500,7
46695002495423,12:58:15.002,83.0400,100
46695002495423,12:58:15.002,83.0400,100
46695003735873,12:58:15.003,83.0400,100
46695104984342,12:58:15.104,83.0600,100
46704119220218,12:58:24.119,83.0500,100
46740024918934,12:59:00.024,83.0400,100
46740041771557,12:59:00.041,83.0500,100
46740041771557,12:59:00.041,83.0500,100
46743478585814,12:59:03.478,83.0500,41
46763197283622,12:59:23.197,83.0400,9
46763197373676,12:59:23.197,83.0400,9
46763197424445,12:59:23.197,83.0400,91
46763197818277,12:59:23.197,83.0400,36
46778017885366,12:59:38.017,83.0400,100
46821677555303,13:00:21.677,83.0400,28
46834901911873,13:00:34.901,83.0300,5
46844842149417,13:00:44.842,83.0300,195
46844842149417,13:00:44.842,83.0300,7
46844851082387,13:00:44.851,83.0200,100
46844851082387,13:00:44.851,83.0200,31
46844851105996,13:00:44.851,83.0200,51
46844851146387,13:00:44.851,83.0200,18
46844851146387,13:00:44.851,83.0200,54
46844852977630,13:00:44.852,83.0200,46
46844852977630,13:00:44.852,83.0200,5
46844853523758,13:00:44.853,83.0200,26
46844853523758,13:00:44.853,83.0200,5
46862080719033,13:01:02.080,83.0300,13
46881933509234,13:01:21.933,83.0400,5
46881942438699,13:01:21.942,83.0500,17
46881942747184,13:01:21.942,83.0500,83
46904156391565,13:01:44.156,83.0700,5
46924468989817,13:02:04.468,83.0700,100
46943483623133,13:02:23.483,83.0700,100
46947536353797,13:02:27.536,83.0600,100
46947536854183,13:02:27.536,83.0600,4
46947543354749,13:02:27.543,83.0600,14
46947543371654,13:02:27.543,83.0600,86
46997240943521,13:03:17.240,83.0600,88
46997240943521,13:03:17.240,83.0600,12
47009408401859,13:03:29.408,83.0700,100
47014668408272,13:03:34.668,83.0700,2
47046625588333,13:04:06.625,83.0700,100
47046625588333,13:04:06.625,83.0700,94
47054748938314,13:04:14.748,83.0800,10
47054748938314,13:04:14.748,83.0800,90
47054749403919,13:04:14.749,83.0800,10
47057837539037,13:04:17.837,83.0900,5
47076937106665,13:04:36.937,83.0900,3
47106519638239,13:05:06.519,83.0800,72
47106520133393,13:05:06.520,83.0800,28
47148830864330,13:05:48.830,83.0800,30
47155176825098,13:05:55.176,83.0900,1
47161508588247,13:06:01.508,83.0800,22
47161600647716,13:06:01.600,83.0800,4
47196761535310,13:06:36.761,83.0900,29
47196761602173,13:06:36.761,83.0900,70
47196761602173,13:06:36.761,83.0900,90
47196761602173,13:06:36.761,83.0900,90
47201526983733,13:06:41.526,83.1000,100
47201527063220,13:06:41.527,83.1000,100
47201527063220,13:06:41.527,83.1000,100
47207055198901,13:06:47.055,83.1050,8
47210897682535,13:06:50.897,83.1000,200
47210897682535,13:06:50.897,83.1000,63
47212794108487,13:06:52.794,83.1000,37
47212795520105,13:06:52.795,83.0900,4
47212795520105,13:06:52.795,83.0900,5
47212795520105,13:06:52.795,83.0900,91
47212795547723,13:06:52.795,83.0900,9
47212879736717,13:06:52.879,83.0900,100
47264242133195,13:07:44.242,83.0800,100
47264242274293,13:07:44.242,83.0800,68
47303152848715,13:08:23.152,83.0700,4
47307938222699,13:08:27.938,83.0800,72
47307938247779,13:08:27.938,83.0800,28
47307938253140,13:08:27.938,83.0800,5
47318541878709,13:08:38.541,83.0800,100
47338649379423,13:08:58.649,83.0800,5
47339943980074,13:08:59.943,83.0900,100
47340106436252,13:09:00.106,83.0900,100
47378012925258,13:09:38.012,83.0900,31
47392279128524,13:09:52.279,83.0900,69
47392279128524,13:09:52.279,83.0900,25
47422945320152,13:10:22.945,83.0700,4
47422945320152,13:10:22.945,83.0700,19
47422945320152,13:10:22.945,83.0700,100
47474108344717,13:11:14.108,83.0700,100
47474108344717,13:11:14.108,83.0700,100
47474108390511,13:11:14.108,83.0700,15
47474109830433,13:11:14.109,83.0800,100
47486386730870,13:11:26.386,83.0700,28
47486429929861,13:11:26.429,83.0700,200
47486646596483,13:11:26.646,83.0700,72
47487647606787,13:11:27.647,83.0700,100
47487647606787,13:11:27.647,83.0700,28
47498709012883,13:11:38.709,83.0800,100
47584496025786,13:13:04.496,83.0800,28
47584496302786,13:13:04.496,83.0800,100
47584496353594,13:13:04.496,83.0800,100
47614353813996,13:13:34.353,83.0900,100
47614367433481,13:13:34.367,83.0900,100
47644726681528,13:14:04.726,83.0800,100
47656128083811,13:14:16.128,83.0800,200
47656129302007,13:14:16.129,83.0800,100
47656129352379,13:14:16.129,83.0800,7
47657130253924,13:14:17.130,83.0800,100
47668473222244,13:14:28.473,83.0900,5
47668473222244,13:14:28.473,83.0900,28
47693574228078,13:14:53.574,83.0800,200
47693574228078,13:14:53.574,83.0800,200
47693577562225,13:14:53.577,83.0800,100
47694578759945,13:14:54.578,83.0800,100
47695736837109,13:14:55.736,83.0800,100
47702949321259,13:15:02.949,83.0800,100
47705069433636,13:15:05.069,83.0800,100
47705683144768,13:15:05.683,83.0700,100
47724136857159,13:15:24.136,83.0700,400
47724448596290,13:15:24.448,83.0700,100
47727853873703,13:15:27.853,83.0700,100
47735520066245,13:15:35.520,83.0700,200
47735520228009,13:15:35.520,83.0700,100
47735620525912,13:15:35.620,83.0700,10
47789196387744,13:16:29.196,83.1000,92
47789196387744,13:16:29.196,83.1000,100
47789196387744,13:16:29.196,83.1000,100
47789208382074,13:16:29.208,83.1100,100
47796534953117,13:16:36.534,83.1100,100
47827829453478,13:17:07.829,83.1100,4
47827829453478,13:17:07.829,83.1100,96
47827829482904,13:17:07.829,83.1100,4
47836561640170,13:17:16.561,83.1100,5
47845742724296,13:17:25.742,83.1200,10
47845742724296,13:17:25.742,83.1200,39
47845742734670,13:17:25.742,83.1200,61
47845742734670,13:17:25.742,83.1200,43
47845742746167,13:17:25.742,83.1200,51
47845742805041,13:17:25.742,83.1200,94
47878562992286,13:17:58.562,83.1400,2
47878562992286,13:17:58.562,83.1400,48
47878563029042,13:17:58.563,83.1400,352
47878563029042,13:17:58.563,83.1400,18
47884460511162,13:18:04.460,83.1300,100
47887854438842,13:18:07.854,83.1300,4
47910006868233,13:18:30.006,83.1200,100
47910006868233,13:18:30.006,83.1200,6
47910006868233,13:18:30.006,83.1200,47
47910006888120,13:18:30.006,83.1200,53
47938009436943,13:18:58.009,83.0900,2
47938009443618,13:18:58.009,83.0900,51
47938009471210,13:18:58.009,83.0900,11
47938009471210,13:18:58.009,83.0900,40
47941906126906,13:19:01.906,83.1000,100
47941906126906,13:19:01.906,83.1000,200
47943191236510,13:19:03.191,83.1000,100
47944876857649,13:19:04.876,83.1000,100
47944877035915,13:19:04.877,83.1000,100
47944877035915,13:19:04.877,83.1000,100
47959123407758,13:19:19.123,83.1000,100
48003296959054,13:20:03.296,83.1000,4
48007244773899,13:20:07.244,83.1000,100
