timestamp,time,price,volume
34187142538203,09:29:47.142,141.4200,100
34199325873786,09:29:59.325,140.8300,71
34200428981235,09:30:00.428,140.8300,4115
34231425262103,09:30:31.425,140.7700,20
34351006934724,09:32:31.006,141.4200,9
34351006934724,09:32:31.006,141.6400,71
34351007017559,09:32:31.007,141.6400,29
34382264631976,09:33:02.264,141.9700,67
34382264631976,09:33:02.264,141.9800,33
34382264657124,09:33:02.264,141.9800,67
34382265036740,09:33:02.265,142.1400,16
34491443858442,09:34:51.443,142.0300,5
34516115538164,09:35:16.115,142.0600,100
34527562148305,09:35:27.562,142.0500,10
34527562148305,09:35:27.562,142.0300,32
34527562148305,09:35:27.562,142.0300,49
34527562153240,09:35:27.562,142.0300,10
34527562240752,09:35:27.562,142.0200,27
34527562240752,09:35:27.562,142.0200,22
34527562282379,09:35:27.562,142.0200,15
34527562282379,09:35:27.562,142.0200,100
34527562541472,09:35:27.562,142.0250,100
34527563418481,09:35:27.563,141.9700,20
34527564140013,09:35:27.564,141.9000,20
34538959485627,09:35:38.959,141.9900,7
34538959512734,09:35:38.959,141.9900,193
34538959906065,09:35:38.959,142.0000,100
34538959909475,09:35:38.959,142.0000,100
34538959932901,09:35:38.959,142.0000,100
34547009221068,09:35:47.009,141.8600,10
34557568548008,09:35:57.568,141.6300,50
34567864397356,09:36:07.864,141.6000,100
34567864776618,09:36:07.864,141.6400,100
34567864801022,09:36:07.864,141.6400,1
34588406265766,09:36:28.406,141.4400,100
34588406420507,09:36:28.406,141.4300,100
34588406435675,09:36:28.406,141.4100,75
34588406458037,09:36:28.406,141.4100,25
34588406458037,09:36:28.406,141.4000,75
34588406467496,09:36:28.406,141.4000,125
34588406467496,09:36:28.406,141.4000,75
34588406524040,09:36:28.406,141.4000,125
34588406573776,09:36:28.406,141.4000,75
34588406579655,09:36:28.406,141.4000,100
34595764907484,09:36:35.764,141.6900,1
34595764907484,09:36:35.764,141.6900,1
34595764907484,09:36:35.764,141.7800,100
34595764907484,09:36:35.764,141.8400,23
34667890455704,09:37:47.890,141.6550,156
34672515402859,09:37:52.515,141.8300,34
34674179340054,09:37:54.179,141.6550,100
34741809575793,09:39:01.809,141.8600,40
34741809575793,09:39:01.809,141.8900,4
34772362373509,09:39:32.362,141.8500,44
34800269512015,09:40:00.269,141.8000,56
34800269512015,09:40:00.269,141.8800,40
34857628954529,09:40:57.628,141.8800,44
34903200062412,09:41:43.200,141.6950,200
34918259653493,09:41:58.259,141.6650,200
34927062488494,09:42:07.062,141.6650,200
34933389754098,09:42:13.389,141.6500,100
34933389873202,09:42:13.389,141.6500,211
34933389924355,09:42:13.389,141.6500,89
34933390021618,09:42:13.390,141.5000,100
34933390021618,09:42:13.390,141.5000,44
34933390021618,09:42:13.390,141.5000,17
34933390021618,09:42:13.390,141.5000,50
34933390208023,09:42:13.390,141.5300,89
34933390208023,09:42:13.390,141.5000,11
34933390532611,09:42:13.390,141.5000,89
34991435561795,09:43:11.435,141.5700,100
34991435642720,09:43:11.435,141.6300,100
34991435894806,09:43:11.435,141.6950,100
35048593342400,09:44:08.593,141.5200,100
35048593342400,09:44:08.593,141.2900,100
35048593342400,09:44:08.593,141.2400,17
35048593342400,09:44:08.593,141.2400,100
35048593342400,09:44:08.593,141.2400,83
35048593392231,09:44:08.593,141.2400,17
35048733712941,09:44:08.733,141.4000,100
35051968745214,09:44:11.968,141.5100,100
35051968826109,09:44:11.968,141.5100,100
35059506907450,09:44:19.506,141.6200,100
35064256700147,09:44:24.256,141.6200,100
35069612540997,09:44:29.612,141.5900,100
35083800998364,09:44:43.800,141.3700,100
35083800998364,09:44:43.800,141.3900,100
35083800998364,09:44:43.800,141.4000,1
35083850405499,09:44:43.850,141.4000,99
35083850758606,09:44:43.850,141.4000,100
35083850811991,09:44:43.850,141.3950,100
35105032779181,09:45:05.032,141.2800,100
35105032848531,09:45:05.032,141.3000,100
35105032888046,09:45:05.032,141.3000,100
35105033157961,09:45:05.033,141.3150,100
35105033398337,09:45:05.033,141.3150,100
35105033435002,09:45:05.033,141.3150,100
35105033476068,09:45:05.033,141.3150,100
35105033791993,09:45:05.033,141.3150,100
35117328083057,09:45:17.328,141.4500,100
35125948161007,09:45:25.948,141.4150,100
35129913278500,09:45:29.913,141.3700,100
35129913350270,09:45:29.913,141.3200,100
35132587361465,09:45:32.587,141.4300,100
35133449016810,09:45:33.449,141.4400,100
35133449074090,09:45:33.449,141.4400,100
35134448532766,09:45:34.448,141.4700,100
35140647446754,09:45:40.647,141.4200,100
35144817641783,09:45:44.817,141.3400,100
35144817678258,09:45:44.817,141.3400,100
35144817890932,09:45:44.817,141.3300,100
35144818088227,09:45:44.818,141.3300,100
35144818145549,09:45:44.818,141.3400,100
35144818145549,09:45:44.818,141.3400,100
35144818145549,09:45:44.818,141.3400,100
35144818389923,09:45:44.818,141.3400,100
35145448664406,09:45:45.448,141.4800,100
35145449105466,09:45:45.449,141.4800,100
35145449664901,09:45:45.449,141.4900,100
35145449934209,09:45:45.449,141.4900,100
35145449959057,09:45:45.449,141.4900,19
35145450121467,09:45:45.450,141.4900,10
35145450468284,09:45:45.450,141.4800,100
35145450647388,09:45:45.450,141.4900,90
35145450647388,09:45:45.450,141.4900,100
35145450647388,09:45:45.450,141.4900,100
35145451677547,09:45:45.451,141.5000,100
35145451677547,09:45:45.451,141.5000,10
35145452193088,09:45:45.452,141.5100,75
35145452388566,09:45:45.452,141.5100,25
35145453066353,09:45:45.453,141.5200,100
35145453100564,09:45:45.453,141.5600,75
35148717355348,09:45:48.717,141.5500,100
35148717355348,09:45:48.717,141.5500,100
35180245916685,09:46:20.245,141.5300,74
35332784658648,09:48:52.784,141.3600,1
35400009984790,09:50:00.009,141.3400,1
35414842843722,09:50:14.842,141.6300,9
35414842843722,09:50:14.842,141.6400,91
35414842870107,09:50:14.842,141.6400,9
35414842873749,09:50:14.842,141.6400,100
35414843164091,09:50:14.843,141.7200,100
35414843229636,09:50:14.843,141.7700,100
35414843234661,09:50:14.843,141.7700,99
35414843259729,09:50:14.843,141.7700,1
35414843635988,09:50:14.843,141.7900,1
35414843635988,09:50:14.843,141.7900,1
35414844286433,09:50:14.844,141.8500,98
35414844311880,09:50:14.844,141.8500,1
35436227744872,09:50:36.227,141.8300,100
35436227802586,09:50:36.227,141.8300,5
35436227825747,09:50:36.227,141.8300,95
35436227825747,09:50:36.227,141.8300,20
35436227940194,09:50:36.227,141.8300,2
35436228221895,09:50:36.228,141.7700,18
35436228968860,09:50:36.228,141.7300,100
35468840000946,09:51:08.840,141.6100,50
35468840000946,09:51:08.840,141.6700,50
35478063751759,09:51:18.063,141.6700,50
35478063751759,09:51:18.063,141.6900,50
35479205143855,09:51:19.205,141.6700,100
35481200215768,09:51:21.200,141.6700,50
35484710225385,09:51:24.710,141.6500,50
35484710230092,09:51:24.710,141.6500,50
35484710230092,09:51:24.710,141.6700,50
35484710368972,09:51:24.710,141.6700,50
35484710748636,09:51:24.710,141.6900,50
35484712364414,09:51:24.712,141.6300,10
35484712364414,09:51:24.712,141.6300,30
35484712471102,09:51:24.712,141.6900,1
35484712494223,09:51:24.712,141.6900,22
35484712515081,09:51:24.712,141.7000,100
35484712515081,09:51:24.712,141.7000,83
35502297156696,09:51:42.297,141.5600,100
35502297156696,09:51:42.297,141.5700,100
35504396176565,09:51:44.396,141.5800,100
35505558282596,09:51:45.558,141.4600,100
35633945327187,09:53:53.945,141.3900,100
35634024006049,09:53:54.024,141.5000,100
35634024006049,09:53:54.024,141.5000,100
35640923765119,09:54:00.923,141.4900,100
35640923765119,09:54:00.923,141.5000,44
35641180083008,09:54:01.180,141.5000,56
35641180083008,09:54:01.180,141.5000,44
35647975116110,09:54:07.975,141.4900,1
35647975141097,09:54:07.975,141.4900,99
35647975169755,09:54:07.975,141.5000,36
35648024003537,09:54:08.024,141.5000,20
35648024003537,09:54:08.024,141.5000,280
35648024076672,09:54:08.024,141.5000,20
35653884474530,09:54:13.884,141.5000,100
35653884532659,09:54:13.884,141.5100,1
35653884695513,09:54:13.884,141.5100,100
35653935836938,09:54:13.935,141.5100,10
35653935836938,09:54:13.935,141.5100,90
35653935861818,09:54:13.935,141.5100,10
35653958883490,09:54:13.958,141.5600,100
35657024551229,09:54:17.024,141.5900,100
35694437861155,09:54:54.437,141.5800,100
35694527903713,09:54:54.527,141.5900,100
35694527903713,09:54:54.527,141.5900,100
35694527934750,09:54:54.527,141.5900,100
35694527934750,09:54:54.527,141.6000,100
35694527971638,09:54:54.527,141.6000,100
35696673729988,09:54:56.673,141.6700,22
35701328781791,09:55:01.328,141.6700,44
35728329920153,09:55:28.329,141.6700,56
35728329920153,09:55:28.329,141.6800,100
35728329920153,09:55:28.329,141.6800,44
35728329964050,09:55:28.329,141.6800,56
35728329971983,09:55:28.329,141.6900,93
35728330108746,09:55:28.330,141.6900,7
35728330108746,09:55:28.330,141.6900,100
35728330306817,09:55:28.330,141.7300,1
35728330306817,09:55:28.330,141.7300,1
35728334984862,09:55:28.334,141.7700,1
35777467109376,09:56:17.467,141.8500,100
35808256429642,09:56:48.256,141.8100,32
35841323398117,09:57:21.323,141.8100,10
35841323398117,09:57:21.323,141.8100,10
35841323398117,09:57:21.323,141.8100,10
35841326467516,09:57:21.326,141.8500,100
35841328285039,09:57:21.328,141.8600,100
35841328285039,09:57:21.328,141.8600,100
35841328310441,09:57:21.328,141.8600,100
35841328339908,09:57:21.328,141.8600,100
35841328749026,09:57:21.328,141.7800,100
35841360433309,09:57:21.360,141.8200,100
35841360561613,09:57:21.360,141.7800,50
35841360561613,09:57:21.360,141.7700,50
35841360602784,09:57:21.360,141.7700,50
35843498251156,09:57:23.498,141.7700,10
35843498267071,09:57:23.498,141.8100,100
35850970841824,09:57:30.970,141.6400,10
35850970841824,09:57:30.970,141.6400,30
35850970841824,09:57:30.970,141.6300,60
35850970909673,09:57:30.970,141.6300,40
35850970982717,09:57:30.970,141.6300,2
35850971027572,09:57:30.971,141.6300,98
35853438291819,09:57:33.438,141.7700,100
35853438291819,09:57:33.438,141.7700,44
35859638468330,09:57:39.638,141.7500,100
35862014321307,09:57:42.014,141.5100,2
35862014350367,09:57:42.014,141.5100,58
35985164859334,09:59:45.164,141.5400,99
36010876711135,10:00:10.876,141.1100,83
36010876720663,10:00:10.876,141.1100,17
36010876720663,10:00:10.876,141.1100,92
36010876720663,10:00:10.876,141.1100,32
36010876749573,10:00:10.876,141.1100,68
36010877374822,10:00:10.877,141.1100,8
36010877680945,10:00:10.877,141.1100,92
36010877680945,10:00:10.877,141.1100,88
36010877680945,10:00:10.877,141.1100,45
36010878434038,10:00:10.878,141.1100,55
36010878434038,10:00:10.878,141.1100,100
36010899371853,10:00:10.899,141.1100,65
36014826968798,10:00:14.826,141.0500,100
36014826994627,10:00:14.826,141.0500,100
36014827063162,10:00:14.827,141.0200,53
36014827609504,10:00:14.827,141.0100,90
36014827634686,10:00:14.827,141.0100,10
36014827643681,10:00:14.827,141.0100,10
36014827660467,10:00:14.827,141.0100,10
36014828137940,10:00:14.828,141.0100,47
36014828266350,10:00:14.828,141.0100,53
36014828266350,10:00:14.828,141.0100,47
36014828280101,10:00:14.828,141.0100,1
36014880951682,10:00:14.880,141.0100,52
36014880951682,10:00:14.880,141.0100,48
36018957437435,10:00:18.957,141.0100,32
36018957437435,10:00:18.957,141.0100,31
36018957463302,10:00:18.957,141.0100,69
36018957568929,10:00:18.957,141.0100,100
36022397690167,10:00:22.397,141.0100,90
36046352802377,10:00:46.352,141.0100,1
36048281170108,10:00:48.281,141.0100,9
36048281170108,10:00:48.281,141.0100,91
36052115584406,10:00:52.115,141.0100,9
36052115584406,10:00:52.115,141.0100,91
36070426772083,10:01:10.426,141.0100,9
36070426772083,10:01:10.426,141.0100,100
36070426772083,10:01:10.426,141.0100,80
36110593995442,10:01:50.593,140.9100,1
36166835047819,10:02:46.835,140.8800,30
36166869927759,10:02:46.869,140.8000,100
36166869982482,10:02:46.869,140.8000,23
36175877624827,10:02:55.877,140.6700,1
36219706381812,10:03:39.706,140.6800,1
36230470024691,10:03:50.470,140.6700,50
36230470024691,10:03:50.470,140.6600,50
36246392919448,10:04:06.392,140.8900,100
36246392919448,10:04:06.392,140.8900,5
36246773960854,10:04:06.773,140.6500,1
36306244285336,10:05:06.244,140.7500,100
36306244360435,10:05:06.244,140.7500,17
36307683484936,10:05:07.683,140.8800,100
36307683484936,10:05:07.683,140.8900,5
36307683511887,10:05:07.683,140.8900,95
36307683511887,10:05:07.683,140.8900,4
36307683511887,10:05:07.683,140.8900,1
36307685887346,10:05:07.685,140.9300,100
36307688258442,10:05:07.688,140.9500,100
36334800580619,10:05:34.800,141.0400,90
36334800846313,10:05:34.800,141.0400,10
36334800846313,10:05:34.800,141.0500,100
36334800846313,10:05:34.800,141.0500,90
36342523888615,10:05:42.523,141.0600,100
36342523919094,10:05:42.523,141.0600,2
36347214338083,10:05:47.214,140.9900,100
36365170923280,10:06:05.170,141.1150,58
36368664665417,10:06:08.664,141.1200,42
36370717501718,10:06:10.717,141.2400,1
36390042035419,10:06:30.042,141.2400,100
36390593986895,10:06:30.593,141.2700,100
36390593986895,10:06:30.593,141.2700,10
36390593986895,10:06:30.593,141.2700,5
36390594039436,10:06:30.594,141.2800,1
36430216639612,10:07:10.216,141.3150,100
36486967366290,10:08:06.967,141.3450,97
36507835959842,10:08:27.835,141.4700,55
36507835959842,10:08:27.835,141.4800,45
36528197554782,10:08:48.197,141.4700,100
36528197554782,10:08:48.197,141.4700,90
36528197683474,10:08:48.197,141.4700,10
36528197683474,10:08:48.197,141.4800,53
36535978004399,10:08:55.978,141.3850,3
36537328261441,10:08:57.328,141.4700,100
36537328261441,10:08:57.328,141.4700,100
36537328261441,10:08:57.328,141.4700,6
36544887209964,10:09:04.887,141.4800,47
36544887545128,10:09:04.887,141.4900,100
36544887545128,10:09:04.887,141.4900,100
36544887584523,10:09:04.887,141.5000,100
36544887609249,10:09:04.887,141.5500,100
36655489985773,10:10:55.489,141.5000,100
36655489985773,10:10:55.489,141.5000,30
36655489985773,10:10:55.489,141.5000,70
36655490014608,10:10:55.490,141.5000,30
36655490014608,10:10:55.490,141.5000,20
36655490041311,10:10:55.490,141.5100,200
36655490064879,10:10:55.490,141.4900,100
36655490064879,10:10:55.490,141.4900,100
36655490085093,10:10:55.490,141.5000,10
36655490111071,10:10:55.490,141.5000,49
36669417800262,10:11:09.417,141.4100,25
36711213992769,10:11:51.213,141.4800,1
36715324331360,10:11:55.324,141.4200,8
36721271982841,10:12:01.271,141.4100,7
36778026800634,10:12:58.026,141.5700,200
36841266821665,10:14:01.266,141.4650,2
36841610602711,10:14:01.610,141.4650,58
36841610602711,10:14:01.610,141.4000,42
36842555847433,10:14:02.555,141.5700,17
36976504713478,10:16:16.504,141.5800,100
36976504713478,10:16:16.504,141.5800,100
36976504713478,10:16:16.504,141.5800,100
36976504713478,10:16:16.504,141.5800,6
36976504747640,10:16:16.504,141.5900,100
36976504747640,10:16:16.504,141.5900,100
36976504836723,10:16:16.504,141.6100,100
37002995621647,10:16:42.995,141.6600,100
37027827548129,10:17:07.827,141.6300,16
37036284543621,10:17:16.284,141.7500,31
37075852677368,10:17:55.852,141.6450,6
37085784799853,10:18:05.784,141.5600,50
37085784799853,10:18:05.784,141.5600,50
37085784826482,10:18:05.784,141.5600,50
37085784826482,10:18:05.784,141.5500,50
37085799519265,10:18:05.799,141.6500,78
37087883843601,10:18:07.883,141.6500,100
37087883843601,10:18:07.883,141.5400,100
37087883872948,10:18:07.883,141.5400,2
37087883872948,10:18:07.883,141.5400,2
37087883872948,10:18:07.883,141.5400,100
37087883936572,10:18:07.883,141.5200,1
37087883947356,10:18:07.883,141.5000,100
37087883976509,10:18:07.883,141.5000,5
37087883986628,10:18:07.883,141.5000,19
37087886749937,10:18:07.886,141.4100,100
37088617901348,10:18:08.617,141.4100,100
37098809420954,10:18:18.809,141.4100,2
37098860856891,10:18:18.860,141.4100,2
37098968916090,10:18:18.968,141.4050,2
37099013723974,10:18:19.013,141.4050,2
37099080702747,10:18:19.080,141.4050,2
37099129206674,10:18:19.129,141.4050,2
37099247143557,10:18:19.247,141.4050,2
37099287580044,10:18:19.287,141.4050,2
37099319740918,10:18:19.319,141.4050,2
37099366203794,10:18:19.366,141.4050,2
37105544133033,10:18:25.544,141.2800,2
37105544157843,10:18:25.544,141.2800,98
37105595985883,10:18:25.595,141.1500,2
37105651958635,10:18:25.651,141.1500,2
37105705695400,10:18:25.705,141.1500,2
37105747747833,10:18:25.747,141.1200,2
37105747772549,10:18:25.747,141.1200,98
37105933181281,10:18:25.933,141.0500,2
37105984911055,10:18:25.984,141.0500,2
37106026880878,10:18:26.026,141.0500,2
37106091786091,10:18:26.091,141.0500,2
37114573074860,10:18:34.573,141.0400,2
37114628578093,10:18:34.628,141.0300,2
37114688611711,10:18:34.688,141.0200,2
37114688635969,10:18:34.688,141.0200,1
37114688686055,10:18:34.688,141.0200,1
37114688763032,10:18:34.688,141.2000,10
37114739951854,10:18:34.739,141.0900,2
37114786725644,10:18:34.786,141.0900,2
37114834294029,10:18:34.834,141.0900,2
37114978159665,10:18:34.978,141.0900,2
37115025417122,10:18:35.025,141.0900,2
37115074235674,10:18:35.074,141.0900,2
37115145455630,10:18:35.145,141.0900,2
37161955379515,10:19:21.955,141.0800,2
37161955405767,10:19:21.955,141.0800,8
37161955405767,10:19:21.955,141.0800,1
37162005740761,10:19:22.005,141.0000,2
37162005768289,10:19:22.005,141.0000,34
37162005768289,10:19:22.005,141.0000,50
37162111067372,10:19:22.111,140.9500,2
37162155804407,10:19:22.155,140.9500,2
37162233283273,10:19:22.233,140.9500,2
37162335454218,10:19:22.335,140.9500,2
37162385381991,10:19:22.385,140.9500,2
37162436312569,10:19:22.436,140.9500,2
37162527139278,10:19:22.527,140.9500,2
37183739925661,10:19:43.739,140.9300,2
37183786686767,10:19:43.786,140.9300,2
37184597344485,10:19:44.597,140.9300,2
37184646215807,10:19:44.646,140.9200,2
37184703502277,10:19:44.703,140.9100,2
37213656214584,10:20:13.656,141.1600,5
37213708585491,10:20:13.708,141.1900,5
37213709059729,10:20:13.709,141.2000,100
37213709059729,10:20:13.709,141.2000,20
37213709100529,10:20:13.709,141.2000,80
37236339350339,10:20:36.339,141.2700,2
37236416517807,10:20:36.416,141.2700,2
37236471138147,10:20:36.471,141.2700,2
37236537363966,10:20:36.537,141.2700,2
37236574470724,10:20:36.574,141.2700,2
37236700689262,10:20:36.700,141.2700,2
37236728148385,10:20:36.728,141.2500,2
37236751858873,10:20:36.751,141.2500,2
37236864815757,10:20:36.864,141.2500,2
37271120600630,10:21:11.120,141.3200,28
37315144725218,10:21:55.144,141.3100,5
37328900111441,10:22:08.900,141.4200,5
37342456753602,10:22:22.456,141.5100,100
37342460009739,10:22:22.460,141.5300,4
37342460181061,10:22:22.460,141.5300,100
37342699079255,10:22:22.699,141.7400,100
37385446116063,10:23:05.446,141.6400,17
37420283150967,10:23:40.283,141.7800,100
37435481439939,10:23:55.481,141.7450,6
37442242724851,10:24:02.242,141.7450,2
37442295107047,10:24:02.295,141.7700,2
37442409386079,10:24:02.409,141.7700,2
37442476561229,10:24:02.476,141.7450,2
37442522755487,10:24:02.522,141.7450,2
37442572610988,10:24:02.572,141.7450,2
37442626795492,10:24:02.626,141.7450,2
37442684662576,10:24:02.684,141.7450,2
37442722378498,10:24:02.722,141.7450,2
37442756963410,10:24:02.756,141.7700,2
37457597359955,10:24:17.597,141.7450,2
37457649386548,10:24:17.649,141.7750,2
37459853589969,10:24:19.853,141.7750,2
37459905086024,10:24:19.905,141.7750,2
37462971293359,10:24:22.971,141.7450,2
37463081581601,10:24:23.081,141.7800,2
37463129016683,10:24:23.129,141.7800,2
37463157901391,10:24:23.157,141.7850,2
37463245930807,10:24:23.245,141.7850,2
37495227599576,10:24:55.227,141.7900,6
37511034713936,10:25:11.034,141.7950,59
37516926477490,10:25:16.926,141.7900,2
37530034575704,10:25:30.034,141.7350,2
37538896425028,10:25:38.896,141.7250,2
37538950427675,10:25:38.950,141.7250,2
37539059636276,10:25:39.059,141.7250,2
37539092423849,10:25:39.092,141.7200,2
37556078356741,10:25:56.078,141.7250,1
37561265585876,10:26:01.265,141.7950,2
37570790322388,10:26:10.790,141.7300,2
37570823688496,10:26:10.823,141.7350,2
37570862648439,10:26:10.862,141.7350,2
37574242065386,10:26:14.242,141.7300,2
37574290168979,10:26:14.290,141.7300,2
37574343970849,10:26:14.343,141.7300,2
37574391938296,10:26:14.391,141.7300,2
37574435514827,10:26:14.435,141.7300,2
37574510574960,10:26:14.510,141.7300,2
37574570067623,10:26:14.570,141.7300,2
37574623677266,10:26:14.623,141.7300,2
37574672008735,10:26:14.672,141.7300,2
37574716962259,10:26:14.716,141.7300,2
37666821797000,10:27:46.821,141.6600,2
37695979350902,10:28:15.979,141.7350,2
37696032235551,10:28:16.032,141.7350,2
37696136825638,10:28:16.136,141.7350,2
37696185281520,10:28:16.185,141.6250,2
37696228358672,10:28:16.228,141.6250,2
37696287292517,10:28:16.287,141.6300,2
37696343758767,10:28:16.343,141.6250,2
37696419292697,10:28:16.419,141.6250,2
37696456406725,10:28:16.456,141.6300,2
37737209916704,10:28:57.209,141.8300,13
37789590377357,10:29:49.590,141.7350,80
37789590377357,10:29:49.590,141.6300,20
37801318614151,10:30:01.318,141.7350,2
37865714420194,10:31:05.714,141.7400,8
37889319129293,10:31:29.319,141.8300,100
37915758828770,10:31:55.758,141.7500,4
37921273147020,10:32:01.273,141.7500,2
37926439991473,10:32:06.439,141.7500,1
37943496999073,10:32:23.496,141.8300,85
37943497004112,10:32:23.497,141.8300,15
37943497004112,10:32:23.497,141.8300,7
37943497057520,10:32:23.497,141.8400,4
37943497164130,10:32:23.497,141.8600,92
37943497194187,10:32:23.497,141.8600,8
37980037858752,10:33:00.037,141.9200,100
37980176202929,10:33:00.176,141.9300,100
37982062098095,10:33:02.062,141.8800,83
37982062098095,10:33:02.062,141.8600,17
37982062131754,10:33:02.062,141.8300,100
37982062621078,10:33:02.062,141.8300,100
37995626181289,10:33:15.626,141.9000,54
38003572106776,10:33:23.572,141.7100,2
38037793873296,10:33:57.793,141.7400,10
38052131428474,10:34:12.131,141.6200,2
38076561793107,10:34:36.561,141.5600,1
38076561827777,10:34:36.561,141.5500,1
38076561862420,10:34:36.561,141.5500,1
38076561862420,10:34:36.561,141.5400,99
38076562984572,10:34:36.562,141.5600,28
38076562984572,10:34:36.562,141.5600,100
38076562984572,10:34:36.562,141.5600,72
38161239515910,10:36:01.239,141.6700,5
38253195857054,10:37:33.195,141.6550,28
38256028041274,10:37:36.028,141.6500,67
38256028041274,10:37:36.028,141.5700,28
38256028041274,10:37:36.028,141.5700,1
38256028041274,10:37:36.028,141.5200,4
38256028487759,10:37:36.028,141.5200,96
38256062588271,10:37:36.062,141.5600,2
38257528120367,10:37:37.528,141.5600,2
38266086209474,10:37:46.086,141.5600,29
38266086247918,10:37:46.086,141.5600,39
38266086473488,10:37:46.086,141.5200,20
38266086473488,10:37:46.086,141.5100,50
38266086499094,10:37:46.086,141.5100,50
38266086526760,10:37:46.086,141.5300,100
38266086907681,10:37:46.086,141.5200,20
38266087299043,10:37:46.087,141.5100,2
38266087806913,10:37:46.087,141.5100,10
38266087828222,10:37:46.087,141.5100,10
38266602853273,10:37:46.602,141.4100,5
38342121156843,10:39:02.121,141.4900,10
38342121156843,10:39:02.121,141.4900,100
38342121156843,10:39:02.121,141.5000,8
38342121203192,10:39:02.121,141.5000,5
38342121203192,10:39:02.121,141.5000,5
38342121203192,10:39:02.121,141.5000,100
38342121218611,10:39:02.121,141.5100,70
38342121236424,10:39:02.121,141.5100,30
38342121236424,10:39:02.121,141.5100,10
38342121252864,10:39:02.121,141.5200,100
38342121252864,10:39:02.121,141.5200,100
38342121414832,10:39:02.121,141.5000,100
38342219801344,10:39:02.219,141.5200,100
38342219801344,10:39:02.219,141.5200,100
38406644112479,10:40:06.644,141.6400,10
38406644245141,10:40:06.644,141.6400,90
38406644245141,10:40:06.644,141.6400,5
38448415843245,10:40:48.415,141.6100,100
38641305297758,10:44:01.305,141.5900,1
38645826784503,10:44:05.826,141.6700,3
38645826784503,10:44:05.826,141.6700,5
38645827448426,10:44:05.827,141.6900,100
38645827448426,10:44:05.827,141.7000,34
38645827456286,10:44:05.827,141.7000,66
38645841679356,10:44:05.841,141.7900,100
38645859120870,10:44:05.859,141.8200,7
38645859145386,10:44:05.859,141.8200,93
38645989199210,10:44:05.989,141.8600,28
38645989199210,10:44:05.989,141.8800,72
38645989822749,10:44:05.989,141.8800,10
38650466309547,10:44:10.466,141.8600,99
38650466309547,10:44:10.466,141.8400,50
38650466309547,10:44:10.466,141.8400,50
38650466309547,10:44:10.466,141.8000,1
38650466336124,10:44:10.466,141.8000,100
38650467907794,10:44:10.467,141.7900,100
38650467907794,10:44:10.467,141.7900,83
38650467988998,10:44:10.467,141.7800,100
38695686736335,10:44:55.686,141.8400,100
38701810649240,10:45:01.810,141.8600,100
38701812016924,10:45:01.812,141.9500,50
38728474294301,10:45:28.474,141.8100,82
38728474625300,10:45:28.474,141.8100,18
38728474625300,10:45:28.474,141.8100,1
38820176868925,10:47:00.176,141.7100,10
38820176868925,10:47:00.176,141.7000,50
38820176909996,10:47:00.176,141.7000,100
38875592770958,10:47:55.592,141.6600,100
38875592819964,10:47:55.592,141.6500,100
38875593835277,10:47:55.593,141.6500,100
38875594285346,10:47:55.594,141.5600,5
38875594285346,10:47:55.594,141.5500,95
38875596110849,10:47:55.596,141.5700,5
38876462205949,10:47:56.462,141.7000,100
38881255949220,10:48:01.255,141.6400,6
39003361158043,10:50:03.361,141.5450,94
39003361158043,10:50:03.361,141.4900,6
39003361794878,10:50:03.361,141.5450,100
39012209463866,10:50:12.209,141.3500,2
39017304399136,10:50:17.304,141.5900,100
39017304832843,10:50:17.304,141.6100,68
39017304832843,10:50:17.304,141.6100,32
39017304841243,10:50:17.304,141.6100,68
39060407023089,10:51:00.407,141.4400,2
39060458017533,10:51:00.458,141.4400,2
39060562001305,10:51:00.562,141.4400,2
39060608251752,10:51:00.608,141.4400,2
39060652622923,10:51:00.652,141.4400,2
39060710354030,10:51:00.710,141.4400,2
39060825467675,10:51:00.825,141.4400,2
39060856199487,10:51:00.856,141.4400,2
39060896048954,10:51:00.896,141.4400,2
39096588348087,10:51:36.588,141.4700,2
39130167088440,10:52:10.167,141.4700,2
39130167305817,10:52:10.167,141.4700,100
39241335971001,10:54:01.335,141.3950,2
39241337399876,10:54:01.337,141.4600,21
39308074377919,10:55:08.074,141.6600,5
39309187016475,10:55:09.187,141.7000,100
39309187148680,10:55:09.187,141.7100,100
39309187155804,10:55:09.187,141.7100,100
39309187155804,10:55:09.187,141.7100,3
39309187403362,10:55:09.187,141.7200,10
39309191220964,10:55:09.191,141.7800,6
39309191245680,10:55:09.191,141.7800,94
39309191245680,10:55:09.191,141.7800,100
39309191426433,10:55:09.191,141.8100,100
39398673415772,10:56:38.673,141.7700,77
39398673415772,10:56:38.673,141.6900,87
39398673415772,10:56:38.673,141.6700,36
39398673461235,10:56:38.673,141.6700,64
39398673461235,10:56:38.673,141.6700,97
39398673498914,10:56:38.673,141.6700,3
39398673498914,10:56:38.673,141.6700,1
39398673548303,10:56:38.673,141.6700,4
39398673548303,10:56:38.673,141.6800,96
39398673574240,10:56:38.673,141.6800,4
39398673574240,10:56:38.673,141.6800,100
39398673574240,10:56:38.673,141.6800,4
39398673833064,10:56:38.673,141.6700,4
39398673995090,10:56:38.673,141.6700,2
39481331702306,10:58:01.331,141.5150,6
39545604453055,10:59:05.604,141.5400,9
39563216778197,10:59:23.216,141.5400,2
39595470667601,10:59:55.470,141.6000,100
39601315741013,11:00:01.315,141.6250,5
39630178588530,11:00:30.178,141.6250,78
39630178588530,11:00:30.178,141.5600,22
39633080089727,11:00:33.080,141.5600,78
39662941967170,11:01:02.941,141.6700,5
39662942612983,11:01:02.942,141.6800,100
39662943077936,11:01:02.943,141.6900,84
39662943236457,11:01:02.943,141.6900,16
39663020148284,11:01:03.020,141.7300,100
39663473869713,11:01:03.473,141.8300,100
39663473869713,11:01:03.473,141.8300,100
39663473869713,11:01:03.473,141.8300,100
39664685109174,11:01:04.685,141.9700,4
39708020982685,11:01:48.020,141.9900,100
39709140131841,11:01:49.140,141.8250,100
39819857512997,11:03:39.857,141.8400,100
39841184970208,11:04:01.184,141.8300,2
39921401543920,11:05:21.401,141.8250,2
39953210485596,11:05:53.210,141.8250,2
39978392749142,11:06:18.392,141.8750,94
39993044799999,11:06:33.044,141.8100,1
39993044799999,11:06:33.044,141.8100,24
39995551450864,11:06:35.551,141.8000,100
39995551450864,11:06:35.551,141.8000,17
39995551450864,11:06:35.551,141.8000,83
39995551477569,11:06:35.551,141.8000,17
40007769691693,11:06:47.769,141.7000,1
40007770434854,11:06:47.770,141.6700,100
40017108149063,11:06:57.108,141.6700,5
40096258330908,11:08:16.258,141.5500,20
40137278461954,11:08:57.278,141.5500,15
40226089565648,11:10:26.089,141.7400,9
40226089565648,11:10:26.089,141.7400,6
40226089629383,11:10:26.089,141.7900,30
40226089644387,11:10:26.089,141.7900,70
40226090941945,11:10:26.090,141.8000,100
40330527149430,11:12:10.527,141.7900,8
40375531540399,11:12:55.531,141.7900,4
40389095524509,11:13:09.095,141.8800,15
40389095524509,11:13:09.095,141.8800,100
40389095524509,11:13:09.095,141.8800,5
40389095524509,11:13:09.095,141.8800,100
40389096834073,11:13:09.096,141.8900,100
40389096858660,11:13:09.096,141.8900,100
40443707914459,11:14:03.707,141.8500,18
40495704245669,11:14:55.704,141.8650,4
40511995317743,11:15:11.995,141.8600,19
40535490463061,11:15:35.490,141.8550,28
40556003461377,11:15:56.003,141.8550,3
40561279814940,11:16:01.279,141.8550,2
40569502129100,11:16:09.502,141.8500,14
40583719099963,11:16:23.719,141.8500,1
40615322468372,11:16:55.322,141.8500,8
40623760837580,11:17:03.760,141.8500,19
40659123393978,11:17:39.123,141.8500,1
40659123393978,11:17:39.123,141.8500,16
40675051478585,11:17:55.051,141.8600,2
40699503813591,11:18:19.503,141.8600,27
40699520399370,11:18:19.520,141.8500,27
40699520399370,11:18:19.520,141.7600,100
40699520399370,11:18:19.520,141.7600,1
40699520399370,11:18:19.520,141.7600,72
40699520450017,11:18:19.520,141.7600,28
40699520450017,11:18:19.520,141.7600,5
40699520530368,11:18:19.520,141.7600,33
40699520530368,11:18:19.520,141.7700,67
40699521094797,11:18:19.521,141.7600,10
40699521094797,11:18:19.521,141.7600,10
40702485915684,11:18:22.485,141.7700,100
40702485958022,11:18:22.485,141.7700,47
40702485979844,11:18:22.485,141.7700,20
40765101081232,11:19:25.101,141.7550,1
40765101578734,11:19:25.101,141.7500,1
40765101583953,11:19:25.101,141.7500,98
40765101602858,11:19:25.101,141.6700,1
40787088181592,11:19:47.088,141.6700,98
40803519299662,11:20:03.519,141.4800,63
40803519299662,11:20:03.519,141.4800,50
40803519299662,11:20:03.519,141.4800,100
40803519299662,11:20:03.519,141.4700,100
40803519299662,11:20:03.519,141.4600,100
40803519299662,11:20:03.519,141.4600,87
40830726120071,11:20:30.726,141.6300,1
40833833932907,11:20:33.833,141.6350,10
40833833932907,11:20:33.833,141.5000,43
40879048240821,11:21:19.048,141.5200,50
40879048240821,11:21:19.048,141.4600,50
40921302428709,11:22:01.302,141.5800,7
40943893106186,11:22:23.893,141.7200,5
40943895424525,11:22:23.895,141.6900,93
40943895424525,11:22:23.895,141.6100,7
40943895534585,11:22:23.895,141.6100,93
40945929078686,11:22:25.929,141.7000,6
40945929078686,11:22:25.929,141.7000,94
40945929819555,11:22:25.929,141.7100,30
41016620200424,11:23:36.620,141.6750,3
41016620243512,11:23:36.620,141.6750,1
41017724005246,11:23:37.724,141.6900,1
41028208330168,11:23:48.208,141.7700,100
41028208330168,11:23:48.208,141.7700,100
41101220930925,11:25:01.220,141.7700,1
41101220956930,11:25:01.220,141.7700,52
41101220972088,11:25:01.220,141.7700,47
41101220972088,11:25:01.220,141.7700,5
41101221071583,11:25:01.221,141.7750,96
41101221071583,11:25:01.221,141.7700,4
41101221097734,11:25:01.221,141.7700,48
41101221488160,11:25:01.221,141.7900,100
41101222239170,11:25:01.222,141.8100,100
41102931121516,11:25:02.931,141.7600,99
41102931200359,11:25:02.931,141.7600,1
41102931200359,11:25:02.931,141.7600,1
41102931200359,11:25:02.931,141.7600,100
41102931200359,11:25:02.931,141.7600,100
41104182178905,11:25:04.182,141.6100,70
41124059777291,11:25:24.059,141.7700,1
41124061094995,11:25:24.061,141.7700,22
41171199928146,11:26:11.199,141.6700,70
41171200020130,11:26:11.200,141.6700,30
41171200020130,11:26:11.200,141.5900,70
41171200045779,11:26:11.200,141.5900,30
41193712710116,11:26:33.712,141.5800,100
41194399079960,11:26:34.399,141.5700,57
41194399079960,11:26:34.399,141.5700,43
41194399105984,11:26:34.399,141.5700,57
41194399105984,11:26:34.399,141.5700,1
41197831525584,11:26:37.831,141.7300,5
41197831525584,11:26:37.831,141.7400,95
41197951674921,11:26:37.951,141.7400,100
41198600945142,11:26:38.600,141.7500,100
41209350993060,11:26:49.350,141.5500,100
41255930851046,11:27:35.930,141.5900,12
41255931162095,11:27:35.931,141.5900,88
41366140494293,11:29:26.140,141.7100,50
41366140494293,11:29:26.140,141.7200,32
41366144462623,11:29:26.144,141.7400,22
41376722004127,11:29:36.722,141.7000,100
41376722004127,11:29:36.722,141.7100,100
41376815532466,11:29:36.815,141.7100,100
41376815532466,11:29:36.815,141.7100,5
41376816688678,11:29:36.816,141.7200,1
41376817027353,11:29:36.817,141.7400,78
41376819098298,11:29:36.819,141.7500,100
41377722867449,11:29:37.722,141.7000,1
41459740361918,11:30:59.740,141.5500,20
41459740361918,11:30:59.740,141.5500,1
41459751773198,11:30:59.751,141.5400,51
41465307700579,11:31:05.307,141.7300,100
41465307700579,11:31:05.307,141.7300,5
41500895127488,11:31:40.895,141.8200,1
41508828344429,11:31:48.828,141.7000,1
41508828344429,11:31:48.828,141.7000,99
41534035131470,11:32:14.035,141.6900,100
41534035131470,11:32:14.035,141.6900,100
41534035131470,11:32:14.035,141.6900,100
41534035131470,11:32:14.035,141.6900,100
41534035682848,11:32:14.035,141.6100,30
41534039394580,11:32:14.039,141.6100,1
41641269676226,11:34:01.269,141.6100,6
41657639635497,11:34:17.639,141.6900,100
41657639635497,11:34:17.639,141.6900,1
41657639635497,11:34:17.639,141.6900,100
41657639635497,11:34:17.639,141.6900,2
41657639635497,11:34:17.639,141.6900,6
41657639730627,11:34:17.639,141.6900,100
41657639909643,11:34:17.639,141.7000,100
41657639990373,11:34:17.639,141.7400,100
41716442475503,11:35:16.442,141.8000,94
41855403746232,11:37:35.403,141.6800,100
41855403818698,11:37:35.403,141.5600,100
41855404404372,11:37:35.404,141.5600,100
41855404486927,11:37:35.404,141.5600,1
41855404706913,11:37:35.404,141.5600,1
41855404718360,11:37:35.404,141.5600,1
41855405031550,11:37:35.405,141.5600,98
41855405301125,11:37:35.405,141.5000,5
41881344640583,11:38:01.344,141.5200,5
41881751560312,11:38:01.751,141.5200,95
41924721985884,11:38:44.721,141.5400,1
41967113605619,11:39:27.113,141.6100,4
41967614142714,11:39:27.614,141.6300,80
41967614142714,11:39:27.614,141.6400,4
41967614142714,11:39:27.614,141.6400,20
42081117310638,11:41:21.117,141.6600,100
42081117310638,11:41:21.117,141.6600,4
42081117656189,11:41:21.117,141.6800,1
42081752272365,11:41:21.752,141.6100,1
42083680745606,11:41:23.680,141.6000,1
42120100900918,11:42:00.100,141.6600,10
42120100900918,11:42:00.100,141.6600,86
42120100932335,11:42:00.100,141.6600,14
42120100932335,11:42:00.100,141.6600,100
42120100932335,11:42:00.100,141.6600,58
42120100958544,11:42:00.100,141.6600,42
42120100963613,11:42:00.100,141.6600,9
42120101000107,11:42:00.101,141.6600,310
42120101000693,11:42:00.101,141.6600,42
42120101284032,11:42:00.101,141.6600,39
42120101284032,11:42:00.101,141.6800,26
42120105869251,11:42:00.105,141.6700,100
42125872328596,11:42:05.872,141.6700,1
42196130428799,11:43:16.130,141.7500,1
42196130613270,11:43:16.130,141.7500,99
42196130613270,11:43:16.130,141.7500,4
42196130613270,11:43:16.130,141.7500,1
42198636302511,11:43:18.636,141.7500,1
42198636739419,11:43:18.636,141.7200,100
42281263907537,11:44:41.263,141.7100,500
42281263950475,11:44:41.263,141.7000,25
42323534002420,11:45:23.534,141.7600,12
42358629370814,11:45:58.629,141.7900,88
42358629370814,11:45:58.629,141.8000,3
42358629370814,11:45:58.629,141.8000,12
42358629454732,11:45:58.629,141.8000,88
42358629585007,11:45:58.629,141.8400,15
42359389792072,11:45:59.389,141.7100,31
42360021482578,11:46:00.021,141.6900,1
42360021482578,11:46:00.021,141.6900,99
42360021517779,11:46:00.021,141.6900,1
42360021538898,11:46:00.021,141.7000,100
42360021634766,11:46:00.021,141.6900,1
42360021678761,11:46:00.021,141.7000,1
42360021707572,11:46:00.021,141.7000,99
42409633855492,11:46:49.633,141.8000,8
42453835278874,11:47:33.835,141.7400,2
42455504556064,11:47:35.504,141.8800,50
42455504556064,11:47:35.504,141.8900,50
42455611107214,11:47:35.611,141.7600,1
42457501427565,11:47:37.501,141.7700,3
42458733555102,11:47:38.733,141.8900,70
42461175956162,11:47:41.175,141.8900,30
42461175956162,11:47:41.175,141.8900,70
42461266894164,11:47:41.266,141.8000,1
42462600142994,11:47:42.600,141.8000,100
42462600306931,11:47:42.600,141.7800,100
42470859637085,11:47:50.859,141.7500,4
42472502624391,11:47:52.502,141.7700,1
42475497655840,11:47:55.497,141.9100,100
42475497682247,11:47:55.497,141.9100,200
42475497682247,11:47:55.497,141.9100,4
42475497730591,11:47:55.497,141.9100,4
42475497769988,11:47:55.497,141.9100,204
42475497799292,11:47:55.497,141.9100,96
42475497799292,11:47:55.497,141.9100,204
42475497840587,11:47:55.497,141.9100,100
42475951108528,11:47:55.951,141.8000,11
42477499580471,11:47:57.499,141.8000,1
42477499610744,11:47:57.499,141.7900,200
42477499610744,11:47:57.499,141.7900,100
42477500239085,11:47:57.500,141.7800,100
42477500239085,11:47:57.500,141.7700,147
42477500487496,11:47:57.500,141.7700,37
42477501247981,11:47:57.501,141.7700,17
42477501930744,11:47:57.501,141.7700,5
42487937697065,11:48:07.937,141.7700,100
42487937786495,11:48:07.937,141.7600,100
42490467875726,11:48:10.467,141.7400,8
42490467901786,11:48:10.467,141.7400,92
42494066070931,11:48:14.066,141.8000,100
42515458740723,11:48:35.458,141.8000,4
42515458740723,11:48:35.458,141.8000,96
42526025164946,11:48:46.025,141.6100,5
42552515026287,11:49:12.515,141.6100,4
42552515054827,11:49:12.515,141.6100,96
42552882282985,11:49:12.882,141.6000,9
42552882307300,11:49:12.882,141.6000,91
42555212698242,11:49:15.212,141.6600,50
42555212698242,11:49:15.212,141.6800,50
42556434750465,11:49:16.434,141.6300,8
42556434777208,11:49:16.434,141.6300,92
42578957597759,11:49:38.957,141.6200,1
42578957622400,11:49:38.957,141.6200,99
42591432831195,11:49:51.432,141.6700,50
42591432831195,11:49:51.432,141.6900,50
42592503041489,11:49:52.503,141.6700,50
42592503041489,11:49:52.503,141.6900,50
42594783395838,11:49:54.783,141.6600,100
42596985610902,11:49:56.985,141.6500,4
42596985622150,11:49:56.985,141.6500,96
42596985622150,11:49:56.985,141.6500,4
42596985635810,11:49:56.985,141.6500,96
42605604849788,11:50:05.604,141.6900,10
42605604849788,11:50:05.604,141.6900,4
42630684578430,11:50:30.684,141.6500,154
42630684608553,11:50:30.684,141.6500,146
42630684648521,11:50:30.684,141.6500,175
42630684663421,11:50:30.684,141.6500,9
42630684958810,11:50:30.684,141.6500,291
42641439072705,11:50:41.439,141.6300,100
42642806961752,11:50:42.806,141.5700,99
42642806985862,11:50:42.806,141.5700,1
42642806994063,11:50:42.806,141.5700,1
42642807004041,11:50:42.807,141.5700,1
42643013846681,11:50:43.013,141.5900,50
42643013846681,11:50:43.013,141.6000,50
42656870919589,11:50:56.870,141.5900,49
42656870919589,11:50:56.870,141.5900,51
42656871024452,11:50:56.871,141.5900,100
42656871024452,11:50:56.871,141.6000,49
42656871050095,11:50:56.871,141.6000,51
42656871050095,11:50:56.871,141.6000,49
42667866607484,11:51:07.866,141.5900,100
42668901039241,11:51:08.901,141.5900,100
42670116316018,11:51:10.116,141.6000,100
42670116387970,11:51:10.116,141.6000,99
42685426997127,11:51:25.426,141.5600,100
42685426997127,11:51:25.426,141.5600,100
42685847698593,11:51:25.847,141.5500,5
42690512467039,11:51:30.512,141.5500,100
42705291805695,11:51:45.291,141.4600,99
42710364529044,11:51:50.364,141.4700,18
42710364555223,11:51:50.364,141.4700,82
42718699709567,11:51:58.699,141.5000,100
42718706174872,11:51:58.706,141.5500,100
42748118825488,11:52:28.118,141.4500,100
42759494440770,11:52:39.494,141.4500,12
42781021858678,11:53:01.021,141.4400,49
42781021858678,11:53:01.021,141.4300,251
42781021918203,11:53:01.021,141.4300,49
42781021919669,11:53:01.021,141.4300,49
42781022301738,11:53:01.022,141.4300,49
42790650797728,11:53:10.650,141.4800,20
42790650797728,11:53:10.650,141.4800,10
42790650797728,11:53:10.650,141.4800,3
42804394086406,11:53:24.394,141.5000,100
42804418936424,11:53:24.418,141.5000,10
42833724507236,11:53:53.724,141.4900,100
42841466929278,11:54:01.466,141.4500,100
42860723144024,11:54:20.723,141.4600,1
42860723144024,11:54:20.723,141.4200,90
42860723227150,11:54:20.723,141.4200,10
42901550463281,11:55:01.550,141.4000,100
42903673908221,11:55:03.673,141.4000,100
42912474756034,11:55:12.474,141.3900,200
42912474793956,11:55:12.474,141.3800,1
42976095548376,11:56:16.095,141.3700,100
42976096006973,11:56:16.096,141.3900,100
42976096006973,11:56:16.096,141.3900,100
42976096006973,11:56:16.096,141.3900,98
42977400952274,11:56:17.400,141.4000,100
42977400982083,11:56:17.400,141.4100,100
43027615516536,11:57:07.615,141.3200,100
43029936743976,11:57:09.936,141.3700,100
43053057284282,11:57:33.057,141.3000,100
43053057310698,11:57:33.057,141.3000,500
43053057310698,11:57:33.057,141.3000,100
43053057319238,11:57:33.057,141.3000,600
43053057341405,11:57:33.057,141.3000,100
43053057799111,11:57:33.057,141.3000,90
43054058845701,11:57:34.058,141.3000,100
43054058896455,11:57:34.058,141.3000,100
43054059167671,11:57:34.059,141.3000,48
43070648973779,11:57:50.648,141.3700,2
43070648973779,11:57:50.648,141.3800,1
43070649036281,11:57:50.649,141.4000,97
43070649624228,11:57:50.649,141.4300,100
43070649800796,11:57:50.649,141.4300,100
43070649809122,11:57:50.649,141.4400,100
43071019136824,11:57:51.019,141.4700,1
43071019575285,11:57:51.019,141.4700,10
43071019575285,11:57:51.019,141.4700,10
43071019600918,11:57:51.019,141.4900,100
43071520745754,11:57:51.520,141.5000,80
43071520791239,11:57:51.520,141.5100,100
43074647481580,11:57:54.647,141.4800,100
43074648139570,11:57:54.648,141.4700,99
43074648165042,11:57:54.648,141.4700,1
43076462963397,11:57:56.462,141.4500,100
43077387529561,11:57:57.387,141.4200,100
43077387887950,11:57:57.387,141.4200,100
43135700977212,11:58:55.700,141.3600,85
43159085811902,11:59:19.085,141.4800,3
43159085811902,11:59:19.085,141.4800,100
43159085811902,11:59:19.085,141.4800,100
43159088306005,11:59:19.088,141.5300,100
43187039325475,11:59:47.039,141.5000,100
43187039355180,11:59:47.039,141.5000,40
43226316931688,12:00:26.316,141.5200,1
43233842469821,12:00:33.842,141.4500,1
43233842942356,12:00:33.842,141.4100,100
43233842967304,12:00:33.842,141.4100,100
43233842970244,12:00:33.842,141.4100,100
43234460828884,12:00:34.460,141.3750,5
43286329587021,12:01:26.329,141.5000,3
43286371423944,12:01:26.371,141.5100,3
43290619977468,12:01:30.619,141.5000,1
43356670835117,12:02:36.670,141.5900,100
43356670835117,12:02:36.670,141.5900,100
43356670835117,12:02:36.670,141.5900,100
43356670835117,12:02:36.670,141.5900,100
43356670835117,12:02:36.670,141.5900,3
43362512491456,12:02:42.512,141.6800,1
43377517011627,12:02:57.517,141.6800,1
43378972373909,12:02:58.972,141.7300,1
43382507504413,12:03:02.507,141.6900,5
43382507537262,12:03:02.507,141.6900,25
43388240947935,12:03:08.240,141.7800,2
43388240980598,12:03:08.240,141.7800,98
43388243749282,12:03:08.243,141.8600,7
43388243992575,12:03:08.243,141.8600,7
43388253330045,12:03:08.253,141.8600,30
43471070016563,12:04:31.070,141.7600,1
43492301235512,12:04:52.301,141.8400,200
43492301235512,12:04:52.301,141.8400,9
43492301395467,12:04:52.301,141.8400,200
43492301744749,12:04:52.301,141.8400,100
43492301768784,12:04:52.301,141.8400,100
43492301925129,12:04:52.301,141.8400,100
43492402781366,12:04:52.402,141.8400,37
43492508362422,12:04:52.508,141.7900,17
43492508392159,12:04:52.508,141.7900,69
43509768022023,12:05:09.768,141.6600,1
43516229092569,12:05:16.229,141.7900,17
43539409842526,12:05:39.409,141.7250,6
43552263328985,12:05:52.263,141.7250,20
43560052234423,12:06:00.052,141.7250,1
43561262542947,12:06:01.262,141.7250,4
43562610474532,12:06:02.610,141.7800,100
43562611444214,12:06:02.611,141.7900,89
43562611553636,12:06:02.611,141.7900,11
43562612352828,12:06:02.612,141.7900,100
43562612376715,12:06:02.612,141.7900,69
43562612376715,12:06:02.612,141.7300,31
43564424066338,12:06:04.424,141.7200,17
43564424096732,12:06:04.424,141.7200,3
43573262041707,12:06:13.262,141.7900,1
43573262595882,12:06:13.262,141.7900,1
43573263752031,12:06:13.263,141.7900,1
43573263752031,12:06:13.263,141.7900,98
43599940692883,12:06:39.940,141.6800,2
43606233888656,12:06:46.233,141.7900,2
43606233888656,12:06:46.233,141.7900,3
43606264062887,12:06:46.264,141.7900,1
43607377748615,12:06:47.377,141.6900,2
43652534178556,12:07:32.534,141.7600,1
43744395461693,12:09:04.395,141.8700,100
43744395468577,12:09:04.395,141.8700,4
43747512305285,12:09:07.512,141.8900,1
43776799987632,12:09:36.799,141.8800,50
43809743495685,12:10:09.743,141.9200,1
43809744711147,12:10:09.744,141.9300,5
43809775343957,12:10:09.775,141.9400,10
43809891961300,12:10:09.891,141.9500,5
43809966555799,12:10:09.966,141.9600,10
43816762187457,12:10:16.762,141.9700,5
43816762187457,12:10:16.762,141.9700,1
43816762187457,12:10:16.762,141.9700,94
43816762216303,12:10:16.762,141.9700,6
43816762216303,12:10:16.762,141.9700,100
43816762216303,12:10:16.762,141.9700,4
43822878444773,12:10:22.878,141.9400,1
43822878444773,12:10:22.878,141.9400,49
43858602416887,12:10:58.602,141.9700,10
43860192112556,12:11:00.192,141.9900,2
43860192583946,12:11:00.192,142.0000,300
43860192583946,12:11:00.192,142.0000,130
43860192583946,12:11:00.192,142.0000,21
43860192611854,12:11:00.192,142.0000,29
43860193194325,12:11:00.193,142.0000,10
43860197723915,12:11:00.197,142.0100,2
43860197723915,12:11:00.197,142.0100,2
43860197723915,12:11:00.197,142.0100,8
43860197809016,12:11:00.197,142.0200,2
43860204843946,12:11:00.204,142.0300,5
43860204843946,12:11:00.204,142.0400,5
43860751900714,12:11:00.751,142.0500,5
43861752873356,12:11:01.752,142.0600,2
43861754202792,12:11:01.754,142.0800,1
43861754202792,12:11:01.754,142.0900,5
43861754202792,12:11:01.754,142.1000,2
43861755487697,12:11:01.755,142.1100,5
43861810409100,12:11:01.810,142.1100,7
43861811897566,12:11:01.811,142.1400,5
43861813753910,12:11:01.813,142.1700,2
43861813753910,12:11:01.813,142.1700,14
43861813779991,12:11:01.813,142.1700,4
43862752024809,12:11:02.752,142.1800,1
43863093149567,12:11:03.093,142.1000,100
43863093180513,12:11:03.093,142.1000,1
43863093241684,12:11:03.093,142.0900,100
43890205821197,12:11:30.205,142.0200,100
43930252470038,12:12:10.252,142.0400,5
43930253990970,12:12:10.253,142.0400,95
43930253990970,12:12:10.253,142.0400,4
43962126370440,12:12:42.126,141.9950,100
43962126370440,12:12:42.126,141.9500,481
43962126399336,12:12:42.126,141.9500,19
43962126399336,12:12:42.126,141.9500,9
43962126399336,12:12:42.126,141.9500,40
43962126399336,12:12:42.126,141.9500,32
43980448669678,12:13:00.448,141.8700,100
44099670029080,12:14:59.670,141.9400,100
44099670029080,12:14:59.670,141.9400,87
44099670029080,12:14:59.670,141.9400,40
44099670029080,12:14:59.670,141.9400,3
44107502379537,12:15:07.502,141.9900,100
44107502379537,12:15:07.502,142.0000,100
44107502379537,12:15:07.502,142.0000,100
44107502406878,12:15:07.502,142.0000,100
44107513299513,12:15:07.513,142.0000,1
44107721740439,12:15:07.721,142.0200,1
44107722017836,12:15:07.722,142.0200,100
44176862086429,12:16:16.862,141.8800,2
44198661026833,12:16:38.661,141.9400,1
44198661026833,12:16:38.661,141.9400,4
44209610613987,12:16:49.610,142.0100,64
44209610615266,12:16:49.610,142.0100,36
44209610710202,12:16:49.610,142.0200,4
44261449797545,12:17:41.449,141.9850,3
44262515361262,12:17:42.515,141.9950,2
44264973963574,12:17:44.973,142.0000,1
44264973963574,12:17:44.973,142.0000,1
44291464150107,12:18:11.464,142.0900,12
44291464150107,12:18:11.464,142.0900,88
44291464177798,12:18:11.464,142.0900,12
44291464177798,12:18:11.464,142.0900,4
44291729399791,12:18:11.729,142.1400,139
44291729425511,12:18:11.729,142.1400,17
44291729488623,12:18:11.729,142.1500,200
44291729488623,12:18:11.729,142.1500,5
44291729488623,12:18:11.729,142.1500,100
44291729519250,12:18:11.729,142.1700,5
44291731183926,12:18:11.731,142.1800,5
44292579495847,12:18:12.579,142.1450,3
44293487518701,12:18:13.487,142.1450,3
44293729118613,12:18:13.729,142.1550,1
44293729120070,12:18:13.729,142.1550,78
44293729120070,12:18:13.729,142.1500,1
44293729120070,12:18:13.729,142.1500,2
44357368832880,12:19:17.368,142.1900,10
44357368832880,12:19:17.368,142.1900,100
44357369070317,12:19:17.369,142.2000,5
44364106210695,12:19:24.106,142.1750,1
44382514074688,12:19:42.514,142.1050,1
44402515573604,12:20:02.515,142.0900,1
44407512866162,12:20:07.512,142.0950,1
44412515720786,12:20:12.515,142.1000,1
44420629657598,12:20:20.629,142.0950,1
44425249575228,12:20:25.249,142.0950,1
44431387462515,12:20:31.387,142.0950,1
44437511862242,12:20:37.511,142.0950,1
44446242692083,12:20:46.242,142.0950,1
44450878474288,12:20:50.878,142.0950,1
44456294205016,12:20:56.294,142.0950,1
44472519404093,12:21:12.519,142.0950,4
44479956926192,12:21:19.956,142.1900,1
44479956955103,12:21:19.956,142.1900,99
44479956955103,12:21:19.956,142.1900,10
44479957834849,12:21:19.957,142.2000,1
44479957860677,12:21:19.957,142.2000,99
44479958230408,12:21:19.958,142.2000,1
44479958230408,12:21:19.958,142.2100,4
44479958230408,12:21:19.958,142.2200,2
44479958372759,12:21:19.958,142.2200,3
44479958372759,12:21:19.958,142.2200,1
44479958372759,12:21:19.958,142.2200,3
44479962267112,12:21:19.962,142.2200,97
44482514778221,12:21:22.514,142.1700,1
44482514778221,12:21:22.514,142.1700,1
44484441849651,12:21:24.441,142.1700,3
44484441849651,12:21:24.441,142.1700,1
44484441849651,12:21:24.441,142.1700,84
44484442104894,12:21:24.442,142.1100,100
44541402541852,12:22:21.402,142.2200,100
44541402541852,12:22:21.402,142.2200,1
44541402541852,12:22:21.402,142.2200,1
44541402541852,12:22:21.402,142.2200,21
44541402570840,12:22:21.402,142.2200,79
44541402570840,12:22:21.402,142.2200,4
44541402570840,12:22:21.402,142.2200,1
44541402603861,12:22:21.402,142.2300,5
44541402603861,12:22:21.402,142.2300,100
44541434270575,12:22:21.434,142.2500,3
44541434290812,12:22:21.434,142.2500,2
44541434614799,12:22:21.434,142.2800,100
44541434614799,12:22:21.434,142.2800,1
44549598411956,12:22:29.598,142.2100,1
44549599688303,12:22:29.599,142.2200,100
44549599802127,12:22:29.599,142.2200,100
44557515718259,12:22:37.515,142.1800,1
44559908769344,12:22:39.908,142.1800,98
44559908769344,12:22:39.908,142.1800,2
44559908799538,12:22:39.908,142.1800,14
44559909395842,12:22:39.909,142.1700,2
44559909397803,12:22:39.909,142.1700,98
44559909397803,12:22:39.909,142.1700,2
44559909718962,12:22:39.909,142.1700,4
44559909718962,12:22:39.909,142.1600,6
44584318367350,12:23:04.318,142.0300,1
44584321900133,12:23:04.321,142.0100,100
44584321900133,12:23:04.321,142.0000,59
44584321900133,12:23:04.321,142.0000,64
44584321900133,12:23:04.321,142.0000,77
44627517849999,12:23:47.517,141.9700,100
44627517887443,12:23:47.517,141.9600,10
44627518343120,12:23:47.518,141.9600,20
44634222049039,12:23:54.222,141.9200,2
44634222454633,12:23:54.222,141.9200,3
44640112984692,12:24:00.112,141.8500,1
44644231326594,12:24:04.231,141.9400,100
44644231326594,12:24:04.231,141.9400,50
44644231326594,12:24:04.231,141.9500,50
44644231448838,12:24:04.231,141.9500,50
44644231448838,12:24:04.231,141.9500,2
44644231448838,12:24:04.231,141.9500,2
44708869941044,12:25:08.869,141.8800,2
44743755247617,12:25:43.755,141.9000,1
44769870803376,12:26:09.870,141.8800,2
44824843622240,12:27:04.843,141.9100,100
44891870115657,12:28:11.870,141.7900,1
44922026534033,12:28:42.026,141.7850,70
44922036141240,12:28:42.036,141.7850,17
44924470533179,12:28:44.470,141.8800,21
44924472000330,12:28:44.472,141.9000,1
44924505103331,12:28:44.505,141.8300,13
44924505103331,12:28:44.505,141.7600,62
44925721323397,12:28:45.721,141.8300,1
44925721592744,12:28:45.721,141.8300,1
44938566214963,12:28:58.566,141.9100,13
44957190023417,12:29:17.190,141.8450,2
44957190065448,12:29:17.190,141.8450,2
44957871620436,12:29:17.871,141.8500,2
44980807617913,12:29:40.807,141.9200,100
44980807617913,12:29:40.807,141.9200,2
45010409743016,12:30:10.409,141.9300,100
45014486013315,12:30:14.486,141.9300,100
45014486108245,12:30:14.486,141.9300,3
45014486108245,12:30:14.486,141.9300,100
45014486108245,12:30:14.486,141.9300,100
45014486570586,12:30:14.486,141.9350,10
45014486659242,12:30:14.486,141.9300,50
45014487708539,12:30:14.487,141.9150,35
45014487708539,12:30:14.487,141.8800,2
45014487708539,12:30:14.487,141.8800,63
45014487752436,12:30:14.487,141.8800,37
45014487880430,12:30:14.487,141.8700,100
45057980360545,12:30:57.980,141.7000,5
45075871415871,12:31:15.871,141.8100,2
45108722468157,12:31:48.722,141.8100,1
45136269943398,12:32:16.269,141.7000,2
45136269943398,12:32:16.269,141.7000,4
45160111632991,12:32:40.111,141.6800,1
45200721971991,12:33:20.721,141.6900,1
45201062793318,12:33:21.062,141.6900,1
45258325176589,12:34:18.325,141.6200,1
45258325176589,12:34:18.325,141.5700,38
45258325176589,12:34:18.325,141.5000,1
45258325176589,12:34:18.325,141.5000,60
45258325197053,12:34:18.325,141.5000,40
45258325197053,12:34:18.325,141.4900,8
45290725508126,12:34:50.725,141.6400,1
45318133470653,12:35:18.133,141.6300,59
45318133606229,12:35:18.133,141.6300,41
45318133606229,12:35:18.133,141.6300,40
45337063343234,12:35:37.063,141.5500,36
45337063343234,12:35:37.063,141.5500,64
45372224802165,12:36:12.224,141.4300,2
45383132775501,12:36:23.132,141.4900,100
45391780299640,12:36:31.780,141.5300,14
45391805491390,12:36:31.805,141.5350,86
45428125563327,12:37:08.125,141.6100,10
45471721877240,12:37:51.721,141.5700,1
45471721877240,12:37:51.721,141.5700,100
45481632011257,12:38:01.632,141.5000,100
45481632011257,12:38:01.632,141.5000,35
45506752546649,12:38:26.752,141.5900,50
45506752546649,12:38:26.752,141.6100,50
45532307295503,12:38:52.307,141.6100,11
45537612661108,12:38:57.612,141.5600,1
45562497767844,12:39:22.497,141.5000,1
45571724473467,12:39:31.724,141.5300,1
45571872664341,12:39:31.872,141.5400,2
45590601185841,12:39:50.601,141.6000,13
45590602516553,12:39:50.602,141.6100,10
45590602516553,12:39:50.602,141.6100,3
45590602516553,12:39:50.602,141.6100,21
45600265014566,12:40:00.265,141.6500,100
45600265014566,12:40:00.265,141.6500,1
45631872132718,12:40:31.872,141.5550,2
45632872005192,12:40:32.872,141.5800,2
45656722238453,12:40:56.722,141.5900,1
45688872984054,12:41:28.872,141.5900,2
45690038211050,12:41:30.038,141.6500,100
45690038211050,12:41:30.038,141.6500,2
45690038211050,12:41:30.038,141.6500,1
45690038211050,12:41:30.038,141.6500,41
45690038387685,12:41:30.038,141.6600,100
45690222588971,12:41:30.222,141.6350,98
45690222588971,12:41:30.222,141.5700,2
45710310498239,12:41:50.310,141.6950,1
45710319243606,12:41:50.319,141.6600,99
45744721882099,12:42:24.721,141.6900,1
45745870795317,12:42:25.870,141.6600,1
45751921742678,12:42:31.921,141.7300,10
45751922198322,12:42:31.922,141.7000,20
45751925838570,12:42:31.925,141.7400,1
45751958211086,12:42:31.958,141.7500,1
45751958664301,12:42:31.958,141.6800,10
45767353595877,12:42:47.353,141.7400,5
45767357457561,12:42:47.357,141.7400,25
45784629256874,12:43:04.629,141.7500,3
45784629256874,12:43:04.629,141.7600,2
45784629256874,12:43:04.629,141.7600,18
45784629256874,12:43:04.629,141.7700,5
45784629256874,12:43:04.629,141.7800,1
45784629256874,12:43:04.629,141.7800,1
45784629256874,12:43:04.629,141.7900,100
45784629256874,12:43:04.629,141.7900,200
45784629256874,12:43:04.629,141.7900,3
45784629256874,12:43:04.629,141.7900,336
45784637417472,12:43:04.637,141.7100,100
45784637490974,12:43:04.637,141.8000,1
45806869505414,12:43:26.869,141.7900,2
45807870183543,12:43:27.870,141.7900,2
45808881532662,12:43:28.881,141.7900,2
45809898471591,12:43:29.898,141.7900,2
45810905271016,12:43:30.905,141.7900,2
45811914134238,12:43:31.914,141.7900,2
45812918384900,12:43:32.918,141.7900,2
45813928939087,12:43:33.928,141.7900,2
45814935058591,12:43:34.935,141.7900,2
45815945379465,12:43:35.945,141.7900,2
45816953198177,12:43:36.953,141.7900,2
45817960974670,12:43:37.960,141.7900,2
45818976636188,12:43:38.976,141.7900,2
45819979964858,12:43:39.979,141.7900,2
45820985095142,12:43:40.985,141.7900,2
45821989327371,12:43:41.989,141.7900,2
45822992253914,12:43:42.992,141.7900,2
45823996213862,12:43:43.996,141.7900,2
45825000219340,12:43:45.000,141.7900,2
45826000500195,12:43:46.000,141.7900,2
45827007885149,12:43:47.007,141.7900,2
45828020088721,12:43:48.020,141.7900,2
45829023523369,12:43:49.023,141.7900,2
45830024785422,12:43:50.024,141.7900,2
45831025473625,12:43:51.025,141.7900,2
45832028016133,12:43:52.028,141.7900,2
45833032992400,12:43:53.032,141.7900,2
45834039184215,12:43:54.039,141.7900,2
45834104395426,12:43:54.104,141.7900,1
45835107282906,12:43:55.107,141.7900,3
45835720708673,12:43:55.720,141.7900,1
45836722530137,12:43:56.722,141.7900,2
45837723131593,12:43:57.723,141.7900,2
45838724379654,12:43:58.724,141.7900,2
45839726655622,12:43:59.726,141.7900,2
45840727431847,12:44:00.727,141.7900,2
45841730142061,12:44:01.730,141.7900,2
45842732636033,12:44:02.732,141.7900,2
45843742220856,12:44:03.742,141.7900,2
45843998543868,12:44:03.998,141.7900,5
45844128369445,12:44:04.128,141.7900,1
45844721473552,12:44:04.721,141.7900,1
45845724326802,12:44:05.724,141.7900,2
45846725710289,12:44:06.725,141.7900,2
45847727365799,12:44:07.727,141.7900,2
45848728703583,12:44:08.728,141.7900,2
45849730782819,12:44:09.730,141.7900,2
45850738026413,12:44:10.738,141.7900,2
45851740052289,12:44:11.740,141.7900,2
45852742263736,12:44:12.742,141.7900,2
45852750042031,12:44:12.750,141.7900,100
45853742315461,12:44:13.742,141.7900,2
45864437676122,12:44:24.437,141.7900,2
45865453162804,12:44:25.453,141.7900,2
45866455416723,12:44:26.455,141.7900,2
45867455686474,12:44:27.455,141.7900,2
45867870221567,12:44:27.870,141.7900,2
45868871588065,12:44:28.871,141.7900,4
45869875078264,12:44:29.875,141.7900,4
45870877096673,12:44:30.877,141.7900,4
45871877180457,12:44:31.877,141.7900,4
45872877205501,12:44:32.877,141.7900,4
45873877731946,12:44:33.877,141.7900,4
45874144953637,12:44:34.144,141.7900,1
45875079750061,12:44:35.079,141.7900,1
45876082322357,12:44:36.082,141.7900,2
45879726078441,12:44:39.726,141.7900,3
45879726156474,12:44:39.726,141.7900,100
45879941972098,12:44:39.941,141.7900,1
45880145472406,12:44:40.145,141.7900,1
45881871182918,12:44:41.871,141.7900,1
45891517199108,12:44:51.517,141.7900,306
45891517313876,12:44:51.517,141.7900,4
45891517314657,12:44:51.517,141.7900,4
45891517322811,12:44:51.517,141.7900,4
45891517352005,12:44:51.517,141.7900,4
45891517416193,12:44:51.517,141.7900,4
45891517464717,12:44:51.517,141.7900,100
45891517531394,12:44:51.517,141.7900,100
45891517636483,12:44:51.517,141.7900,100
45891517666468,12:44:51.517,141.7900,4
45891526767757,12:44:51.526,141.7900,100
45891533052749,12:44:51.533,141.7900,100
45891873769672,12:44:51.873,141.7900,2
45892145656230,12:44:52.145,141.7900,1
45892146697957,12:44:52.146,141.7900,1
45892279818886,12:44:52.279,141.7900,1
45892522563234,12:44:52.522,141.7900,3
45894519481314,12:44:54.519,141.7900,3
45894520548406,12:44:54.520,141.7900,3
45905767246432,12:45:05.767,141.8000,16
45933479028262,12:45:33.479,141.7900,100
45961268962300,12:46:01.268,141.7900,3
45992949623710,12:46:32.949,141.7900,1
46005663526910,12:46:45.663,141.8000,84
46005663526910,12:46:45.663,141.8000,100
46005663526910,12:46:45.663,141.8000,100
46005663526910,12:46:45.663,141.8000,3
46005663526910,12:46:45.663,141.8100,5
46005663526910,12:46:45.663,141.8200,5
46005663526910,12:46:45.663,141.8300,5
46005663991896,12:46:45.663,141.8400,5
46005663991896,12:46:45.663,141.8500,10
46005663991896,12:46:45.663,141.8500,100
46005663991896,12:46:45.663,141.8600,1
46005663991896,12:46:45.663,141.8600,1
46005663991896,12:46:45.663,141.8600,100
46005663991896,12:46:45.663,141.8600,100
46005664329595,12:46:45.664,141.8900,5
46005664996822,12:46:45.664,141.8900,1
46005664996822,12:46:45.664,141.8900,1
46005664996822,12:46:45.664,141.9000,1
46005664996822,12:46:45.664,141.9100,5
46005664996822,12:46:45.664,141.9100,100
46005664996822,12:46:45.664,141.9200,10
46005665025695,12:46:45.665,141.8900,41
46005665041119,12:46:45.665,141.8900,59
46005670321878,12:46:45.670,141.9300,5
46005670348557,12:46:45.670,141.9300,100
46005670778728,12:46:45.670,141.9400,100
46005671015404,12:46:45.671,141.9300,10
46005671015404,12:46:45.671,141.9300,10
46005694647294,12:46:45.694,141.9250,100
46005798130828,12:46:45.798,141.9150,100
46005798198653,12:46:45.798,141.8900,100
46005798203379,12:46:45.798,141.8900,100
46005798322636,12:46:45.798,141.8800,36
46005798322636,12:46:45.798,141.8800,64
46006013159953,12:46:46.013,141.9100,1
46048011697607,12:47:28.011,141.8600,2
46075889931522,12:47:55.889,141.7900,100
46075898605968,12:47:55.898,141.7900,100
46075907736058,12:47:55.907,141.7900,33
46085805963304,12:48:05.805,141.7900,201
46085806268224,12:48:05.806,141.7900,201
46085806271387,12:48:05.806,141.7900,70
46085806770456,12:48:05.806,141.7900,48
46201438320088,12:50:01.438,141.8550,4
46220930491127,12:50:20.930,141.9300,4
46220930491127,12:50:20.930,141.9400,100
46220930887446,12:50:20.930,141.9500,5
46220930887446,12:50:20.930,141.9500,100
46220930887446,12:50:20.930,141.9500,100
46220931908989,12:50:20.931,141.9500,10
46220931908989,12:50:20.931,141.9600,2
46220931908989,12:50:20.931,141.9600,8
46221574280177,12:50:21.574,141.9700,5
46221574280177,12:50:21.574,141.9700,95
46221574375767,12:50:21.574,141.9700,5
46221730272377,12:50:21.730,141.9550,1
46222096595763,12:50:22.096,141.9900,1
46222096595763,12:50:22.096,142.0000,5
46222523115669,12:50:22.523,142.0200,5
46222523115669,12:50:22.523,142.0400,2
46223143507461,12:50:23.143,142.0600,10
46223143507461,12:50:23.143,142.0700,5
46223143507461,12:50:23.143,142.0800,2
46223143507461,12:50:23.143,142.0900,5
46223143507461,12:50:23.143,142.1100,3
46223144364202,12:50:23.144,142.1100,7
46224723159722,12:50:24.723,142.0750,28
46224724497415,12:50:24.724,142.0700,1
46230014678325,12:50:30.014,142.0600,2
46247577417607,12:50:47.577,142.0450,54
46247577417607,12:50:47.577,141.9700,74
46247577444635,12:50:47.577,141.9700,26
46247577444635,12:50:47.577,141.9700,1
46247577444635,12:50:47.577,141.9700,27
46247583705392,12:50:47.583,142.0300,62
46349013786880,12:52:29.013,141.9900,2
46349448405827,12:52:29.448,141.9200,100
46392727423370,12:53:12.727,141.9600,1
46435595557596,12:53:55.595,142.0600,100
46436034726610,12:53:56.034,142.0600,5
46468013442423,12:54:28.013,142.0350,1
46468013473244,12:54:28.013,142.0350,1
46472327271238,12:54:32.327,142.0350,1
46475842923457,12:54:35.842,142.0350,21
46489577209210,12:54:49.577,142.0350,3
46495513934410,12:54:55.513,142.1000,83
46495514082615,12:54:55.514,142.1000,3
46516407833193,12:55:16.407,142.0350,2
46521881009398,12:55:21.881,142.0350,1
46521881392233,12:55:21.881,142.0350,1
46521881494433,12:55:21.881,142.0350,1
46521881604371,12:55:21.881,142.0350,1
46521881654378,12:55:21.881,142.0350,1
46521881708789,12:55:21.881,142.0350,1
46521881764806,12:55:21.881,142.0350,1
46521881853856,12:55:21.881,142.0350,1
46521882160987,12:55:21.882,142.0350,1
46521882311356,12:55:21.882,142.0350,1
46521882471504,12:55:21.882,142.0350,1
46521883122484,12:55:21.883,142.0350,1
46521883507777,12:55:21.883,142.0350,1
46521886503374,12:55:21.886,142.0350,1
46521895818792,12:55:21.895,142.0350,1
46523903345326,12:55:23.903,142.0350,5
46523905852029,12:55:23.905,142.0350,1
46525709342349,12:55:25.709,142.0350,5
46525999340154,12:55:25.999,142.0350,1
46527000173321,12:55:27.000,142.0350,1
46531030061592,12:55:31.030,142.0350,5
46531030100612,12:55:31.030,142.0350,2
46531030117154,12:55:31.030,142.0350,5
46531030687455,12:55:31.030,142.0350,5
46534118522428,12:55:34.118,142.0350,2
46534118538096,12:55:34.118,142.0350,2
46534246162947,12:55:34.246,142.0350,5
46534417721821,12:55:34.417,142.0350,2
46534419286948,12:55:34.419,142.0300,1
46534419286948,12:55:34.419,142.0300,1
46561234550755,12:56:01.234,142.0300,2
46563743480991,12:56:03.743,142.0300,1
46563744157946,12:56:03.744,142.0300,1
46563753562243,12:56:03.753,142.0300,39
46585956117871,12:56:25.956,142.0300,100
46588746319862,12:56:28.746,142.0300,1
46588746709213,12:56:28.746,142.0300,1
46588746719047,12:56:28.746,142.0300,1
46589017350435,12:56:29.017,142.0300,1
46593019134040,12:56:33.019,142.0300,2
46593781482809,12:56:33.781,142.0300,2
46594557892125,12:56:34.557,142.0300,2
46649530567377,12:57:29.530,142.0500,1
46667733079423,12:57:47.733,142.0700,1
46681426888676,12:58:01.426,142.0500,4
46726015535293,12:58:46.015,142.0700,1
46759005538183,12:59:19.005,142.0600,1
46759005639137,12:59:19.005,142.0300,20
46759006508446,12:59:19.006,142.0600,1
46770849213531,12:59:30.849,142.0500,2
46774391367713,12:59:34.391,142.0700,100
46774391464965,12:59:34.391,142.0400,10
46774391546966,12:59:34.391,142.0700,10
46800013120160,13:00:00.013,142.0300,100
46801298563704,13:00:01.298,142.0550,4
46830968728771,13:00:30.968,142.0900,100
46830968728771,13:00:30.968,142.1000,100
46830968728771,13:00:30.968,142.1100,100
46830968728771,13:00:30.968,142.1100,6
46830968728771,13:00:30.968,142.1100,84
46866820092285,13:01:06.820,142.0300,25
46867405897164,13:01:07.405,142.0300,3
46893719490605,13:01:33.719,142.0600,7
46900014191722,13:01:40.014,142.0600,2
46920006774819,13:02:00.006,142.0700,67
46943533313022,13:02:23.533,142.0350,20
46943533345111,13:02:23.533,142.0350,13
46943533345111,13:02:23.533,142.0300,7
46943533375153,13:02:23.533,142.0300,4
46943533399360,13:02:23.533,142.0300,9
46943533400752,13:02:23.533,142.0300,16
46957392335650,13:02:37.392,142.0400,1
46976042943144,13:02:56.042,142.0500,1
47010221415939,13:03:30.221,142.0800,5
47015090849625,13:03:35.090,142.0400,2
47015091808659,13:03:35.091,142.0350,30
47015091965531,13:03:35.091,142.0350,30
47015092030936,13:03:35.092,142.0300,2
47015111464054,13:03:35.111,142.0300,100
47041094101339,13:04:01.094,142.0300,145
47041094452078,13:04:01.094,142.0300,145
47041094458762,13:04:01.094,142.0300,70
47041094465916,13:04:01.094,142.0300,145
47041094472373,13:04:01.094,142.0300,100
47041094849313,13:04:01.094,142.0300,100
47041388166128,13:04:01.388,142.0300,5
47075639471966,13:04:35.639,142.0600,1
47075639471966,13:04:35.639,142.0600,6
47075639471966,13:04:35.639,142.0600,9
47075644530251,13:04:35.644,142.0700,1
47075644768949,13:04:35.644,142.0500,40
47075644768949,13:04:35.644,142.0300,60
47075644841650,13:04:35.644,142.0300,28
47075646076624,13:04:35.646,142.0200,28
47075647899503,13:04:35.647,142.0300,100
47105290333528,13:05:05.290,142.0700,1
47105290335272,13:05:05.290,142.0700,1
47105290431998,13:05:05.290,142.0700,1
47105290508168,13:05:05.290,142.0700,1
47105290527486,13:05:05.290,142.0700,1
47105290558502,13:05:05.290,142.0700,1
47105290589332,13:05:05.290,142.0700,94
47105290621702,13:05:05.290,142.0800,1
47110776500758,13:05:10.776,142.1100,16
47110776500758,13:05:10.776,142.1100,100
47110776500758,13:05:10.776,142.1100,1
47110776500758,13:05:10.776,142.1100,100
47110776578993,13:05:10.776,142.1200,100
47110776591345,13:05:10.776,142.1200,7
47110776604707,13:05:10.776,142.1200,93
47110776697601,13:05:10.776,142.1400,2
47110777206573,13:05:10.777,142.1500,4
47110779459999,13:05:10.779,142.1150,6
47110781566442,13:05:10.781,142.1000,94
47112085587997,13:05:12.085,142.1500,1
47112085587997,13:05:12.085,142.1500,5
47112085587997,13:05:12.085,142.1500,94
47112085615256,13:05:12.085,142.1500,6
47112721994564,13:05:12.721,142.1800,1
47112721994564,13:05:12.721,142.1800,99
47112722021562,13:05:12.722,142.1800,1
47120623081454,13:05:20.623,142.1900,2
47120623081454,13:05:20.623,142.1900,18
47120623081454,13:05:20.623,142.1900,100
47120623081454,13:05:20.623,142.1900,100
47120623081454,13:05:20.623,142.1900,80
47120623109815,13:05:20.623,142.1900,20
47120623200822,13:05:20.623,142.2000,2
47120623238454,13:05:20.623,142.2100,2
47120624045843,13:05:20.624,142.2200,2
47120624045843,13:05:20.624,142.2200,8
47122004006254,13:05:22.004,142.2400,100
47122723324309,13:05:22.723,142.2500,1
47122723349119,13:05:22.723,142.2500,4
47122723349119,13:05:22.723,142.2500,5
47128120366307,13:05:28.120,142.2800,10
47128120366307,13:05:28.120,142.2900,2
47128120366307,13:05:28.120,142.3100,5
47128120366307,13:05:28.120,142.3100,83
47132724928947,13:05:32.724,142.2600,1
47132724928947,13:05:32.724,142.2600,1
47134125450944,13:05:34.125,142.2200,100
47206350728813,13:06:46.350,142.1500,1
47206350728813,13:06:46.350,142.1500,1
47206351244221,13:06:46.351,142.1200,100
47210363763794,13:06:50.363,142.1800,100
47248012424178,13:07:28.012,142.1500,2
47248012424178,13:07:28.012,142.1500,2
47248780429351,13:07:28.780,142.1100,100
47326016267748,13:08:46.016,142.1300,2
47359292370976,13:09:19.292,142.1800,100
47359292397568,13:09:19.292,142.1800,6
47359292397568,13:09:19.292,142.1800,2
47359292848258,13:09:19.292,142.1900,1
47359292848258,13:09:19.292,142.1900,100
47359292848258,13:09:19.292,142.1900,100
47359292848258,13:09:19.292,142.1900,100
47359293475712,13:09:19.293,142.2400,53
47359294105376,13:09:19.294,142.1800,2
47359294130143,13:09:19.294,142.1800,98
47359294153056,13:09:19.294,142.2400,30
47359294644107,13:09:19.294,142.2400,17
47360250017577,13:09:20.250,142.1700,100
47408923053173,13:10:08.923,142.1000,5
47430012503450,13:10:30.012,142.1100,1
47476732958081,13:11:16.732,142.1400,1
47480250920109,13:11:20.250,142.1400,100
47494012703256,13:11:34.012,142.1200,2
47543986270811,13:12:23.986,142.0800,100
47544272408668,13:12:24.272,142.0800,100
47544779467417,13:12:24.779,142.1200,31
47544780951219,13:12:24.780,142.0800,600
47544781566872,13:12:24.781,142.0800,500
47548017998189,13:12:28.017,142.0800,100
47548018057775,13:12:28.018,142.0800,1
47548018181217,13:12:28.018,142.0800,100
47548018497787,13:12:28.018,142.0800,1
47548018499371,13:12:28.018,142.0800,1
47571582580845,13:12:51.582,142.1400,100
47571583222895,13:12:51.583,142.0900,1
47571583222895,13:12:51.583,142.0900,1
47571583322166,13:12:51.583,142.0800,100
47571877509904,13:12:51.877,142.0800,100
47597910838576,13:13:17.910,142.0800,1
47608017136794,13:13:28.017,142.0800,2
47608017138756,13:13:28.017,142.0800,2
47608017211215,13:13:28.017,142.0800,2
47608017568319,13:13:28.017,142.0800,2
47608018326384,13:13:28.018,142.0800,2
47609023477625,13:13:29.023,142.0800,2
47609023524858,13:13:29.023,142.0800,2
47610024242222,13:13:30.024,142.0800,2
47611019297990,13:13:31.019,142.0800,2
47620218775447,13:13:40.218,142.0800,2
47637491987391,13:13:57.491,142.0800,100
47641356322060,13:14:01.356,142.0800,6
47668147852240,13:14:28.147,142.0800,2
47668159411822,13:14:28.159,142.0800,2
47669149427039,13:14:29.149,142.0800,2
47670150652648,13:14:30.150,142.0800,2
47697211166439,13:14:57.211,142.0550,1
47705022823162,13:15:05.022,142.0450,9
47705036283670,13:15:05.036,142.0500,90
47757040367674,13:15:57.040,142.0500,1
47757269474666,13:15:57.269,142.0300,100
47757269474666,13:15:57.269,142.0200,100
47788014233762,13:16:28.014,142.0200,2
47860392042647,13:17:40.392,142.0100,1
47860392042647,13:17:40.392,142.0100,1
47860392042647,13:17:40.392,142.0100,1
47928720206806,13:18:48.720,142.0100,2
47937085258196,13:18:57.085,142.0100,1
47951964182593,13:19:11.964,141.9500,3
47951964208008,13:19:11.964,141.9500,37
47952001913151,13:19:12.001,141.9400,3
47952001937889,13:19:12.001,141.9400,97
47952001937889,13:19:12.001,141.9400,1
47952002020306,13:19:12.002,141.9300,20
47952002049600,13:19:12.002,141.9300,80
48020494318095,13:20:20.494,141.9600,1
48028320526779,13:20:28.320,141.9600,1
48028320526779,13:20:28.320,141.9600,1
48045752162331,13:20:45.752,141.9000,5
48045752409792,13:20:45.752,141.9000,95
48045752409792,13:20:45.752,141.9000,41
48045752473673,13:20:45.752,141.9000,59
48045752473673,13:20:45.752,141.9000,100
48045752473673,13:20:45.752,141.9000,2
48045753476521,13:20:45.753,141.9000,100
48045754386571,13:20:45.754,141.9000,49
48045860777883,13:20:45.860,141.8500,41
48090008782971,13:21:30.008,141.7300,1
48111742389411,13:21:51.742,141.7000,1
48111742389411,13:21:51.742,141.6500,5
48148012565663,13:22:28.012,141.6600,2
48237026543106,13:23:57.026,141.6400,1
48269449626784,13:24:29.449,141.7000,100
48270018133966,13:24:30.018,141.6700,2
48296494442256,13:24:56.494,141.7000,5
48302085707499,13:25:02.085,141.7000,1
48302085707499,13:25:02.085,141.7100,99
48302085791417,13:25:02.085,141.7100,1
48302086158469,13:25:02.086,141.7200,1
48302086158469,13:25:02.086,141.7200,99
48302086167613,13:25:02.086,141.7200,1
48302086193120,13:25:02.086,141.7000,7
48302086195830,13:25:02.086,141.7200,1
48302086197808,13:25:02.086,141.7200,5
48302086205340,13:25:02.086,141.7200,1
48302086214609,13:25:02.086,141.7200,74
48302086971708,13:25:02.086,141.7200,1
48302086971708,13:25:02.086,141.7200,1
48302140657584,13:25:02.140,141.6800,1
48302140657584,13:25:02.140,141.6800,1
48475725653640,13:27:55.725,141.7200,1
48475725653640,13:27:55.725,141.7200,100
48475725653640,13:27:55.725,141.7200,97
48475725682177,13:27:55.725,141.7200,3
48475725682177,13:27:55.725,141.7200,4
48475725682177,13:27:55.725,141.7200,87
48475725748532,13:27:55.725,141.7300,8
48475725993427,13:27:55.725,141.7300,1
48475726035832,13:27:55.726,141.7300,91
48475734813135,13:27:55.734,141.7300,32
48475734813135,13:27:55.734,141.7100,100
48487181315970,13:28:07.181,141.6850,100
48487181697546,13:28:07.181,141.6800,1
48561362058411,13:29:21.362,141.6900,5
48633146725092,13:30:33.146,141.7100,13
48633146725092,13:30:33.146,141.7100,87
48633175360216,13:30:33.175,141.7100,13
48633175360216,13:30:33.175,141.7200,4
48633175839659,13:30:33.175,141.7300,100
48644080925080,13:30:44.080,141.7300,100
48644080950736,13:30:44.080,141.7300,100
48644080950736,13:30:44.080,141.7300,1
48644081014070,13:30:44.081,141.7600,1
48740521207819,13:32:20.521,141.7300,5
48796281825682,13:33:16.281,141.7000,100
49015669987832,13:36:55.669,141.7600,1
49036027656260,13:37:16.027,141.7100,100
49081264213303,13:38:01.264,141.6800,2
49178007432330,13:39:38.007,141.6850,21
49232430648164,13:40:32.430,141.7400,1
49232430752724,13:40:32.430,141.7000,10
49232931107580,13:40:32.931,141.7200,100
49232931187520,13:40:32.931,141.7200,7
49232932415532,13:40:32.932,141.7200,3
49267938811760,13:41:07.938,141.7250,19
49271093403083,13:41:11.093,141.7500,7
49271093430290,13:41:11.093,141.7500,7
49293549724969,13:41:33.549,141.7400,5
49294536706509,13:41:34.536,141.7250,20
49315042645663,13:41:55.042,141.7250,1
49316942635990,13:41:56.942,141.7250,1
49321430917679,13:42:01.430,141.7250,2
49327064967931,13:42:07.064,141.7250,34
49354657256875,13:42:34.657,141.7250,25
49354657270997,13:42:34.657,141.7250,75
49354657270997,13:42:34.657,141.6900,20
49354657270997,13:42:34.657,141.6900,5
49354657270997,13:42:34.657,141.6800,75
49354657317643,13:42:34.657,141.6800,15
49354657322732,13:42:34.657,141.6800,10
49354657322732,13:42:34.657,141.6800,1
49354657322732,13:42:34.657,141.6800,100
49354657322732,13:42:34.657,141.6800,30
49354657322732,13:42:34.657,141.6800,59
49354657349281,13:42:34.657,141.6800,41
49354657349281,13:42:34.657,141.6800,99
49354661081853,13:42:34.661,141.6700,1
49375171737312,13:42:55.171,141.6700,4
49377168569336,13:42:57.168,141.6200,16
49422844937066,13:43:42.844,141.6200,3
49422844937066,13:43:42.844,141.6200,2
49422844937066,13:43:42.844,141.6200,100
49422845483165,13:43:42.845,141.6100,9
49422958393038,13:43:42.958,141.6700,100
49422958446543,13:43:42.958,141.6700,100
49422958464947,13:43:42.958,141.6700,2
49422958464947,13:43:42.958,141.6700,2
49422958467238,13:43:42.958,141.6700,98
49422958467238,13:43:42.958,141.6700,2
49422958468022,13:43:42.958,141.6700,3
49512364995800,13:45:12.364,141.5800,10
49512364995800,13:45:12.364,141.5600,36
49555286877209,13:45:55.286,141.5300,5
49557283234067,13:45:57.283,141.5300,5
49572853694318,13:46:12.853,141.6300,100
49572853694318,13:46:12.853,141.6300,5
49572853729764,13:46:12.853,141.6300,100
49572853768875,13:46:12.853,141.6400,100
49572854142091,13:46:12.854,141.6500,8
49572854167960,13:46:12.854,141.6500,92
49592047436153,13:46:32.047,141.6300,30
49594430149199,13:46:34.430,141.5200,100
49594431157305,13:46:34.431,141.5100,100
49594431188100,13:46:34.431,141.5100,5
49594431188100,13:46:34.431,141.5100,100
49594431515749,13:46:34.431,141.5000,30
49594431515749,13:46:34.431,141.5000,25
49594431525844,13:46:34.431,141.4600,95
49616759284130,13:46:56.759,141.5000,30
49796937912867,13:49:56.937,141.4300,1
49853799141508,13:50:53.799,141.4400,100
49853799296807,13:50:53.799,141.4400,3
49853799296807,13:50:53.799,141.4400,1
49853799297868,13:50:53.799,141.4400,4
49853799323203,13:50:53.799,141.4400,4
49853799359284,13:50:53.799,141.4400,92
49853799895062,13:50:53.799,141.4600,66
49890924289056,13:51:30.924,141.4200,10
49917262499818,13:51:57.262,141.3200,7
49917262499818,13:51:57.262,141.3200,1
49917262856867,13:51:57.262,141.3000,100
49917462348988,13:51:57.462,141.2500,2
50001090764319,13:53:21.090,141.3900,2
50001092151582,13:53:21.092,141.4000,1
50014043645628,13:53:34.043,141.4200,100
50014043673100,13:53:34.043,141.4200,100
50014043673100,13:53:34.043,141.4200,1
50014043739869,13:53:34.043,141.4400,100
50028859039877,13:53:48.859,141.4500,100
50032517136730,13:53:52.517,141.4200,100
50046482908849,13:54:06.482,141.4500,50
50046482908849,13:54:06.482,141.4500,50
50062354774298,13:54:22.354,141.4600,10
50062354774298,13:54:22.354,141.4600,90
50062354803299,13:54:22.354,141.4600,10
50062354803299,13:54:22.354,141.4600,100
50062354803299,13:54:22.354,141.4600,100
50062354803299,13:54:22.354,141.4600,1
50062354803299,13:54:22.354,141.4600,1
50062354879246,13:54:22.354,141.4800,10
50062354883916,13:54:22.354,141.4900,10
50062354891329,13:54:22.354,141.5000,10
50062482324821,13:54:22.482,141.5100,5
50062482665205,13:54:22.482,141.5300,20
50096630040412,13:54:56.630,141.5400,32
50156086195484,13:55:56.086,141.3900,10
50156086195484,13:55:56.086,141.3900,2
50156086195484,13:55:56.086,141.3900,7
50156086926361,13:55:56.086,141.3600,100
50156086967822,13:55:56.086,141.3600,12
50230243727586,13:57:10.243,141.4500,10
50233231786943,13:57:13.231,141.4500,100
50233231786943,13:57:13.231,141.4600,100
50233231786943,13:57:13.231,141.4600,1
50233231836762,13:57:13.231,141.4600,99
50233231836762,13:57:13.231,141.4600,1
50335633035627,13:58:55.633,141.4550,100
50335633035627,13:58:55.633,141.3800,100
50335633035627,13:58:55.633,141.3700,100
50335633035627,13:58:55.633,141.3700,55
50335633055603,13:58:55.633,141.3700,45
50335633055603,13:58:55.633,141.3600,10
50335633055603,13:58:55.633,141.3600,33
50335633104001,13:58:55.633,141.3600,67
50335633104001,13:58:55.633,141.3500,50
50335633104001,13:58:55.633,141.3400,83
50335633116199,13:58:55.633,141.3400,12
50335633163719,13:58:55.633,141.3400,5
50335633163719,13:58:55.633,141.3300,5
50335633177823,13:58:55.633,141.2700,100
50335633207496,13:58:55.633,141.2100,100
50335633207496,13:58:55.633,141.2100,100
50341616619643,13:59:01.616,141.3900,34
50343020127705,13:59:03.020,141.3900,44
50371497605630,13:59:31.497,141.2100,1
50402723967514,14:00:02.723,141.2100,38
50402723967514,14:00:02.723,141.2100,62
50402724013614,14:00:02.724,141.2100,38
50402724013614,14:00:02.724,141.2100,5
50408719252894,14:00:08.719,141.3900,1
50408719252894,14:00:08.719,141.3900,100
50408719267263,14:00:08.719,141.4000,99
50408719286111,14:00:08.719,141.4000,1
50408719286111,14:00:08.719,141.4000,1
50408719294716,14:00:08.719,141.4200,10
50408719294716,14:00:08.719,141.4200,100
50408719294716,14:00:08.719,141.4200,100
50408719294716,14:00:08.719,141.4300,10
50408719344055,14:00:08.719,141.4500,10
50408719371342,14:00:08.719,141.4600,10
50408719379146,14:00:08.719,141.4700,5
50408719391420,14:00:08.719,141.4800,10
50408719817407,14:00:08.719,141.5000,16
50408719834090,14:00:08.719,141.5000,4
50408719846599,14:00:08.719,141.5000,4
50408719846599,14:00:08.719,141.5100,10
50408719846599,14:00:08.719,141.5200,6
50408719886020,14:00:08.719,141.5200,4
50408719922361,14:00:08.719,141.5300,20
50408720336776,14:00:08.720,141.5400,10
50408720373781,14:00:08.720,141.5500,10
50408721003712,14:00:08.721,141.5600,10
50408721524823,14:00:08.721,141.5800,10
50413061102057,14:00:13.061,141.6000,10
50413061131193,14:00:13.061,141.6100,2
50413061149512,14:00:13.061,141.6200,5
50413061149512,14:00:13.061,141.6300,10
50413061166257,14:00:13.061,141.6400,10
50413061166257,14:00:13.061,141.6500,20
50413061166257,14:00:13.061,141.6600,10
50413061169965,14:00:13.061,141.6700,10
50413061169965,14:00:13.061,141.6800,10
50413061169965,14:00:13.061,141.7200,5
50413061202093,14:00:13.061,141.7200,5
50413061376283,14:00:13.061,141.7300,10
50413061415775,14:00:13.061,141.7400,1
50413129250551,14:00:13.129,141.7500,10
50413129292313,14:00:13.129,141.7500,10
50413129395232,14:00:13.129,141.7600,10
50413129435566,14:00:13.129,141.7700,10
50413129435566,14:00:13.129,141.7700,10
50413129477879,14:00:13.129,141.7800,10
50447175632481,14:00:47.175,141.5600,2
50447463051488,14:00:47.463,141.5600,2
50447523328918,14:00:47.523,141.5600,1
50447523328918,14:00:47.523,141.1600,1
50447622777807,14:00:47.622,141.1600,2
50449289634836,14:00:49.289,141.3700,1
50449290735189,14:00:49.290,141.3800,10
50449290824131,14:00:49.290,141.4000,1
50449290896243,14:00:49.290,141.4200,6
50450089394593,14:00:50.089,141.4300,100
50450089424057,14:00:50.089,141.4400,10
50450089976710,14:00:50.089,141.4500,10
50458592801672,14:00:58.592,141.4400,100
50458592801672,14:00:58.592,141.4500,10
50458592801672,14:00:58.592,141.4500,10
50458592801672,14:00:58.592,141.4500,10
50458592801672,14:00:58.592,141.4500,10
50458592801672,14:00:58.592,141.4500,100
50458592801672,14:00:58.592,141.4500,100
50458592801672,14:00:58.592,141.4500,100
50458592801672,14:00:58.592,141.4500,100
50458592896429,14:00:58.592,141.4600,20
50458592925757,14:00:58.592,141.4700,10
50458592925757,14:00:58.592,141.4700,100
50458593230572,14:00:58.593,141.4800,10
50458593280793,14:00:58.593,141.4900,1
50458593725688,14:00:58.593,141.5000,2
50458593790997,14:00:58.593,141.5100,10
50458594344927,14:00:58.594,141.5400,10
50458594344927,14:00:58.594,141.5400,90
50458712513575,14:00:58.712,141.5400,10
50458712513575,14:00:58.712,141.5400,100
50458712651560,14:00:58.712,141.5200,10
50458712830642,14:00:58.712,141.5200,10
50458712932768,14:00:58.712,141.5200,10
50459736392340,14:00:59.736,141.5500,10
50459736392340,14:00:59.736,141.5500,90
50463347478922,14:01:03.347,141.5500,10
50463347508893,14:01:03.347,141.5600,10
50463347799770,14:01:03.347,141.5700,2
50463347853149,14:01:03.347,141.5700,8
50463347925110,14:01:03.347,141.5800,5
50466275066355,14:01:06.275,141.5900,10
50466276148127,14:01:06.276,141.6000,1
50466306526819,14:01:06.306,141.6100,10
50470914644541,14:01:10.914,141.4500,100
50470914686374,14:01:10.914,141.4500,100
50470914686836,14:01:10.914,141.4500,100
50470914696840,14:01:10.914,141.4500,5
50470914699564,14:01:10.914,141.4500,4
50470914710005,14:01:10.914,141.4500,51
50470914988964,14:01:10.914,141.4300,4
50537125068364,14:02:17.125,141.2800,31
50537125082552,14:02:17.125,141.2800,4
50538003752726,14:02:18.003,141.1700,4
50538003752726,14:02:18.003,141.1600,27
50538006650764,14:02:18.006,141.1600,10
50538006650764,14:02:18.006,141.1400,21
50585378473334,14:03:05.378,141.2300,5
50585378473334,14:03:05.378,141.1300,96
50585378515367,14:03:05.378,141.2300,19
50585378533885,14:03:05.378,141.2300,19
50587414352186,14:03:07.414,141.4600,100
50643399199167,14:04:03.399,141.5000,73
50643399212351,14:04:03.399,141.5000,27
50643399212351,14:04:03.399,141.5000,1
50643399212351,14:04:03.399,141.5000,16
50643399277933,14:04:03.399,141.5100,36
50643399290781,14:04:03.399,141.5100,27
50643399304749,14:04:03.399,141.5100,2
50643399309665,14:04:03.399,141.5100,20
50643399314710,14:04:03.399,141.5100,5
50643399339844,14:04:03.399,141.5100,10
50643399339844,14:04:03.399,141.5500,2
50643399339844,14:04:03.399,141.5600,5
50643399339844,14:04:03.399,141.5700,2
50643454057435,14:04:03.454,141.5700,18
50643456916200,14:04:03.456,141.5900,20
50643484401600,14:04:03.484,141.5900,12
50686537054145,14:04:46.537,141.4400,6
50686537054145,14:04:46.537,141.5800,94
50686537088275,14:04:46.537,141.5800,6
50686537433476,14:04:46.537,141.5900,100
50686537501574,14:04:46.537,141.5900,1
50686537501574,14:04:46.537,141.5900,99
50686537580417,14:04:46.537,141.5900,1
50686537650519,14:04:46.537,141.6000,14
50686537650519,14:04:46.537,141.6000,6
50686540548450,14:04:46.540,141.6100,4
50690512926990,14:04:50.512,141.2800,52
50690512926990,14:04:50.512,141.2800,6
50690513082400,14:04:50.513,141.4900,10
50744630964322,14:05:44.630,141.3200,2
50750630556868,14:05:50.630,141.6600,4
50831238764172,14:07:11.238,141.6500,100
50848486158330,14:07:28.486,141.4300,1
50889668054787,14:08:09.668,141.6500,100
50889668054787,14:08:09.668,141.6500,100
50889668054787,14:08:09.668,141.6500,2
50889669004962,14:08:09.669,141.6800,95
50889669029560,14:08:09.669,141.6800,5
50889669029560,14:08:09.669,141.6800,100
50889669030422,14:08:09.669,141.6800,3
50889670587978,14:08:09.670,141.6900,10
50889670717952,14:08:09.670,141.7100,10
50889670855836,14:08:09.670,141.7250,89
50889670855836,14:08:09.670,141.6700,11
50889670880537,14:08:09.670,141.6700,89
50889671729754,14:08:09.671,141.6700,100
50889671729754,14:08:09.671,141.6700,8
50889671740518,14:08:09.671,141.6600,92
50889671775657,14:08:09.671,141.6600,8
50889881489000,14:08:09.881,141.7300,10
50889881965340,14:08:09.881,141.7250,10
50889882693928,14:08:09.882,141.7300,9
50889882693928,14:08:09.882,141.7300,10
50889882693928,14:08:09.882,141.7300,10
50889882693928,14:08:09.882,141.7300,10
50890169614355,14:08:10.169,141.7400,10
50890170847622,14:08:10.170,141.7500,1
50890170874790,14:08:10.170,141.7500,9
50891181801522,14:08:11.181,141.7600,2
50891181950964,14:08:11.181,141.7700,1
50913234367586,14:08:33.234,141.7700,100
50913234392060,14:08:33.234,141.7700,100
50913234392060,14:08:33.234,141.7700,100
50913234463035,14:08:33.234,141.7800,20
50913240532629,14:08:33.240,141.7800,100
50943967111717,14:09:03.967,141.7900,20
50943967111717,14:09:03.967,141.7900,100
50943967111717,14:09:03.967,141.7900,59
50943967119602,14:09:03.967,141.7900,41
50943992826302,14:09:03.992,141.7900,10
50943992827621,14:09:03.992,141.7900,10
50943992827621,14:09:03.992,141.7900,10
50944228647170,14:09:04.228,141.7900,10
50944228647170,14:09:04.228,141.7900,100
50951814300474,14:09:11.814,141.7900,50
50951814369714,14:09:11.814,141.7900,50
50967026680665,14:09:27.026,141.7300,87
50967026680665,14:09:27.026,141.7100,13
50967026707668,14:09:27.026,141.7100,87
50967026765936,14:09:27.026,141.8000,10
50967026765936,14:09:27.026,141.8000,100
50967026765936,14:09:27.026,141.8000,100
50985078774235,14:09:45.078,141.7600,5
50985078774235,14:09:45.078,141.6700,95
50985078785315,14:09:45.078,141.6700,5
50985078785315,14:09:45.078,141.6700,1
50985078815912,14:09:45.078,141.6700,5
50985078843004,14:09:45.078,141.6500,44
50985078884124,14:09:45.078,141.6500,6
50996409812303,14:09:56.409,141.8100,10
51004301113851,14:10:04.301,141.8300,10
51004301113851,14:10:04.301,141.8300,100
51004301113851,14:10:04.301,141.8300,61
51004301141189,14:10:04.301,141.8300,39
51004301210382,14:10:04.301,141.8400,10
51004302260792,14:10:04.302,141.8500,10
51004302339895,14:10:04.302,141.8600,10
51004323831563,14:10:04.323,141.8800,1
51004323831563,14:10:04.323,141.8800,100
51004323831563,14:10:04.323,141.8800,100
51067022669664,14:11:07.022,142.1100,34
51067022888721,14:11:07.022,142.1100,66
51139365901104,14:12:19.365,142.2800,36
51139871019258,14:12:19.871,142.1700,100
51139876462561,14:12:19.876,142.0500,6
51145338406308,14:12:25.338,142.1600,100
51145338406308,14:12:25.338,142.1600,100
51147367372003,14:12:27.367,142.0900,100
51147367372003,14:12:27.367,142.0800,100
51256421158616,14:14:16.421,142.2400,100
51256421203205,14:14:16.421,142.2500,64
51256421232575,14:14:16.421,142.2500,36
51257022299222,14:14:17.022,142.2400,1
51257022360587,14:14:17.022,142.2800,100
51258427502607,14:14:18.427,142.2500,100
51258427502607,14:14:18.427,142.2500,100
51258427969370,14:14:18.427,142.3700,100
51300285253622,14:15:00.285,142.2500,10
51300285299920,14:15:00.285,142.3100,100
51300285299920,14:15:00.285,142.2400,21
51300285301337,14:15:00.285,142.2400,63
51300285316221,14:15:00.285,142.2400,5
51300285320033,14:15:00.285,142.2400,11
51300285320033,14:15:00.285,142.2400,20
51300285320033,14:15:00.285,142.2400,1
51300285331192,14:15:00.285,142.2300,57
51300285999534,14:15:00.285,142.2300,12
51300286040114,14:15:00.286,142.2300,31
51300286040114,14:15:00.286,142.2300,4
51300286045927,14:15:00.286,142.2200,66
51300300173047,14:15:00.300,142.2200,34
51331238410422,14:15:31.238,142.2100,100
51331238457997,14:15:31.238,142.2000,5
51429663169525,14:17:09.663,142.2100,100
51429663176673,14:17:09.663,142.2200,53
51429717988420,14:17:09.717,142.2300,100
51429717988420,14:17:09.717,142.2300,100
51472192997663,14:17:52.192,142.2300,5
51472192997663,14:17:52.192,142.1700,95
51474353256545,14:17:54.353,142.1600,36
51474353680138,14:17:54.353,142.1500,1
51548070169718,14:19:08.070,142.3500,100
51548070267458,14:19:08.070,142.3600,31
51596407897550,14:19:56.407,142.3600,1
51596409087017,14:19:56.409,142.3600,14
51596409339394,14:19:56.409,142.3600,14
51603371467708,14:20:03.371,142.3600,40
51603371467708,14:20:03.371,142.3600,100
51603371467708,14:20:03.371,142.3600,100
51605020931221,14:20:05.020,142.3900,100
51605020961509,14:20:05.020,142.3900,7
51635663808655,14:20:35.663,142.2700,100
51635665883341,14:20:35.665,142.2600,2
51635665883341,14:20:35.665,142.2600,98
51635666077081,14:20:35.666,142.2600,2
51635666077081,14:20:35.666,142.2600,100
51635666293511,14:20:35.666,142.2600,2
51635667006013,14:20:35.667,142.2600,100
51635667384389,14:20:35.667,142.2600,102
51635679233100,14:20:35.679,142.2500,93
51635679480949,14:20:35.679,142.2500,7
51648335316199,14:20:48.335,142.2700,100
51694459879496,14:21:34.459,142.3800,100
51694459879496,14:21:34.459,142.3800,100
51694460211112,14:21:34.460,142.4000,20
51694460766246,14:21:34.460,142.4000,1
51731020914221,14:22:11.020,142.4800,34
51731021005537,14:22:11.021,142.5000,100
51731025130221,14:22:11.025,142.6300,17
51731025649778,14:22:11.025,142.6500,100
51731025777513,14:22:11.025,142.5800,10
51731026226835,14:22:11.026,142.6500,4
51731026251223,14:22:11.026,142.6500,6
51731026782884,14:22:11.026,142.5500,100
51731026786883,14:22:11.026,142.5500,90
51732368319903,14:22:12.368,142.6900,39
51823945688678,14:23:43.945,142.6400,5
51831565703465,14:23:51.565,142.6400,4
51831565858136,14:23:51.565,142.6400,1
51831565858136,14:23:51.565,142.6200,1
51831565955761,14:23:51.565,142.6200,1
51961317797338,14:26:01.317,142.4700,2
51964838985987,14:26:04.838,142.6300,9
51964840980160,14:26:04.840,142.6300,10
52042789582326,14:27:22.789,142.5300,5
52042789582326,14:27:22.789,142.5000,98
52081262706996,14:28:01.262,142.4550,1
52132833649940,14:28:52.833,142.5100,99
52145790649369,14:29:05.790,142.6200,1
52166164430352,14:29:26.164,142.6200,3
52166164430352,14:29:26.164,142.6300,100
52166164430352,14:29:26.164,142.6300,2
52166164430352,14:29:26.164,142.6300,97
52166164517351,14:29:26.164,142.6300,3
52166166282367,14:29:26.166,142.6500,100
52166946453531,14:29:26.946,142.6050,100
52204777608947,14:30:04.777,142.5950,4
52204779204538,14:30:04.779,142.5950,4
52204781636512,14:30:04.781,142.5950,4
52204786461928,14:30:04.786,142.5950,4
52204805545787,14:30:04.805,142.5950,4
52219736317596,14:30:19.736,142.6500,100
52219736317596,14:30:19.736,142.6500,4
52227821004763,14:30:27.821,142.7000,100
52227821034289,14:30:27.821,142.7000,100
52227821039539,14:30:27.821,142.7000,1
52227853458625,14:30:27.853,142.7050,70
52232587954368,14:30:32.587,142.6500,4
52234097287934,14:30:34.097,142.6800,2
52238165745114,14:30:38.165,142.6550,10
52250415700403,14:30:50.415,142.5800,20
52250415891721,14:30:50.415,142.5500,1
52251151347125,14:30:51.151,142.5400,6
52262374951426,14:31:02.374,142.4200,100
52265648824881,14:31:05.648,142.5200,2
52283478503245,14:31:23.478,142.3400,28
52390953372303,14:33:10.953,142.1750,30
52435613448208,14:33:55.613,142.2400,100
52435613496184,14:33:55.613,142.2400,50
52435614171662,14:33:55.614,142.2600,100
52435614171662,14:33:55.614,142.2800,100
52435768537834,14:33:55.768,142.2200,70
52456204792905,14:34:16.204,142.1700,5
52456204888667,14:34:16.204,142.1700,10
52456302216902,14:34:16.302,142.1000,20
52484238269240,14:34:44.238,142.2300,100
52489252267307,14:34:49.252,142.2400,1
52489252362762,14:34:49.252,142.2400,100
52489252362762,14:34:49.252,142.2400,100
52504111843365,14:35:04.111,142.1850,4
52504684688675,14:35:04.684,142.2700,100
52504684883024,14:35:04.684,142.2800,100
52504684883024,14:35:04.684,142.2800,100
52504687590884,14:35:04.687,142.2700,100
52514843881664,14:35:14.843,142.3600,100
52514844020227,14:35:14.844,142.3700,100
52556070482635,14:35:56.070,142.2500,7
52564228179047,14:36:04.228,142.1400,57
52564228179047,14:36:04.228,142.1100,3
52564228321717,14:36:04.228,142.1000,50
52564228321717,14:36:04.228,142.1000,72
52564228849442,14:36:04.228,142.1000,1
52564267907888,14:36:04.267,142.0300,100
52564268345475,14:36:04.268,142.0200,75
52564268579279,14:36:04.268,142.0200,25
52564268579279,14:36:04.268,142.0200,100
52564269612503,14:36:04.269,141.9800,9
52564545912285,14:36:04.545,141.9800,9
52564545943417,14:36:04.545,141.9800,12
52579125233451,14:36:19.125,142.1000,80
52579125261427,14:36:19.125,142.1000,20
52579125261427,14:36:19.125,142.1000,100
52579244749487,14:36:19.244,142.1800,100
52642946354090,14:37:22.946,142.1700,10
52642946354090,14:37:22.946,142.1700,90
52642946385131,14:37:22.946,142.1700,10
52642946385131,14:37:22.946,142.1700,88
52642946393891,14:37:22.946,142.1700,12
52642946393891,14:37:22.946,142.1700,33
52642946404355,14:37:22.946,142.1700,57
52644099705885,14:37:24.099,142.2600,2
52667809448135,14:37:47.809,142.2700,2
52678621028550,14:37:58.621,142.2800,100
52679198203779,14:37:59.198,142.2900,100
52682060682247,14:38:02.060,142.2500,4
52692799942546,14:38:12.799,142.2800,53
52696535867580,14:38:16.535,142.2800,47
52696535867580,14:38:16.535,142.2800,13
52746369018133,14:39:06.369,142.3000,2
52762919395960,14:39:22.919,142.1800,5
52796015525329,14:39:56.015,142.2300,100
52799265230995,14:39:59.265,142.2400,100
52805646310797,14:40:05.646,142.1900,5
52805646310797,14:40:05.646,142.1700,95
52805646353120,14:40:05.646,142.1700,5
52805646353120,14:40:05.646,142.1700,3
52889406467696,14:41:29.406,142.1800,100
52889406512060,14:41:29.406,142.1800,100
52923748336460,14:42:03.748,142.2500,100
52923748336460,14:42:03.748,142.2500,100
52925784711676,14:42:05.784,142.2600,100
52925784796763,14:42:05.784,142.2100,100
52925784796763,14:42:05.784,142.2100,4
52925785133686,14:42:05.785,142.1900,8
52925785362596,14:42:05.785,142.1900,15
52995066179585,14:43:15.066,142.0400,1
52995066189445,14:43:15.066,142.0300,1
52995066252306,14:43:15.066,142.0200,1
52996034140908,14:43:16.034,142.0000,1
52996034140908,14:43:16.034,142.0000,71
53045327185897,14:44:05.327,142.1700,100
53045997412666,14:44:05.997,142.1800,162
53045997412666,14:44:05.997,142.1800,100
53045998263653,14:44:05.998,142.2000,89
53055415142292,14:44:15.415,142.2000,11
53055415142292,14:44:15.415,142.2000,100
53055415794203,14:44:15.415,142.2100,54
53055415823199,14:44:15.415,142.2100,46
53086679714295,14:44:46.679,142.2600,1
53086680113890,14:44:46.680,142.2700,2
53086683037612,14:44:46.683,142.3000,2
53188340579742,14:46:28.340,142.3000,100
53188340637826,14:46:28.340,142.3100,81
53188340658394,14:46:28.340,142.3100,19
53188340658394,14:46:28.340,142.3100,81
53188340695253,14:46:28.340,142.3100,19
53188359626907,14:46:28.359,142.3200,1
53188359626907,14:46:28.359,142.3200,8
53188360749116,14:46:28.360,142.3200,2
53188360749116,14:46:28.360,142.3200,98
53188360811022,14:46:28.360,142.3200,2
53188360811022,14:46:28.360,142.3300,45
53188360823760,14:46:28.360,142.3300,2
53189260099776,14:46:29.260,142.3500,1
53189260099776,14:46:29.260,142.3500,100
53189264573762,14:46:29.264,142.3600,1
53189266826185,14:46:29.266,142.3700,1
53189283911203,14:46:29.283,142.3800,2
53189284106980,14:46:29.284,142.3900,1
53189284470548,14:46:29.284,142.4000,1
53192409664621,14:46:32.409,142.4300,1
53192409664621,14:46:32.409,142.4400,5
53192409664621,14:46:32.409,142.4500,94
53192409795393,14:46:32.409,142.4500,6
53192409795393,14:46:32.409,142.4500,100
53192409795393,14:46:32.409,142.4500,1
53192409795393,14:46:32.409,142.4500,100
53192409795393,14:46:32.409,142.4500,100
53192410318502,14:46:32.410,142.4700,2
53192410548192,14:46:32.410,142.4800,2
53192410548192,14:46:32.410,142.4900,1
53199726649106,14:46:39.726,142.5000,1
53199726649106,14:46:39.726,142.5000,100
53199726649106,14:46:39.726,142.5000,99
53199726677791,14:46:39.726,142.5000,1
53199726758985,14:46:39.726,142.5100,2
53202686467740,14:46:42.686,142.5200,1
53202686467740,14:46:42.686,142.5200,100
53202712898362,14:46:42.712,142.5100,25
53202712898362,14:46:42.712,142.5100,6
53202713029914,14:46:42.713,142.5300,2
53202713029914,14:46:42.713,142.5400,1
53202713136254,14:46:42.713,142.5200,100
53202713163193,14:46:42.713,142.5200,10
53202713244638,14:46:42.713,142.5400,10
53202837987416,14:46:42.837,142.5600,2
53202837987416,14:46:42.837,142.5700,1
53202837987416,14:46:42.837,142.5900,1
53215891389575,14:46:55.891,142.6300,100
53215891455217,14:46:55.891,142.6400,1
53215891508471,14:46:55.891,142.6500,1
53215891709716,14:46:55.891,142.6400,100
53223068714159,14:47:03.068,142.6600,1
53223068780187,14:47:03.068,142.6700,1
53225096698049,14:47:05.096,142.6800,1
53225096698049,14:47:05.096,142.6800,99
53225096745177,14:47:05.096,142.6800,1
53250074683224,14:47:30.074,142.7200,1
53250074683224,14:47:30.074,142.7200,99
53250074810576,14:47:30.074,142.7200,1
53250074810576,14:47:30.074,142.7200,16
53250074810576,14:47:30.074,142.7300,2
53250074810576,14:47:30.074,142.7500,1
53250074956887,14:47:30.074,142.7300,60
53281638523749,14:48:01.638,142.7300,40
53281698836336,14:48:01.698,142.7700,1
53281698836336,14:48:01.698,142.7700,99
53293795378754,14:48:13.795,142.7150,100
53293795473681,14:48:13.795,142.6500,20
53293795473681,14:48:13.795,142.6500,180
53293795517162,14:48:13.795,142.6500,20
53293795535082,14:48:13.795,142.6400,6
53293795542172,14:48:13.795,142.6400,4
53293795542172,14:48:13.795,142.6300,2
53293795558385,14:48:13.795,142.6300,4
53293795698322,14:48:13.795,142.5800,141
53293795736508,14:48:13.795,142.5800,59
53293795876958,14:48:13.795,142.5800,15
53293795876958,14:48:13.795,142.5800,85
53293795931768,14:48:13.795,142.5900,100
53293795931768,14:48:13.795,142.5800,10
53293795948645,14:48:13.795,142.6500,100
53293796018120,14:48:13.796,142.6500,100
53293796078110,14:48:13.796,142.6500,100
53293796302624,14:48:13.796,142.6600,100
53299936286045,14:48:19.936,142.7500,1
53300937424031,14:48:20.937,142.7600,10
53347075611158,14:49:07.075,142.7800,1
53347075611158,14:49:07.075,142.7800,100
53347075611158,14:49:07.075,142.7800,93
53347075623220,14:49:07.075,142.7800,7
53347075623220,14:49:07.075,142.7800,100
53347075673819,14:49:07.075,142.7900,2
53347075699425,14:49:07.075,142.8000,1
53401295854558,14:50:01.295,142.7800,3
53401373237039,14:50:01.373,142.7800,2
53401373237039,14:50:01.373,142.6700,1
53471882965784,14:51:11.882,142.6600,200
53471883068081,14:51:11.883,142.6100,23
53471883098246,14:51:11.883,142.6100,177
53520882622387,14:52:00.882,142.6600,100
53520882622387,14:52:00.882,142.6600,100
53520882622387,14:52:00.882,142.6600,100
53520882622387,14:52:00.882,142.6600,41
53520882622387,14:52:00.882,142.6600,5
53540436522333,14:52:20.436,142.7800,100
53540436586005,14:52:20.436,142.7800,48
53540436586005,14:52:20.436,142.7800,52
53540436632859,14:52:20.436,142.7800,48
53540436632859,14:52:20.436,142.7800,2
53540436632859,14:52:20.436,142.7800,50
53540436640288,14:52:20.436,142.7800,50
53542023155395,14:52:22.023,142.8800,100
53542067808870,14:52:22.067,142.9100,87
53542179722047,14:52:22.179,142.9500,1
53542348581779,14:52:22.348,143.0000,3
53542348581779,14:52:22.348,143.0000,10
53557369999318,14:52:37.369,143.0800,4
53557369999318,14:52:37.369,143.1000,1
53574494946278,14:52:54.494,143.1200,1
53574495872199,14:52:54.495,143.1500,1
53575022498489,14:52:55.022,143.1800,1
53575022498489,14:52:55.022,143.1900,2
53609020044592,14:53:29.020,143.2300,84
53609020044592,14:53:29.020,143.1700,16
53609020184146,14:53:29.020,143.1800,13
53609020208607,14:53:29.020,143.1800,87
53618987065411,14:53:38.987,143.2550,100
53632379620425,14:53:52.379,143.3200,39
53676212980970,14:54:36.212,143.3100,100
53677608337924,14:54:37.608,143.3200,100
