timestamp,time,price,volume
34200561979426,09:30:00.561,0.0000,0
34321077302181,09:32:01.077,19.0200,95
34321077322610,09:32:01.077,19.0200,5
34321077322610,09:32:01.077,19.0700,95
34321077349306,09:32:01.077,19.0700,5
34321300200317,09:32:01.300,19.1200,100
34327766141733,09:32:07.766,19.2000,80
34327766331939,09:32:07.766,19.2000,100
34327767957043,09:32:07.767,19.2000,42
34327767957043,09:32:07.767,19.2000,58
34522455645399,09:35:22.455,19.0900,100
34522455645399,09:35:22.455,19.0900,8
34522455645399,09:35:22.455,19.0900,92
34522455713955,09:35:22.455,19.0900,8
34522455713955,09:35:22.455,19.0900,92
34522455839134,09:35:22.455,19.0900,8
34522455839134,09:35:22.455,19.0800,92
34522455874846,09:35:22.455,19.0800,8
34522456121984,09:35:22.456,19.0900,18
34671253590579,09:37:51.253,19.0800,200
34738373305549,09:38:58.373,19.2500,500
34738373376241,09:38:58.373,19.2500,100
34738464383201,09:38:58.464,19.2700,2
34741307373454,09:39:01.307,19.3300,200
34760868935397,09:39:20.868,19.3300,100
34762466334092,09:39:22.466,19.3300,100
34762466527988,09:39:22.466,19.3300,110
34762466554066,09:39:22.466,19.3300,184
34783312214942,09:39:43.312,19.3300,16
34783312214942,09:39:43.312,19.3300,84
34783312329801,09:39:43.312,19.3300,5
34806375928420,09:40:06.375,19.3300,11
34837071976205,09:40:37.071,19.3700,100
34868312808155,09:41:08.312,19.3700,100
34890976495276,09:41:30.976,19.3700,100
34891993391218,09:41:31.993,19.2900,39
34891993421556,09:41:31.993,19.2900,461
34891993421556,09:41:31.993,19.2900,100
34891998479679,09:41:31.998,19.2600,100
34891998479679,09:41:31.998,19.2600,100
34891999490447,09:41:31.999,19.2600,100
35292695658473,09:48:12.695,19.1200,57
35292696428741,09:48:12.696,19.1100,5
35292696847321,09:48:12.696,19.1100,65
35292696943369,09:48:12.696,19.1100,9
35396513494872,09:49:56.513,19.0900,65
35446250568456,09:50:46.250,19.0900,56
35665830553877,09:54:25.830,19.1100,100
35665831271618,09:54:25.831,19.1100,100
35666167229467,09:54:26.167,19.0900,100
35666169710307,09:54:26.169,19.0500,200
35666895836274,09:54:26.895,19.0500,6
35681072709424,09:54:41.072,19.1500,100
35683165470729,09:54:43.165,19.0800,200
35843165669888,09:57:23.165,19.0200,100
35843166932516,09:57:23.166,19.0100,50
35843183677438,09:57:23.183,19.0000,100
35843183807943,09:57:23.183,19.0000,100
35843183814174,09:57:23.183,19.0000,100
35844168883233,09:57:24.168,18.8900,70
35844169732892,09:57:24.169,18.8900,30
35844615135626,09:57:24.615,18.9200,7
35845862618604,09:57:25.862,18.9700,200
35845863874519,09:57:25.863,18.9800,200
35847069536867,09:57:27.069,18.9900,135
35861430540074,09:57:41.430,19.0000,200
35861430540074,09:57:41.430,19.0000,200
35864159523924,09:57:44.159,19.0000,100
35864159827066,09:57:44.159,19.0000,100
35875410281467,09:57:55.410,18.9800,100
36016626730376,10:00:16.626,18.9800,200
36016626730376,10:00:16.626,19.0000,100
36053708637823,10:00:53.708,19.0000,100
36166554154946,10:02:46.554,19.0200,100
36166554180688,10:02:46.554,19.0200,23
36166554656233,10:02:46.554,19.0200,100
36166556229378,10:02:46.556,19.0100,6
36312385174376,10:05:12.385,18.8000,70
36322890697902,10:05:22.890,18.7500,100
36322890782835,10:05:22.890,18.7500,65
36334828426664,10:05:34.828,18.8000,100
36334828426664,10:05:34.828,18.8000,5
36343924054456,10:05:43.924,18.8300,500
36343924088485,10:05:43.924,18.8300,100
36343924088485,10:05:43.924,18.8300,100
36343924610467,10:05:43.924,18.8400,200
36546280504104,10:09:06.280,18.9900,100
36546280504104,10:09:06.280,18.9900,300
36549882752782,10:09:09.882,18.9900,100
36550342477941,10:09:10.342,18.9900,100
36552349539813,10:09:12.349,18.9900,100
36759157374706,10:12:39.157,19.0700,100
36789777786672,10:13:09.777,19.0700,100
36798828688807,10:13:18.828,19.0700,70
36798828688807,10:13:18.828,19.0800,30
36848487434309,10:14:08.487,19.0800,70
37086873404888,10:18:06.873,19.0100,88
37115987977986,10:18:35.987,18.9500,70
37115988290243,10:18:35.988,18.9500,30
37115988290243,10:18:35.988,19.0000,10
37148491314769,10:19:08.491,18.9900,26
37148491343952,10:19:08.491,18.9900,30
37210134867021,10:20:10.134,18.9900,100
37288598275831,10:21:28.598,19.0000,100
37288598347400,10:21:28.598,19.0000,100
37288598403427,10:21:28.598,19.0000,100
37288598419039,10:21:28.598,19.0000,100
37319274718670,10:21:59.274,18.9750,100
37331522478712,10:22:11.522,19.0000,100
37349995025748,10:22:29.995,19.0000,100
37565227918490,10:26:05.227,18.9600,100
37565227918490,10:26:05.227,18.9600,100
37565228727822,10:26:05.228,18.9600,100
37627239607938,10:27:07.239,18.8900,34
37691438950815,10:28:11.438,18.8900,2
37691443774701,10:28:11.443,18.8900,5
37692830638260,10:28:12.830,18.8900,59
37756573204642,10:29:16.573,18.8500,70
37821208193156,10:30:21.208,18.7900,50
37821208193156,10:30:21.208,18.8100,300
37821208193156,10:30:21.208,18.8100,50
37821208221161,10:30:21.208,18.8100,50
37821208229027,10:30:21.208,18.8100,50
37821208428734,10:30:21.208,18.8100,50
37821208456392,10:30:21.208,18.8100,100
37821210160105,10:30:21.210,18.8100,200
37821213180158,10:30:21.213,18.8200,200
37822601743960,10:30:22.601,18.8500,100
37822601758854,10:30:22.601,18.8500,100
37961377914856,10:32:41.377,18.8650,100
38168597932161,10:36:08.597,18.8900,12
38399969613379,10:39:59.969,18.8500,100
38399969613379,10:39:59.969,18.8500,300
38400692034988,10:40:00.692,18.8100,38
38400692063925,10:40:00.692,18.8100,162
38474339323837,10:41:14.339,18.7400,2
38543360789444,10:42:23.360,18.7300,100
38543361199853,10:42:23.361,18.7300,86
38549773018696,10:42:29.773,18.7500,200
38549867275589,10:42:29.867,18.7600,100
38549867304446,10:42:29.867,18.7600,200
38549867304446,10:42:29.867,18.7600,100
38549867326168,10:42:29.867,18.7600,100
38550400707034,10:42:30.400,18.7700,200
38550400707034,10:42:30.400,18.7700,100
38550402563267,10:42:30.402,18.7800,100
38550873605856,10:42:30.873,18.8000,100
38591698924739,10:43:11.698,18.8300,100
38602530723651,10:43:22.530,18.8300,94
38604009764576,10:43:24.009,18.8300,6
38604009764576,10:43:24.009,18.8300,94
38612456075358,10:43:32.456,18.8150,1000
38614286375803,10:43:34.286,18.8300,6
38614286375803,10:43:34.286,18.8300,94
38661555005871,10:44:21.555,18.8100,600
38806557959056,10:46:46.557,18.7400,100
38806560431002,10:46:46.560,18.7200,400
38806560431002,10:46:46.560,18.7200,100
38808266276057,10:46:48.266,18.7000,10
38834706292908,10:47:14.706,18.6200,100
38835889506580,10:47:15.889,18.6300,100
38839623583996,10:47:19.623,18.6700,300
38848149806553,10:47:28.149,18.6450,100
38848149806553,10:47:28.149,18.6700,100
38849859919729,10:47:29.859,18.6700,100
38849860371257,10:47:29.860,18.6700,100
38849860371257,10:47:29.860,18.6800,100
38849860449300,10:47:29.860,18.6800,100
38849863155999,10:47:29.863,18.7000,100
39112256085708,10:51:52.256,18.6600,34
39112256089580,10:51:52.256,18.6600,66
39112256110329,10:51:52.256,18.6600,300
39152302349288,10:52:32.302,18.6500,2
39152302376352,10:52:32.302,18.6500,78
39260423045897,10:54:20.423,18.6600,100
39260423198327,10:54:20.423,18.6700,100
39260423442212,10:54:20.423,18.6700,100
39279707447938,10:54:39.707,18.6800,100
39279708515540,10:54:39.708,18.7000,100
39310030548301,10:55:10.030,18.7200,8
39310030548301,10:55:10.030,18.7200,100
39317681411168,10:55:17.681,18.7500,35
39338267659509,10:55:38.267,18.7200,100
39499903737713,10:58:19.903,18.6700,100
39499906364097,10:58:19.906,18.6500,100
39499906407539,10:58:19.906,18.6500,100
39499906452981,10:58:19.906,18.6500,100
39502666174298,10:58:22.666,18.6200,100
39502666200586,10:58:22.666,18.6200,200
39503636353343,10:58:23.636,18.6300,100
39503636899169,10:58:23.636,18.6300,100
39504243800463,10:58:24.243,18.6300,100
39506477671544,10:58:26.477,18.6400,100
39518077842511,10:58:38.077,18.6400,100
39672611840187,11:01:12.611,18.7700,200
39673055486976,11:01:13.055,18.8000,100
39675541036788,11:01:15.541,18.8050,300
39787549357786,11:03:07.549,18.8000,300
39787549527378,11:03:07.549,18.8000,300
39787551795016,11:03:07.551,18.8000,300
39787551795016,11:03:07.551,18.8000,100
39817620765677,11:03:37.620,18.7400,100
39817620765677,11:03:37.620,18.7400,7
39840265200450,11:04:00.265,18.6900,7
40262874335028,11:11:02.874,18.6700,100
40262874335028,11:11:02.874,18.6900,100
40325333848188,11:12:05.333,18.6900,100
40325333848188,11:12:05.333,18.6900,100
40325333848188,11:12:05.333,18.6900,100
40329798766891,11:12:09.798,18.6800,100
40329798766891,11:12:09.798,18.7000,100
40329798766891,11:12:09.798,18.7000,100
40329798766891,11:12:09.798,18.7000,100
40329798787598,11:12:09.798,18.7000,100
40359556592313,11:12:39.556,18.7000,100
40528313553873,11:15:28.313,18.7100,131
40528313580778,11:15:28.313,18.7100,69
40528313580778,11:15:28.313,18.7100,100
40528314486986,11:15:28.314,18.7200,200
40528320562845,11:15:28.320,18.7300,100
40530475555043,11:15:30.475,18.7300,100
40530475903460,11:15:30.475,18.7300,100
40530477132728,11:15:30.477,18.7300,100
40530478429260,11:15:30.478,18.7300,100
40531241160682,11:15:31.241,18.7300,100
40533186739995,11:15:33.186,18.7300,100
40578133957400,11:16:18.133,18.7600,48
40582830558429,11:16:22.830,18.7500,100
40582830558429,11:16:22.830,18.7500,102
40582830583225,11:16:22.830,18.7500,98
40582831650407,11:16:22.831,18.7500,1
40582839231139,11:16:22.839,18.7400,14
40582843965866,11:16:22.843,18.7400,86
40582843965866,11:16:22.843,18.7400,14
40582843991604,11:16:22.843,18.7400,86
40582844017086,11:16:22.844,18.7400,86
40582844276766,11:16:22.844,18.7400,14
40582844276766,11:16:22.844,18.7400,86
40635108645914,11:17:15.108,18.8300,100
40800863294026,11:20:00.863,18.8300,100
40810980101574,11:20:10.980,18.8300,100
40810980212821,11:20:10.980,18.8300,200
40901483020262,11:21:41.483,18.8100,100
40901483020262,11:21:41.483,18.8100,100
40901483031707,11:21:41.483,18.8100,200
40901483225770,11:21:41.483,18.8100,100
40901483225770,11:21:41.483,18.8100,75
40901483230190,11:21:41.483,18.8100,25
40901483499161,11:21:41.483,18.8100,100
40901483803621,11:21:41.483,18.8100,100
40901484130108,11:21:41.484,18.8100,100
41022380804624,11:23:42.380,18.8200,100
41067335691391,11:24:27.335,18.8400,100
41067336644110,11:24:27.336,18.8400,300
41081338754138,11:24:41.338,18.8300,68
41081338756042,11:24:41.338,18.8300,32
41081338756042,11:24:41.338,18.8300,68
41081338779574,11:24:41.338,18.8300,32
41081338814762,11:24:41.338,18.8300,100
41081338981210,11:24:41.338,18.8300,32
41081339142187,11:24:41.339,18.8300,68
41081339142187,11:24:41.339,18.8300,32
41155748547112,11:25:55.748,18.8100,100
41155749673297,11:25:55.749,18.7900,73
41342409885167,11:29:02.409,18.8400,100
41462433445503,11:31:02.433,18.8400,100
41582449001015,11:33:02.449,18.8400,100
41717748109574,11:35:17.748,18.8400,100
41717748109574,11:35:17.748,18.8400,229
41717748109574,11:35:17.748,18.8400,171
41838485778824,11:37:18.485,18.8400,29
42012776626467,11:40:12.776,18.8600,194
42012776650953,11:40:12.776,18.8600,6
42012781743004,11:40:12.781,18.8800,100
42197260321941,11:43:17.260,18.8800,1
42619348601029,11:50:19.348,18.8800,100
42619349947111,11:50:19.349,18.8700,86
42979589550961,11:56:19.589,18.8400,100
43350178140559,12:02:30.178,18.8500,300
43350178140559,12:02:30.178,18.8500,100
43350178247831,12:02:30.178,18.8500,100
43459578693178,12:04:19.578,18.8400,100
43459578693178,12:04:19.578,18.8400,100
43459578693178,12:04:19.578,18.8400,100
43459578796042,12:04:19.578,18.8400,100
43459578796042,12:04:19.578,18.8400,100
43459578929842,12:04:19.578,18.8400,100
43459579035683,12:04:19.579,18.8400,100
43459579247388,12:04:19.579,18.8400,200
43459579343997,12:04:19.579,18.8400,100
43459579343997,12:04:19.579,18.8400,100
43459579739177,12:04:19.579,18.8400,100
43459579891405,12:04:19.579,18.8400,100
43579590593802,12:06:19.590,18.8400,100
43579590593802,12:06:19.590,18.8400,100
43579590593802,12:06:19.590,18.8400,100
43579591171605,12:06:19.591,18.8400,100
43579638729992,12:06:19.638,18.8300,4
43607357842710,12:06:47.357,18.8500,4
43607357868060,12:06:47.357,18.8700,87
43607360379718,12:06:47.360,18.8700,413
43607360878153,12:06:47.360,18.8700,300
43607360878153,12:06:47.360,18.8700,100
43607663316662,12:06:47.663,18.8900,100
43607664866153,12:06:47.664,18.9000,200
43607664866153,12:06:47.664,18.9000,1573
43607664891485,12:06:47.664,18.9000,427
43609916830294,12:06:49.916,18.9600,50
43611295765712,12:06:51.295,18.9600,100
43689024100481,12:08:09.024,18.9800,100
43689024738563,12:08:09.024,18.9800,15
43750120494589,12:09:10.120,18.9900,100
43750120976205,12:09:10.120,18.9900,100
43750123810641,12:09:10.123,19.0000,100
43751822996998,12:09:11.822,19.0000,100
43751824502064,12:09:11.824,19.0000,100
43809680082460,12:10:09.680,19.0000,100
43812896106353,12:10:12.896,19.0000,200
43812896106353,12:10:12.896,19.0000,200
43995518185883,12:13:15.518,19.0000,100
43995518185883,12:13:15.518,19.0000,200
44411708753655,12:20:11.708,18.9900,95
44411708789473,12:20:11.708,18.9900,11
44411708929910,12:20:11.708,18.9900,94
44411711027678,12:20:11.711,18.9800,73
44411711162082,12:20:11.711,18.9800,27
44413298084973,12:20:13.298,18.9800,100
44413298084973,12:20:13.298,18.9800,100
44418402266769,12:20:18.402,18.9900,100
44418435817096,12:20:18.435,18.9800,60
44418435842235,12:20:18.435,18.9800,40
44418435842829,12:20:18.435,18.9800,9
44418435982874,12:20:18.435,18.9800,91
44438464757347,12:20:38.464,18.9700,93
44438465050576,12:20:38.465,18.9700,100
44438468191402,12:20:38.468,18.9700,100
44536735004774,12:22:16.735,18.9450,400
44717555710595,12:25:17.555,18.9600,200
44717555710595,12:25:17.555,18.9600,100
44717557457465,12:25:17.557,18.9600,100
44860160658667,12:27:40.160,18.9200,100
44860160658667,12:27:40.160,18.9200,100
44860160658667,12:27:40.160,18.9200,100
44860161716449,12:27:40.161,18.9100,100
44860163412191,12:27:40.163,18.9100,100
44863073008194,12:27:43.073,18.9000,100
44988649289412,12:29:48.649,18.9000,100
45125959571711,12:32:05.959,18.8900,85
45470492429947,12:37:50.492,18.8500,100
45470492440443,12:37:50.492,18.8600,13
45470493759381,12:37:50.493,18.8600,87
45470493759381,12:37:50.493,18.8600,100
45470493759381,12:37:50.493,18.8600,13
45470495951317,12:37:50.495,18.8800,100
45470800754638,12:37:50.800,18.8800,100
45471476657526,12:37:51.476,18.8900,100
45537488494494,12:38:57.488,18.8700,12
45537488499573,12:38:57.488,18.8700,88
45875080108459,12:44:35.080,18.8300,85
45875080170048,12:44:35.080,18.8300,17
46088510550596,12:48:08.510,18.8300,51
46088510554225,12:48:08.510,18.8300,11
46088510575645,12:48:08.510,18.8300,238
46088510575645,12:48:08.510,18.8300,100
46088510575645,12:48:08.510,18.8300,11
46088510583568,12:48:08.510,18.8300,89
46088510693004,12:48:08.510,18.8400,64
46088510772592,12:48:08.510,18.8400,36
46088510775009,12:48:08.510,18.8300,100
46309852987182,12:51:49.852,18.8800,200
46309853223697,12:51:49.853,18.8800,51
46309853249325,12:51:49.853,18.8800,49
46309853249325,12:51:49.853,18.8900,2
46310429842966,12:51:50.429,18.8900,200
46310582629543,12:51:50.582,18.8900,100
46312984660280,12:51:52.984,18.8900,100
46376259770862,12:52:56.259,18.9100,74
46376262651247,12:52:56.262,18.9000,100
47443197892976,13:10:43.197,18.9000,1
47443197892976,13:10:43.197,18.9000,100
47443201600137,13:10:43.201,18.9000,100
47443928238465,13:10:43.928,18.8900,100
47472190621187,13:11:12.190,18.8900,200
47478643773803,13:11:18.643,18.8900,100
47478643773803,13:11:18.643,18.8900,100
47478644232154,13:11:18.644,18.8900,3
47514265597935,13:11:54.265,18.8900,100
47588823084326,13:13:08.823,18.8800,200
47588823084326,13:13:08.823,18.8800,100
47588823084326,13:13:08.823,18.8800,100
47588823449592,13:13:08.823,18.8800,100
47588823508529,13:13:08.823,18.8800,100
47588825066384,13:13:08.825,18.8800,200
47645734724402,13:14:05.734,18.8700,100
47645735340541,13:14:05.735,18.8700,100
47654711067435,13:14:14.711,18.8700,100
47654711791216,13:14:14.711,18.8700,100
47759832942765,13:15:59.832,18.8800,272
47759832942765,13:15:59.832,18.8800,28
47759832968494,13:15:59.832,18.8800,272
47759832968998,13:15:59.832,18.8800,100
47759833622353,13:15:59.833,18.8900,96
47759833625293,13:15:59.833,18.8900,4
47759833625293,13:15:59.833,18.8900,43
47759835199298,13:15:59.835,18.8900,157
47871367884625,13:17:51.367,18.8900,100
47871367884625,13:17:51.367,18.8900,100
47871367884625,13:17:51.367,18.8900,200
47871368499423,13:17:51.368,18.8900,100
47871369164708,13:17:51.369,18.8900,95
47871369241898,13:17:51.369,18.8900,100
47871369902580,13:17:51.369,18.8900,5
47992139800894,13:19:52.139,18.9000,100
47992139800894,13:19:52.139,18.9000,100
47992139800894,13:19:52.139,18.9000,400
47992139915746,13:19:52.139,18.9000,35
47992139930123,13:19:52.139,18.9000,165
47992141553662,13:19:52.141,18.9100,100
48070473884437,13:21:10.473,18.9700,100
48091115902278,13:21:31.115,18.9600,83
48272472090454,13:24:32.472,18.9700,86
48272472116252,13:24:32.472,18.9700,214
48272472117964,13:24:32.472,18.9700,200
48288642758454,13:24:48.642,19.0000,100
48296280840249,13:24:56.280,18.9600,100
48326156545789,13:25:26.156,18.9500,100
48326156654179,13:25:26.156,18.9500,100
48326156704804,13:25:26.156,18.9400,100
48326156783518,13:25:26.156,18.9400,83
48326156872110,13:25:26.156,18.9400,17
48338968618409,13:25:38.968,18.8800,300
48338968618409,13:25:38.968,18.8800,100
48338968872803,13:25:38.968,18.8900,200
48342328922032,13:25:42.328,18.9000,100
48342328932459,13:25:42.328,18.9100,100
48342329431455,13:25:42.329,18.9100,100
48540047517318,13:29:00.047,18.9200,100
48540048199231,13:29:00.048,18.9300,200
48597428270279,13:29:57.428,18.9300,100
48597428270279,13:29:57.428,18.9300,100
48597428304659,13:29:57.428,18.9300,200
48597428557694,13:29:57.428,18.9300,83
48597428586976,13:29:57.428,18.9300,17
48597428586976,13:29:57.428,18.9300,76
48658822756487,13:30:58.822,18.9400,72
48658822860660,13:30:58.822,18.9400,28
48658822860660,13:30:58.822,18.9400,28
48658822863458,13:30:58.822,18.9400,44
48658824918357,13:30:58.824,18.9400,100
48832500246645,13:33:52.500,18.9400,100
48832500767039,13:33:52.500,18.9500,200
48832501308548,13:33:52.501,18.9400,58
48943200153993,13:35:43.200,18.9300,100
48943201181530,13:35:43.201,18.9200,100
49055084767289,13:37:35.084,18.9000,100
49205759075023,13:40:05.759,18.9100,200
49208523577586,13:40:08.523,18.9300,200
49266501509332,13:41:06.501,18.9300,100
49266501513520,13:41:06.501,18.9300,100
49460843156844,13:44:20.843,18.9400,100
49741013445980,13:49:01.013,18.9200,1
49763469990193,13:49:23.469,18.9200,2
49812432994145,13:50:12.432,18.9400,16
49812433021108,13:50:12.433,18.9400,84
49812433021108,13:50:12.433,18.9400,100
49812433021108,13:50:12.433,18.9400,100
49812433892722,13:50:12.433,18.9400,100
49938406208030,13:52:18.406,18.9500,600
49938406305043,13:52:18.406,18.9500,100
49938406339954,13:52:18.406,18.9500,12
49938406385396,13:52:18.406,18.9500,88
49949031767891,13:52:29.031,18.9500,31
50049133485467,13:54:09.133,18.9300,67
50049133511809,13:54:09.133,18.9300,33
50049133870964,13:54:09.133,18.9300,75
50147221715974,13:55:47.221,18.9300,25
50209252941012,13:56:49.252,18.9200,600
50209253872933,13:56:49.253,18.9200,100
50408995407577,14:00:08.995,18.8400,100
50408995407577,14:00:08.995,18.8400,200
50409003740595,14:00:09.003,18.8400,100
50412024424005,14:00:12.024,18.8500,100
50412024482475,14:00:12.024,18.8500,100
50412024652442,14:00:12.024,18.8500,100
50412024652442,14:00:12.024,18.8500,100
50412024667722,14:00:12.024,18.8600,13
50412024670132,14:00:12.024,18.8600,40
50414061688842,14:00:14.061,18.8600,47
50414061688842,14:00:14.061,18.8600,47
50418207871368,14:00:18.207,18.8600,17
50418208099023,14:00:18.208,18.8600,36
50463088460325,14:01:03.088,18.8800,100
50463088690668,14:01:03.088,18.8800,44
50507325445351,14:01:47.325,18.8800,56
50507325445351,14:01:47.325,18.8800,100
50648150743984,14:04:08.150,18.8800,61
50717122719933,14:05:17.122,18.9300,200
50718842505850,14:05:18.842,18.9600,100
50718842532296,14:05:18.842,18.9600,100
50718842613451,14:05:18.842,18.9400,700
50719173902659,14:05:19.173,18.9600,100
50720228901483,14:05:20.228,18.9700,100
50720832903552,14:05:20.832,18.9700,100
50909969301511,14:08:29.969,18.9900,66
51193622847959,14:13:13.622,19.0100,100
51196374687442,14:13:16.374,19.0500,6
51203834887442,14:13:23.834,19.0500,100
51211595910812,14:13:31.595,19.0400,1
51225631214746,14:13:45.631,19.0400,103
51225631216082,14:13:45.631,19.0400,40
51301852751173,14:15:01.852,19.0100,91
51301852890784,14:15:01.852,19.0100,91
51301852913182,14:15:01.852,19.0100,9
51301852913182,14:15:01.852,19.0100,42
51301852977954,14:15:01.852,19.0100,49
51301856291781,14:15:01.856,19.0100,9
51301856291781,14:15:01.856,19.0100,91
51301856314633,14:15:01.856,19.0100,9
51301856314633,14:15:01.856,19.0000,91
51301856322727,14:15:01.856,19.0000,9
51409869302216,14:16:49.869,18.9500,1
51754698278566,14:22:34.698,18.8700,100
51754698278566,14:22:34.698,18.8700,5
51765415542722,14:22:45.415,18.8750,1
51778021141145,14:22:58.021,18.8800,35
51778021166084,14:22:58.021,18.8800,65
51778022446573,14:22:58.022,18.8800,96
51805780825420,14:23:25.780,18.8900,100
51805780873826,14:23:25.780,18.8900,100
51841257318373,14:24:01.257,18.9300,100
51841257343922,14:24:01.257,18.9300,100
51841257549584,14:24:01.257,18.9300,100
51841297092903,14:24:01.297,18.9300,100
51842346312088,14:24:02.346,18.9300,100
51846361351658,14:24:06.361,18.9400,200
51846361351658,14:24:06.361,18.9400,100
51924897904858,14:25:24.897,18.9300,100
52045306369488,14:27:25.306,18.8900,400
52045306609270,14:27:25.306,18.8900,30
52045307325477,14:27:25.307,18.8900,39
52141993838379,14:29:01.993,18.8800,79
52206455811627,14:30:06.455,18.8100,24
52215533321100,14:30:15.533,18.8300,100
52236124450825,14:30:36.124,18.8500,100
52495143481558,14:34:55.143,18.9100,79
52524454182506,14:35:24.454,18.9300,100
52524462520137,14:35:24.462,18.9400,200
52566602838398,14:36:06.602,18.8900,100
52566602838398,14:36:06.602,18.8900,47
52566602840666,14:36:06.602,18.8900,53
52566602955021,14:36:06.602,18.8900,100
52566603331010,14:36:06.603,18.8900,100
52566603343135,14:36:06.603,18.8900,100
52566603712628,14:36:06.603,18.8800,100
52728259662172,14:38:48.259,18.8900,15
52728259662172,14:38:48.259,18.8900,100
52728260040064,14:38:48.260,18.9000,5
52729116342038,14:38:49.116,18.9000,95
52729116342038,14:38:49.116,18.9000,5
52729116367950,14:38:49.116,18.9000,95
52729116367950,14:38:49.116,18.9000,100
52729116367950,14:38:49.116,18.9000,1
52729117213459,14:38:49.117,18.9100,100
52729117316947,14:38:49.117,18.9100,100
52814591559615,14:40:14.591,18.9000,100
52816933964274,14:40:16.933,18.9200,100
52932453131402,14:42:12.453,18.9400,97
52932453158686,14:42:12.453,18.9400,3
52932453158686,14:42:12.453,18.9400,200
52932454443495,14:42:12.454,18.9400,100
52932460544210,14:42:12.460,18.9500,200
52971604303838,14:42:51.604,19.0000,100
53127988765441,14:45:27.988,18.9700,300
53127989265297,14:45:27.989,18.9700,30
53165078144582,14:46:05.078,18.9800,200
53165078175122,14:46:05.078,18.9800,100
53165078410934,14:46:05.078,18.9900,71
53165078412166,14:46:05.078,18.9900,36
53165079022625,14:46:05.079,18.9900,143
53190037616757,14:46:30.037,19.0000,100
53190037643207,14:46:30.037,19.0000,100
53190039041288,14:46:30.039,19.0100,100
53256321992854,14:47:36.321,19.0500,200
53256321992854,14:47:36.321,19.0600,100
53324706468766,14:48:44.706,19.0400,18
53324706608175,14:48:44.706,19.0400,50
53324707359379,14:48:44.707,19.0400,100
53325029815712,14:48:45.029,19.0400,56
53516101388406,14:51:56.101,19.0300,100
53516111583313,14:51:56.111,19.0500,300
53710060207414,14:55:10.060,19.0200,68
53711175326145,14:55:11.175,19.0200,100
53887917115893,14:58:07.917,19.0000,200
53887917167365,14:58:07.917,19.0000,40
53910055447407,14:58:30.055,19.0000,100
53918650618757,14:58:38.650,19.0000,100
53933759989324,14:58:53.759,19.0000,200
53945334707884,14:59:05.334,19.0000,200
53952339948613,14:59:12.339,19.0000,200
53966251620937,14:59:26.251,19.0000,100
54129685635751,15:02:09.685,18.9900,100
54129685635751,15:02:09.685,18.9900,100
54129685635751,15:02:09.685,18.9900,100
54129685853509,15:02:09.685,18.9900,60
54129686050149,15:02:09.686,18.9900,40
54129686082518,15:02:09.686,18.9900,9
54129688614354,15:02:09.688,18.9800,5
54129782128390,15:02:09.782,18.9700,100
54234228388357,15:03:54.228,18.9500,1
54336055126879,15:05:36.055,18.9400,100
54336055126879,15:05:36.055,18.9400,100
54344148520973,15:05:44.148,18.9500,100
54658235555913,15:10:58.235,18.9000,100
54658235555913,15:10:58.235,18.9000,100
54658258633773,15:10:58.258,18.8900,71
54658258659723,15:10:58.258,18.8950,100
54658258659723,15:10:58.258,18.8900,29
54658258684760,15:10:58.258,18.8900,100
54658259200355,15:10:58.259,18.8900,100
54658259263518,15:10:58.259,18.8900,100
54714981290734,15:11:54.981,18.9000,100
54718025849865,15:11:58.025,18.9300,100
54718025849865,15:11:58.025,18.9300,100
54825051870964,15:13:45.051,18.9500,400
54985336098460,15:16:25.336,18.9700,100
54985336098460,15:16:25.336,18.9700,100
54996015404168,15:16:36.015,18.9900,100
55088077901315,15:18:08.077,18.9800,100
55088077901315,15:18:08.077,18.9800,100
55088078359645,15:18:08.078,18.9800,11
55088137024953,15:18:08.137,18.9600,100
55088137024953,15:18:08.137,18.9600,14
55088137024953,15:18:08.137,18.9600,21
55101629424758,15:18:21.629,18.9400,1
55139607871949,15:18:59.607,18.9600,50
55201219757104,15:20:01.219,18.9700,100
55210814859251,15:20:10.814,18.9500,100
55210814859251,15:20:10.814,18.9500,200
55210817614814,15:20:10.817,18.9400,100
55210818974987,15:20:10.818,18.9200,400
55265632877603,15:21:05.632,18.9300,21
55282429673698,15:21:22.429,18.9200,13
55282429828542,15:21:22.429,18.9200,5
55321325762525,15:22:01.325,18.8700,200
55323129281754,15:22:03.129,18.8700,94
55323129281754,15:22:03.129,18.8700,6
55323129307049,15:22:03.129,18.8700,94
55335843270732,15:22:15.843,18.8700,100
55335937526312,15:22:15.937,18.8700,100
55338251787585,15:22:18.251,18.8700,100
55338251787585,15:22:18.251,18.8700,100
55338252466626,15:22:18.252,18.8700,100
55472745161946,15:24:32.745,18.8600,100
55472745807955,15:24:32.745,18.8600,49
55487850858532,15:24:47.850,18.8800,45
55487850858532,15:24:47.850,18.8900,55
55487851036595,15:24:47.851,18.8900,45
55491102144621,15:24:51.102,18.9000,100
55592507457243,15:26:32.507,18.9100,100
55592507457243,15:26:32.507,18.9100,100
55595675033159,15:26:35.675,18.9300,50
55595675059032,15:26:35.675,18.9300,50
55790468050963,15:29:50.468,18.9300,100
55791411900095,15:29:51.411,18.9300,86
55791411900095,15:29:51.411,18.9300,14
55845740307601,15:30:45.740,18.9200,100
55866394867683,15:31:06.394,18.9200,100
55881047041192,15:31:21.047,18.9200,100
55881047041192,15:31:21.047,18.9300,100
55900059525259,15:31:40.059,18.9300,100
55900061396971,15:31:40.061,18.9300,200
55961077856446,15:32:41.077,18.9300,80
55961077862489,15:32:41.077,18.9300,20
55961079132829,15:32:41.079,18.9200,14
55965843520614,15:32:45.843,18.9000,100
55965843520614,15:32:45.843,18.9000,100
55965843520614,15:32:45.843,18.9000,100
55965843520614,15:32:45.843,18.9000,100
55965844467790,15:32:45.844,18.9000,20
55966235732709,15:32:46.235,18.9000,18
56017541054809,15:33:37.541,18.9200,200
56017541054809,15:33:37.541,18.9200,300
56017542734324,15:33:37.542,18.9000,100
56017547642811,15:33:37.547,18.8900,100
56017547642811,15:33:37.547,18.8900,100
56017547642811,15:33:37.547,18.8900,200
56018794414158,15:33:38.794,18.9000,200
56018794709720,15:33:38.794,18.9000,300
56018794709720,15:33:38.794,18.9000,100
56018794810113,15:33:38.794,18.9000,100
56022500721937,15:33:42.500,18.9000,30
56037719216363,15:33:57.719,18.9000,11
56037719273776,15:33:57.719,18.9000,100
56039975995629,15:33:59.975,18.8900,200
56039975995629,15:33:59.975,18.8900,200
56039975995629,15:33:59.975,18.8900,100
56045643064272,15:34:05.643,18.9000,100
56065441828514,15:34:25.441,18.9000,100
56069364641137,15:34:29.364,18.9000,100
56069364959187,15:34:29.364,18.9000,100
56069364959187,15:34:29.364,18.9000,100
56070094527557,15:34:30.094,18.9000,13
56325506024009,15:38:45.506,18.9000,100
56325506024009,15:38:45.506,18.9000,100
56325506024009,15:38:45.506,18.9000,200
56325506191881,15:38:45.506,18.9000,500
56325506191881,15:38:45.506,18.9000,100
56325506393867,15:38:45.506,18.9000,100
56325506393867,15:38:45.506,18.9000,300
56325506413080,15:38:45.506,18.9000,100
56386174328001,15:39:46.174,18.8900,100
56386174328001,15:39:46.174,18.8900,100
56386174328001,15:39:46.174,18.8900,100
56386174328001,15:39:46.174,18.8900,100
56386177585043,15:39:46.177,18.8800,100
56386177585043,15:39:46.177,18.8800,100
56386182414336,15:39:46.182,18.8800,200
56426598960646,15:40:26.598,18.8800,45
56426599192444,15:40:26.599,18.8800,29
56426599246500,15:40:26.599,18.8800,126
56479214422797,15:41:19.214,18.8600,100
56479215640136,15:41:19.215,18.8500,100
56500058176377,15:41:40.058,18.8400,100
56500058176377,15:41:40.058,18.8400,113
56500058206430,15:41:40.058,18.8400,87
56575082541691,15:42:55.082,18.8300,89
56586640233270,15:43:06.640,18.8300,11
56586640233270,15:43:06.640,18.8300,89
56586640420945,15:43:06.640,18.8300,11
56648374585126,15:44:08.374,18.8300,100
56648374585126,15:44:08.374,18.8300,100
56648374585126,15:44:08.374,18.8300,200
56648374987682,15:44:08.374,18.8300,200
56648375674219,15:44:08.375,18.8400,200
56674378009292,15:44:34.378,18.8500,100
56675933038813,15:44:35.933,18.8500,315
56677456735973,15:44:37.456,18.8500,85
56697097216098,15:44:57.097,18.8500,100
56700014604893,15:45:00.014,18.8400,100
56729142999711,15:45:29.142,18.8500,8
56971761354283,15:49:31.761,18.8400,100
56971761354283,15:49:31.761,18.8400,100
56971761354283,15:49:31.761,18.8400,700
56980170786414,15:49:40.170,18.8300,64
57008169744483,15:50:08.169,18.8400,92
57008169744483,15:50:08.169,18.8400,100
57008169744483,15:50:08.169,18.8400,100
57008169906280,15:50:08.169,18.8400,100
57008170160472,15:50:08.170,18.8400,100
57008170480378,15:50:08.170,18.8400,100
57008171186442,15:50:08.171,18.8400,100
57008171286270,15:50:08.171,18.8400,10
57008181820422,15:50:08.181,18.8500,100
57008181820422,15:50:08.181,18.8500,46
57008182454283,15:50:08.182,18.8500,100
57008182454283,15:50:08.182,18.8500,90
57009168129013,15:50:09.168,18.8500,90
57020652501378,15:50:20.652,18.8500,100
57023175404338,15:50:23.175,18.8500,20
57023175488650,15:50:23.175,18.8500,100
57023175608536,15:50:23.175,18.8500,80
57028113668450,15:50:28.113,18.8600,100
57068467678972,15:51:08.467,18.8700,100
57068467678972,15:51:08.467,18.8700,100
57068760312381,15:51:08.760,18.8800,100
57103811721152,15:51:43.811,18.8900,100
57103811721152,15:51:43.811,18.8900,100
57103813604034,15:51:43.813,18.8800,100
57103831197656,15:51:43.831,18.8700,100
57154631358560,15:52:34.631,18.8700,199
57154631361690,15:52:34.631,18.8700,86
57154631374309,15:52:34.631,18.8700,15
57154631374309,15:52:34.631,18.8700,13
57154631375169,15:52:34.631,18.8700,49
57154631386434,15:52:34.631,18.8700,38
57154631386434,15:52:34.631,18.8700,163
57154631406344,15:52:34.631,18.8700,38
57154631501920,15:52:34.631,18.8700,83
57154631514739,15:52:34.631,18.8700,17
57154631514739,15:52:34.631,18.8700,99
57154631514739,15:52:34.631,18.8700,100
57154632767665,15:52:34.632,18.8700,100
57208016497882,15:53:28.016,18.8650,2
57223823334975,15:53:43.823,18.8700,100
57223919280128,15:53:43.919,18.8700,100
57232454089789,15:53:52.454,18.8800,100
57236428145519,15:53:56.428,18.8800,30
57251606764197,15:54:11.606,18.8700,100
57251606764197,15:54:11.606,18.8700,100
57251608436472,15:54:11.608,18.8600,100
57251609012746,15:54:11.609,18.8600,4
57251609553058,15:54:11.609,18.8600,75
57326143305875,15:55:26.143,18.8600,200
57326144007564,15:55:26.144,18.8700,100
57326144058473,15:55:26.144,18.8600,100
57326145187196,15:55:26.145,18.8600,100
57329622343440,15:55:29.622,18.8700,70
57333323306517,15:55:33.323,18.8700,70
57333323310056,15:55:33.323,18.8700,100
57333323348073,15:55:33.323,18.8700,100
57368219099831,15:56:08.219,18.8800,100
57371944596157,15:56:11.944,18.8800,100
57374721992356,15:56:14.721,18.8800,200
57375620643646,15:56:15.620,18.8800,100
57379302632029,15:56:19.302,18.8800,100
57380657156897,15:56:20.657,18.8700,600
57380657156897,15:56:20.657,18.8700,100
57380657156897,15:56:20.657,18.8700,400
57380657156897,15:56:20.657,18.8700,1
57405199003623,15:56:45.199,18.8800,70
57412559700937,15:56:52.559,18.8800,100
57416245452355,15:56:56.245,18.8800,100
57423606719064,15:57:03.606,18.8800,100
57427289309428,15:57:07.289,18.8800,100
57450757269432,15:57:30.757,18.8800,25
57451581575825,15:57:31.581,18.8800,100
57456754494662,15:57:36.754,18.8800,100
57460491448501,15:57:40.491,18.8800,30
57482005142336,15:58:02.005,18.8750,1
57528123581223,15:58:48.123,18.8600,12
57559543967899,15:59:19.543,18.8900,100
57566763958868,15:59:26.763,18.9000,11
57579133172619,15:59:39.133,18.8900,100
57600594279142,16:00:00.594,0.0000,0
