timestamp,time,price,volume
34200937850072,09:30:00.937,0.0000,0
34258380902580,09:30:58.380,175.0600,10
34258405089423,09:30:58.405,175.1200,10
34258409148748,09:30:58.409,175.0600,10
34258409148748,09:30:58.409,175.0600,10
34258409148748,09:30:58.409,175.0300,70
34258409779582,09:30:58.409,175.0800,100
34258409883687,09:30:58.409,175.1300,10
34259042976991,09:30:59.042,175.1500,130
34259042976991,09:30:59.042,175.1500,10
34259441088759,09:30:59.441,175.1500,10
34259442559084,09:30:59.442,175.1500,100
34260081503104,09:31:00.081,175.1800,1
34266083069249,09:31:06.083,175.3600,50
34302455681783,09:31:42.455,175.1500,2
34304924192675,09:31:44.924,175.0000,1
34304924278054,09:31:44.924,175.0000,100
34333116387658,09:32:13.116,175.1000,4
34333116658382,09:32:13.116,175.1000,97
34333117603891,09:32:13.117,175.0500,100
34333117603891,09:32:13.117,175.0500,100
34333117603891,09:32:13.117,175.0500,100
34394202340495,09:33:14.202,175.0400,1
34394202340495,09:33:14.202,175.0400,3
34394202766718,09:33:14.202,175.0000,100
34431386281125,09:33:51.386,174.5200,1
34431387238316,09:33:51.387,174.4700,100
34433391177021,09:33:53.391,174.3800,50
34434071010157,09:33:54.071,174.2700,100
34445776929988,09:34:05.776,174.3900,100
34445776971914,09:34:05.776,174.4000,38
34445777001117,09:34:05.777,174.4000,62
34451396228991,09:34:11.396,174.4600,1
34459673247406,09:34:19.673,174.4600,3
34459673328327,09:34:19.673,174.4600,100
34459673360058,09:34:19.673,174.4900,30
34459673390046,09:34:19.673,174.4900,123
34459673460073,09:34:19.673,174.4600,100
34459674087157,09:34:19.674,174.4100,100
34575476778517,09:36:15.476,174.3500,1
34575476778517,09:36:15.476,174.3500,1
34575477054103,09:36:15.477,174.3100,1
34575477450493,09:36:15.477,174.3000,100
34575478074714,09:36:15.478,174.3000,185
34575653519720,09:36:15.653,174.3000,15
34575653573475,09:36:15.653,174.3000,100
34577082350618,09:36:17.082,174.2500,400
34577253122223,09:36:17.253,174.3500,100
34577253122223,09:36:17.253,174.3500,100
34577256410015,09:36:17.256,174.3900,59
34577474623393,09:36:17.474,174.3900,99
34578052105169,09:36:18.052,174.3900,100
34578054329485,09:36:18.054,174.4300,17
34584043869725,09:36:24.043,174.3400,40
34595169239457,09:36:35.169,174.2500,5
34616275899212,09:36:56.275,174.3000,100
34648818895963,09:37:28.818,174.1400,1
34677295731609,09:37:57.295,174.0000,5
34677295731609,09:37:57.295,174.0000,1
34692472652830,09:38:12.472,174.0000,100
34692472955694,09:38:12.472,174.0600,100
34692474433317,09:38:12.474,174.1900,3
34692474789540,09:38:12.474,174.2200,3
34692658939622,09:38:12.658,174.2200,100
34692892235679,09:38:12.892,174.0900,100
34694878687734,09:38:14.878,174.2300,100
34731243910999,09:38:51.243,174.2500,100
34731244012327,09:38:51.244,174.2500,100
34731259296971,09:38:51.259,174.3700,100
34754262073358,09:39:14.262,174.4500,1
34754262073358,09:39:14.262,174.4500,7
34778554792572,09:39:38.554,174.5800,7
34778554792572,09:39:38.554,174.5800,100
34844262800153,09:40:44.262,174.6200,78
34845434590111,09:40:45.434,174.6000,1
34845434590111,09:40:45.434,174.6000,1
34845435085370,09:40:45.435,174.5600,6
34845435121910,09:40:45.435,174.5600,16
34847701968676,09:40:47.701,174.5600,100
34856048595605,09:40:56.048,174.6100,100
34857910062280,09:40:57.910,174.5500,1
34857910139760,09:40:57.910,174.5500,100
34865909285565,09:41:05.909,174.5000,100
34876255576616,09:41:16.255,174.3900,1
34882459201726,09:41:22.459,174.3700,100
34887967360555,09:41:27.967,174.4000,100
34901808377978,09:41:41.808,174.2800,50
34912488557545,09:41:52.488,174.1100,100
34914302952600,09:41:54.302,174.1000,1
34914844752269,09:41:54.844,174.0000,5
34914844839403,09:41:54.844,173.9700,100
34922494824043,09:42:02.494,174.1000,5
34938623480809,09:42:18.623,174.1400,100
34938624836830,09:42:18.624,174.1400,5
34947861432422,09:42:27.861,173.9500,45
34948627456878,09:42:28.627,174.0700,100
34951472050112,09:42:31.472,174.0900,100
34951472050112,09:42:31.472,174.0900,5
34951489271631,09:42:31.489,174.0800,100
34954064726176,09:42:34.064,174.1400,100
34954064726176,09:42:34.064,174.1400,5
34954064800046,09:42:34.064,174.1400,100
34976348875154,09:42:56.348,174.2800,5
34976349394462,09:42:56.349,174.3100,7
34987152028637,09:43:07.152,174.3600,3
34987152028637,09:43:07.152,174.3600,5
35008961103288,09:43:28.961,174.2200,1
35019998266593,09:43:39.998,174.0800,5
35043869566854,09:44:03.869,174.0600,162
35043869566854,09:44:03.869,174.0600,5
35043870306823,09:44:03.870,174.1000,1
35045218852341,09:44:05.218,174.1700,100
35090733509861,09:44:50.733,174.0200,100
35090733509861,09:44:50.733,174.0200,13
35142547942812,09:45:42.547,174.0000,18
35142547942812,09:45:42.547,174.0000,82
35142547987383,09:45:42.547,174.0000,8
35142548023619,09:45:42.548,174.0000,10
35142548023619,09:45:42.548,174.0000,1
35142548023619,09:45:42.548,174.0000,77
35142548845642,09:45:42.548,173.9900,1
35142548925631,09:45:42.548,174.0000,100
35155475924206,09:45:55.475,173.9300,100
35155486425246,09:45:55.486,173.9300,100
35175613961751,09:46:15.613,173.9200,50
35175613961751,09:46:15.613,173.9200,100
35175613961751,09:46:15.613,173.9200,100
35175614033859,09:46:15.614,173.9200,23
35209771046077,09:46:49.771,173.9700,1
35221207740806,09:47:01.207,173.9300,1
35221207740806,09:47:01.207,173.9300,47
35225759519781,09:47:05.759,174.0600,5
35225759519781,09:47:05.759,174.0600,139
35225759762572,09:47:05.759,174.0800,166
35230116843832,09:47:10.116,174.1400,4
35238585966500,09:47:18.585,174.0600,1
35238586009728,09:47:18.586,174.0500,1
35238586009728,09:47:18.586,174.0500,1
35238586043183,09:47:18.586,174.0500,62
35238586219353,09:47:18.586,174.0500,37
35238586344750,09:47:18.586,174.0400,60
35238586454942,09:47:18.586,174.0100,2
35262785320836,09:47:42.785,173.8500,1
35262787103683,09:47:42.787,173.8500,100
35262787103683,09:47:42.787,173.8500,100
35274947973202,09:47:54.947,173.9200,5
35274947973202,09:47:54.947,173.9200,95
35274948595745,09:47:54.948,173.9200,5
35274948595745,09:47:54.948,173.9200,100
35274948863855,09:47:54.948,173.9300,100
35274948913263,09:47:54.948,173.9300,54
35274949192301,09:47:54.949,173.9600,100
35274949513234,09:47:54.949,173.9300,100
35286877547370,09:48:06.877,173.9200,1
35290584741908,09:48:10.584,173.8000,100
35290585028541,09:48:10.585,173.7500,150
35290585028541,09:48:10.585,173.7500,20
35320248763327,09:48:40.248,173.7000,1
35320249040525,09:48:40.249,173.7000,100
35320249121473,09:48:40.249,173.7000,50
35320249167105,09:48:40.249,173.7000,50
35320249613912,09:48:40.249,173.6700,2
35320250434797,09:48:40.250,173.6500,100
35320250434797,09:48:40.250,173.6200,98
35323509170533,09:48:43.509,173.7700,13
35323510734622,09:48:43.510,173.7700,87
35323510734622,09:48:43.510,173.7700,5
35335831652434,09:48:55.831,173.6100,100
35335831833722,09:48:55.831,173.6000,4
35335831896434,09:48:55.831,173.5800,2
35335831911205,09:48:55.831,173.5700,1
35335831911205,09:48:55.831,173.5500,100
35399956768607,09:49:59.956,173.7700,2
35399956768607,09:49:59.956,173.7700,5
35411985737845,09:50:11.985,173.6700,2
35411985839354,09:50:11.985,173.6600,100
35442596153044,09:50:42.596,173.5200,1
35442596153044,09:50:42.596,173.5200,1
35442596222979,09:50:42.596,173.5200,100
35442620840136,09:50:42.620,173.4300,33
35459356574173,09:50:59.356,173.4000,1
35465024249875,09:51:05.024,173.3900,50
35465024275288,09:51:05.024,173.3900,115
35465024343667,09:51:05.024,173.4200,10
35505003176501,09:51:45.003,173.3700,1
35525631939176,09:52:05.631,173.4300,3
35540875699089,09:52:20.875,173.3700,1
35540877674029,09:52:20.877,173.3700,100
35540880442680,09:52:20.880,173.3700,100
35540887768052,09:52:20.887,173.4100,100
35540887768052,09:52:20.887,173.4500,100
35540887768052,09:52:20.887,173.4500,5
35540887874781,09:52:20.887,173.4500,100
35540887930512,09:52:20.887,173.4000,10
35540888000058,09:52:20.888,173.4400,10
35540888000058,09:52:20.888,173.4800,122
35540890985350,09:52:20.890,173.4700,100
35540894676635,09:52:20.894,173.4000,10
35540894676635,09:52:20.894,173.3700,90
35554325465529,09:52:34.325,173.4700,4
35554325465529,09:52:34.325,173.4700,5
35554325883196,09:52:34.325,173.4800,40
35554326053680,09:52:34.326,173.4900,140
35561348671087,09:52:41.348,173.4100,5
35561348671087,09:52:41.348,173.4100,95
35570000803902,09:52:50.000,173.5200,6
35579487362078,09:52:59.487,173.5200,94
35579487362078,09:52:59.487,173.5200,100
35579487362078,09:52:59.487,173.5200,5
35614433818007,09:53:34.433,173.5500,2
35614433926556,09:53:34.433,173.5500,100
35650156373131,09:54:10.156,173.5600,100
35658485817900,09:54:18.485,173.7100,5
35658486201837,09:54:18.486,173.7100,95
35658486201837,09:54:18.486,173.7300,5
35658486201837,09:54:18.486,173.7300,5
35658487034975,09:54:18.487,173.7300,95
35666541634793,09:54:26.541,173.7700,3
35695308031551,09:54:55.308,173.7700,78
35695308061117,09:54:55.308,173.7700,19
35695308061117,09:54:55.308,173.7800,4
35695308285623,09:54:55.308,173.7800,74
35695308290160,09:54:55.308,173.7800,58
35695308325707,09:54:55.308,173.7800,14
35695308325707,09:54:55.308,173.7800,5
35699933999766,09:54:59.933,173.7600,50
35699933999766,09:54:59.933,173.7600,50
35699934055071,09:54:59.934,173.7600,50
35699934055071,09:54:59.934,173.7600,50
35699934068890,09:54:59.934,173.7600,50
35716428094708,09:55:16.428,173.7200,100
35716428094708,09:55:16.428,173.7200,100
35716428125218,09:55:16.428,173.7200,100
35716428125218,09:55:16.428,173.7200,1
35716463558865,09:55:16.463,173.6500,2
35731975330407,09:55:31.975,173.5500,2
35731976001686,09:55:31.976,173.5100,1
35731977463388,09:55:31.977,173.5500,26
35731977492464,09:55:31.977,173.5500,74
35752601844750,09:55:52.601,173.5000,1
35755740295269,09:55:55.740,173.4300,100
35776628933492,09:56:16.628,173.3700,100
35794768705770,09:56:34.768,173.2600,15
35794768705770,09:56:34.768,173.2600,85
35801684115734,09:56:41.684,173.2600,15
35807864317833,09:56:47.864,173.2700,47
35807864381462,09:56:47.864,173.2700,32
35807864410778,09:56:47.864,173.2700,62
35807864502683,09:56:47.864,173.2900,95
35807864513358,09:56:47.864,173.2900,5
35807864513358,09:56:47.864,173.3000,30
35807864513358,09:56:47.864,173.3000,5
35807864513358,09:56:47.864,173.3100,55
35807864583282,09:56:47.864,173.3100,5
35807865130948,09:56:47.865,173.3700,75
35816993013114,09:56:56.993,173.3900,62
35816993793149,09:56:56.993,173.3900,38
35816993793149,09:56:56.993,173.3900,5
35821440621285,09:57:01.440,173.4700,5
35828356642619,09:57:08.356,173.5600,100
35828356710733,09:57:08.356,173.5500,1
35828356757992,09:57:08.356,173.5500,1
35828356757992,09:57:08.356,173.5600,65
35828356802008,09:57:08.356,173.5600,18
35828874193706,09:57:08.874,173.5300,100
35862885152834,09:57:42.885,173.5500,1
35862897444725,09:57:42.897,173.5100,1
35862897444725,09:57:42.897,173.5100,1
35865907226314,09:57:45.907,173.4100,2
35865907226314,09:57:45.907,173.4100,29
35865907351091,09:57:45.907,173.4100,41
35894193834010,09:58:14.193,173.3200,100
35894193834010,09:58:14.193,173.3200,5
35933857929093,09:58:53.857,173.3300,2
35933858210622,09:58:53.858,173.3200,1
35945092753993,09:59:05.092,173.4400,6
35945093040479,09:59:05.093,173.4500,1
35945093040479,09:59:05.093,173.4500,5
35945093340605,09:59:05.093,173.4500,100
35982190737789,09:59:42.190,173.5400,100
35982190828151,09:59:42.190,173.5400,5
36010864303855,10:00:10.864,173.5400,1
36010865269354,10:00:10.865,173.5200,100
36011946870381,10:00:11.946,173.4900,35
36011946916311,10:00:11.946,173.4900,32
36011946940670,10:00:11.946,173.4900,33
36015157722082,10:00:15.157,173.4900,32
36020616788975,10:00:20.616,173.4900,11
36020616788975,10:00:20.616,173.4900,89
36022688483987,10:00:22.688,173.4900,11
36119055834508,10:01:59.055,173.4900,19
36119055845349,10:01:59.055,173.4900,136
36126729231117,10:02:06.729,173.4500,1
36126729231117,10:02:06.729,173.4500,6
36129919572552,10:02:09.919,173.5000,100
36129919835443,10:02:09.919,173.5200,12
36129922816951,10:02:09.922,173.5200,1
36129922816951,10:02:09.922,173.5200,1
36129922816951,10:02:09.922,173.5200,1
36129922869575,10:02:09.922,173.4800,100
36129960575224,10:02:09.960,173.4800,100
36132141545673,10:02:12.141,173.4600,4
36158254499071,10:02:38.254,173.4300,2
36158254499071,10:02:38.254,173.4300,1
36158254499071,10:02:38.254,173.4300,1
36173534007211,10:02:53.534,173.2400,19
36173534204678,10:02:53.534,173.2400,81
36173534204678,10:02:53.534,173.2400,5
36192996124805,10:03:12.996,173.2300,18
36204928885376,10:03:24.928,173.2300,28
36204928885376,10:03:24.928,173.2300,5
36217627973804,10:03:37.627,173.2700,157
36217627973804,10:03:37.627,173.2700,5
36217627973804,10:03:37.627,173.2700,22
36217627973804,10:03:37.627,173.2700,100
36217628219839,10:03:37.628,173.2900,139
36217628727581,10:03:37.628,173.3000,11
36287720862291,10:04:47.720,173.3800,4
36299519686849,10:04:59.519,173.2900,1
36299519686849,10:04:59.519,173.2900,100
36299519741357,10:04:59.519,173.2300,2
36339141433587,10:05:39.141,173.3000,44
36381204051770,10:06:21.204,173.3200,100
36381204051770,10:06:21.204,173.3200,100
36381204098316,10:06:21.204,173.3200,64
36381204900481,10:06:21.204,173.3400,1
36381204900481,10:06:21.204,173.3400,157
36381204900481,10:06:21.204,173.3400,1
36381204932388,10:06:21.204,173.3400,99
36381204970103,10:06:21.204,173.3500,1
36393084463348,10:06:33.084,173.4400,11
36403374947157,10:06:43.374,173.4600,4
36403375503683,10:06:43.375,173.4400,37
36403376632405,10:06:43.376,173.4200,2
36434569340307,10:07:14.569,173.3600,1
36490669275258,10:08:10.669,173.3700,1
36499571764918,10:08:19.571,173.3100,100
36547491053560,10:09:07.491,173.3100,1
36547491053560,10:09:07.491,173.3100,1
36547491224879,10:09:07.491,173.3000,2
36601274304531,10:10:01.274,173.3300,1
36601274348773,10:10:01.274,173.3400,61
36601274400364,10:10:01.274,173.3400,80
36601274400364,10:10:01.274,173.3400,60
36601274406230,10:10:01.274,173.3400,40
36612241686865,10:10:12.241,173.3600,32
36612244064594,10:10:12.244,173.3600,32
36612244104819,10:10:12.244,173.3600,36
36640266116454,10:10:40.266,173.2700,1
36640266116454,10:10:40.266,173.2700,99
36640266261629,10:10:40.266,173.2700,1
36697368624983,10:11:37.368,173.4000,25
36697368654825,10:11:37.368,173.4000,75
36697368891045,10:11:37.368,173.4100,12
36697370497621,10:11:37.370,173.4600,3
36708819454252,10:11:48.819,173.5500,168
36708819454252,10:11:48.819,173.5500,7
36734279798351,10:12:14.279,173.5900,23
36734281141600,10:12:14.281,173.5900,77
36734314255051,10:12:14.314,173.6100,1
36769293535396,10:12:49.293,173.6200,1
36771635061828,10:12:51.635,173.5700,29
36771635185150,10:12:51.635,173.5700,71
36771635185150,10:12:51.635,173.5700,1
36771635233881,10:12:51.635,173.5700,4
36771637623696,10:12:51.637,173.5400,100
36771638005281,10:12:51.638,173.5300,2
36771667474657,10:12:51.667,173.5300,3
36773454271316,10:12:53.454,173.5300,42
36773454303159,10:12:53.454,173.5300,55
36820237848302,10:13:40.237,173.6000,1
36820472115238,10:13:40.472,173.5400,2
36860605064526,10:14:20.605,173.5200,5
36861000966498,10:14:21.000,173.5600,100
36861675865184,10:14:21.675,173.6000,2
36865768426548,10:14:25.768,173.6000,1
36867020988560,10:14:27.020,173.6000,1
36885916572553,10:14:45.916,173.5600,5
36885916793494,10:14:45.916,173.5400,92
36885916806008,10:14:45.916,173.5400,8
36885916818644,10:14:45.916,173.5300,12
36898012506082,10:14:58.012,173.5100,1
36898012506082,10:14:58.012,173.5100,5
36898012506082,10:14:58.012,173.5100,2
36898012506082,10:14:58.012,173.5100,92
36898012620186,10:14:58.012,173.5100,7
36911311086968,10:15:11.311,173.4300,5
36933936577627,10:15:33.936,173.3300,3
36933936577627,10:15:33.936,173.3300,5
36966090893209,10:16:06.090,173.3100,2
36966090893209,10:16:06.090,173.3100,5
36974372287269,10:16:14.372,173.3200,25
36974381387872,10:16:14.381,173.3000,5
36974381439339,10:16:14.381,173.3000,50
36974381462387,10:16:14.381,173.3000,50
36974381497611,10:16:14.381,173.3000,42
36976592772503,10:16:16.592,173.3300,25
36977240115338,10:16:17.240,173.3500,100
36977240116601,10:16:17.240,173.3500,100
37002963975925,10:16:42.963,173.3900,13
37002963975925,10:16:42.963,173.3900,2
37002988775061,10:16:42.988,173.4200,100
37005025116812,10:16:45.025,173.4200,150
37005025170509,10:16:45.025,173.4200,16
37055556232866,10:17:35.556,173.5000,19
37069001181247,10:17:49.001,173.3900,1
37069001181247,10:17:49.001,173.3900,1
37069186967886,10:17:49.186,173.3800,100
37087383882679,10:18:07.383,173.3200,2
37087383882679,10:18:07.383,173.3200,5
37087388621469,10:18:07.388,173.2900,13
37089868421391,10:18:09.868,173.2700,31
37089868530597,10:18:09.868,173.3100,10
37090025997451,10:18:10.025,173.2800,100
37091885522002,10:18:11.885,173.3200,5
37091885522002,10:18:11.885,173.3200,100
37091885522002,10:18:11.885,173.3200,100
37091885522002,10:18:11.885,173.3200,100
37094137821427,10:18:14.137,173.2700,10
37094731446562,10:18:14.731,173.3000,100
37094731470925,10:18:14.731,173.3000,57
37136538151481,10:18:56.538,173.3300,1
37137236063540,10:18:57.236,173.3700,7
37137237819924,10:18:57.237,173.3900,100
37170715804944,10:19:30.715,173.4400,163
37174178563200,10:19:34.178,173.4900,1
37193054527023,10:19:53.054,173.4600,12
37214351343119,10:20:14.351,173.5500,5
37214351548307,10:20:14.351,173.5500,1
37262254205357,10:21:02.254,173.5200,5
37262254205357,10:21:02.254,173.5200,1
37262254205357,10:21:02.254,173.5200,1
37262254205357,10:21:02.254,173.5200,1
37262254205357,10:21:02.254,173.5200,100
37262255682405,10:21:02.255,173.5100,100
37283784855144,10:21:23.784,173.5100,1
37283785011219,10:21:23.785,173.5200,14
37310724282306,10:21:50.724,173.4800,50
37310726697791,10:21:50.726,173.4700,5
37339150215791,10:22:19.150,173.4500,6
37352278024849,10:22:32.278,173.4500,100
37373032505426,10:22:53.032,173.4400,1
37373032505426,10:22:53.032,173.4400,5
37373032505426,10:22:53.032,173.4400,1
37413293380795,10:23:33.293,173.4900,172
37413295805009,10:23:33.295,173.5200,100
37413295836135,10:23:33.295,173.5200,90
37443452752100,10:24:03.452,173.4300,100
37443452794949,10:24:03.452,173.4300,5
37443452794949,10:24:03.452,173.4300,2
37503393385717,10:25:03.393,173.4700,38
37509608361859,10:25:09.608,173.4800,147
37509608361859,10:25:09.608,173.4800,100
37509609961341,10:25:09.609,173.5100,100
37554636197675,10:25:54.636,173.5600,1
37557456339257,10:25:57.456,173.5700,1
37562889653761,10:26:02.889,173.6100,7
37562889677643,10:26:02.889,173.6100,157
37570480863988,10:26:10.480,173.6700,1000
37592820934714,10:26:32.820,173.7400,700
37614360225116,10:26:54.360,173.7100,75
37614360256363,10:26:54.360,173.7100,25
37614360256363,10:26:54.360,173.7100,5
37614360256363,10:26:54.360,173.7100,100
37614360256363,10:26:54.360,173.7100,2
37623865726392,10:27:03.865,173.6400,5
37623865787244,10:27:03.865,173.6400,5
37623866319098,10:27:03.866,173.6300,5
37721526024924,10:28:41.526,173.6700,70
37721526042910,10:28:41.526,173.6700,30
37721526042910,10:28:41.526,173.6700,5
37721527607302,10:28:41.527,173.6300,42
37737005765833,10:28:57.005,173.6900,5
37737125784760,10:28:57.125,173.6900,35
37737125811322,10:28:57.125,173.6900,116
37790056144809,10:29:50.056,173.7100,100
37790056144809,10:29:50.056,173.7300,21
37790074815587,10:29:50.074,173.7300,79
37790074815587,10:29:50.074,173.7300,21
37790074842750,10:29:50.074,173.7300,78
37790074842750,10:29:50.074,173.7300,100
37790075344903,10:29:50.075,173.7400,8
37790104487406,10:29:50.104,173.7600,33
37801987868786,10:30:01.987,173.7600,100
37801987988495,10:30:01.987,173.7600,29
37801988073840,10:30:01.988,173.7700,100
37813412088061,10:30:13.412,173.8300,5
37837069355194,10:30:37.069,173.8300,2
37839145048668,10:30:39.145,173.8300,1
37850346811598,10:30:50.346,173.8600,14
37850346811598,10:30:50.346,173.8600,50
37850346811598,10:30:50.346,173.8600,1
37850346811598,10:30:50.346,173.8600,8
37864707146473,10:31:04.707,173.8900,1
37864707170185,10:31:04.707,173.8900,7
37864707188575,10:31:04.707,173.8900,7
37864810193685,10:31:04.810,173.9200,24
37864811869051,10:31:04.811,173.9200,24
37864815170895,10:31:04.815,173.9200,20
37864816850018,10:31:04.816,173.9200,20
37864818523450,10:31:04.818,173.9200,20
37864818549824,10:31:04.818,173.9200,55
37869798647513,10:31:09.798,173.8700,1
37889549087546,10:31:29.549,173.9700,8
37890130854022,10:31:30.130,173.9900,1
37994605708800,10:33:14.605,174.0200,1
37994606715631,10:33:14.606,174.0000,200
37994607720957,10:33:14.607,174.0200,10
37994607742697,10:33:14.607,174.0500,100
37994607742697,10:33:14.607,174.0600,43
37994608039000,10:33:14.608,174.0400,10
38002376260816,10:33:22.376,174.0500,100
38003101847837,10:33:23.101,174.0200,10
38003101847837,10:33:23.101,174.0200,5
38003101847837,10:33:23.101,174.0200,1
38003102299923,10:33:23.102,174.0100,100
38003102299923,10:33:23.102,174.0100,100
38003103724206,10:33:23.103,174.0000,1
38003103788999,10:33:23.103,173.9900,17
38003105444252,10:33:23.105,173.9800,100
38003107363233,10:33:23.107,174.0100,100
38035836412620,10:33:55.836,173.9900,1
38035836412620,10:33:55.836,173.9900,5
38035843550421,10:33:55.843,173.9600,100
38035843550421,10:33:55.843,173.9600,17
38035850021929,10:33:55.850,173.9400,1
38035850021929,10:33:55.850,173.9400,100
38059921560697,10:34:19.921,173.8400,100
38059921560697,10:34:19.921,173.8400,5
38059921560697,10:34:19.921,173.8400,1
38059921560697,10:34:19.921,173.8400,1
38093040148518,10:34:53.040,173.9000,1
38093041281545,10:34:53.041,173.9200,100
38093042518716,10:34:53.042,173.9300,4
38093054372351,10:34:53.054,173.9300,96
38098037550688,10:34:58.037,173.9600,4
38098037843464,10:34:58.037,173.9600,18
38130435698881,10:35:30.435,174.0600,20
38132216588780,10:35:32.216,174.0600,30
38164017644322,10:36:04.017,174.1000,99
38164017647860,10:36:04.017,174.1000,1
38164017647860,10:36:04.017,174.1000,5
38164017647860,10:36:04.017,174.1000,1
38164018766871,10:36:04.018,174.0900,1
38164018790874,10:36:04.018,174.0900,1
38164019565949,10:36:04.019,174.0700,1
38164021672309,10:36:04.021,174.0900,1
38174020741399,10:36:14.020,174.1500,14
38174022444737,10:36:14.022,174.1900,100
38203044765735,10:36:43.044,174.2200,11
38234286503731,10:37:14.286,174.2700,84
38234286522781,10:37:14.286,174.2700,16
38236041946737,10:37:16.041,174.2800,100
38256537092810,10:37:36.537,174.1800,100
38271878561602,10:37:51.878,174.0900,100
38289727412524,10:38:09.727,174.1600,1
38296044866338,10:38:16.044,174.1800,1
38341009417244,10:39:01.009,174.2200,1
38342134104044,10:39:02.134,174.2400,10
38375700772990,10:39:35.700,174.3200,100
38375700866255,10:39:35.700,174.3200,100
38463455452200,10:41:03.455,174.2600,66
38463455477584,10:41:03.455,174.2600,34
38463455477584,10:41:03.455,174.2600,1
38465197866188,10:41:05.197,174.2400,1
38466472914287,10:41:06.472,174.2000,16
38487827015762,10:41:27.827,174.1400,23
38487827015762,10:41:27.827,174.1400,1
38487827015762,10:41:27.827,174.1400,13
38487827015762,10:41:27.827,174.1400,63
38487827048674,10:41:27.827,174.1400,37
38487827048674,10:41:27.827,174.1400,1
38524571978971,10:42:04.571,174.0900,15
38524576612299,10:42:04.576,174.0700,5
38551103507857,10:42:31.103,174.1200,8
38551104603859,10:42:31.104,174.1300,1
38575351010995,10:42:55.351,174.1800,8
38584405666846,10:43:04.405,174.1900,100
38589418709699,10:43:09.418,174.2000,17
38589418712308,10:43:09.418,174.2000,83
38618950100131,10:43:38.950,174.2600,94
38642937899654,10:44:02.937,174.2800,100
38642939100886,10:44:02.939,174.3100,8
38653929171299,10:44:13.929,174.3600,1
38657473706533,10:44:17.473,174.4300,1
38657477169852,10:44:17.477,174.4300,5
38657477693683,10:44:17.477,174.4300,1
38658382553525,10:44:18.382,174.4300,1
38658382581013,10:44:18.382,174.4300,99
38687558264091,10:44:47.558,174.4700,100
38690466586032,10:44:50.466,174.4300,2
38690466586032,10:44:50.466,174.4200,100
38690466586032,10:44:50.466,174.4200,3
38690466623138,10:44:50.466,174.4200,2
38694532216596,10:44:54.532,174.3950,100
38743990986292,10:45:43.990,174.4600,159
38743991361570,10:45:43.991,174.4700,98
38743991398640,10:45:43.991,174.4700,2
38746101879987,10:45:46.101,174.5000,100
38746286206708,10:45:46.286,174.5200,6
38746286233574,10:45:46.286,174.5200,94
38776714386535,10:46:16.714,174.5400,100
38776715121898,10:46:16.715,174.5200,2
38776715121898,10:46:16.715,174.5100,13
38779518507146,10:46:19.518,174.5800,1
38779518533518,10:46:19.518,174.5800,1
38783294562676,10:46:23.294,174.6300,6
38787713097064,10:46:27.713,174.6500,2
38787713123308,10:46:27.713,174.6500,98
38815123617896,10:46:55.123,174.6000,2
38822904461903,10:47:02.904,174.5900,1
38822904461903,10:47:02.904,174.5800,99
38822904493933,10:47:02.904,174.5800,1
38830565450600,10:47:10.565,174.4300,27
38830565483950,10:47:10.565,174.4300,15
38838978938877,10:47:18.978,174.4900,15
38863435183077,10:47:43.435,174.4500,1
38863435846949,10:47:43.435,174.4500,99
38892270960880,10:48:12.270,174.3800,10
38901777319000,10:48:21.777,174.3800,5
38901780081791,10:48:21.780,174.3800,6
38901781740315,10:48:21.781,174.3800,6
38901783398957,10:48:21.783,174.3800,6
38901785055276,10:48:21.785,174.3800,6
38901788294252,10:48:21.788,174.3800,5
38901789952237,10:48:21.789,174.3800,5
38901791606057,10:48:21.791,174.3800,5
38901793260591,10:48:21.793,174.3800,5
38901796692685,10:48:21.796,174.3800,4
38901847164243,10:48:21.847,174.3800,4
38904412291212,10:48:24.412,174.3800,33
38932001298529,10:48:52.001,174.4200,100
38932001324382,10:48:52.001,174.4200,69
38932001324382,10:48:52.001,174.4200,5
38933678947152,10:48:53.678,174.4600,1
38933678947152,10:48:53.678,174.4600,5
38935018076980,10:48:55.018,174.4400,42
39016615728343,10:50:16.615,174.4900,100
39016625168457,10:50:16.625,174.4700,1
39035244424167,10:50:35.244,174.3900,100
39035946400796,10:50:35.946,174.4300,75
39035949061036,10:50:35.949,174.4300,25
39035949061036,10:50:35.949,174.4300,75
39075273341321,10:51:15.273,174.3600,13
39075273533186,10:51:15.273,174.3900,1
39100675148131,10:51:40.675,174.4700,1
39164016683388,10:52:44.016,174.4800,1
39164016722457,10:52:44.016,174.4700,100
39164016722457,10:52:44.016,174.4700,28
39164016729470,10:52:44.016,174.4700,67
39164016740537,10:52:44.016,174.4700,5
39164017913068,10:52:44.017,174.4600,1
39179576358095,10:52:59.576,174.4100,1
39204691622418,10:53:24.691,174.3100,100
39204691622418,10:53:24.691,174.3100,1
39204691622418,10:53:24.691,174.3100,14
39252674312281,10:54:12.674,174.3800,1
39252674312281,10:54:12.674,174.3800,75
39252674323070,10:54:12.674,174.3800,25
39252674323070,10:54:12.674,174.3800,1
39252674635995,10:54:12.674,174.3800,100
39252690305636,10:54:12.690,174.3500,47
39262014972389,10:54:22.014,174.3400,2
39262015618222,10:54:22.015,174.3000,1
39262015618222,10:54:22.015,174.3000,1
39278375142111,10:54:38.375,174.3200,150
39311574058754,10:55:11.574,174.4400,1
39311574087299,10:55:11.574,174.4400,99
39339495239429,10:55:39.495,174.6000,15
39339495239429,10:55:39.495,174.6000,5
39339495270372,10:55:39.495,174.6000,15
39339495303473,10:55:39.495,174.6000,5
39339495316811,10:55:39.495,174.6000,20
39339495318302,10:55:39.495,174.6000,20
39339497494674,10:55:39.497,174.6000,100
39339497889831,10:55:39.497,174.6000,66
39339497917484,10:55:39.497,174.6000,34
39339507558257,10:55:39.507,174.6100,100
39360302955105,10:56:00.302,174.6300,100
39430070755209,10:57:10.070,174.5400,100
39430070755209,10:57:10.070,174.5400,31
39430071802572,10:57:10.071,174.5300,23
39441792674669,10:57:21.792,174.5300,5
39444005960996,10:57:24.005,174.5500,3
39447444898213,10:57:27.444,174.5000,28
39454407450359,10:57:34.407,174.5400,100
39454407450359,10:57:34.407,174.5500,50
39466912673088,10:57:46.912,174.4800,6
39466912681966,10:57:46.912,174.4800,67
39466912727439,10:57:46.912,174.4800,27
39466912727439,10:57:46.912,174.4800,1
39483808957532,10:58:03.808,174.5100,17
39490022146723,10:58:10.022,174.5100,9
39502190157131,10:58:22.190,174.5000,400
39502190371313,10:58:22.190,174.4700,1
39518222481255,10:58:38.222,174.4400,100
39518222481255,10:58:38.222,174.4400,1
39518222481255,10:58:38.222,174.4400,15
39518222492254,10:58:38.222,174.4400,5
39518222505347,10:58:38.222,174.4400,24
39518222550596,10:58:38.222,174.4400,56
39518224643803,10:58:38.224,174.4800,200
39518425843972,10:58:38.425,174.5400,28
39518425843972,10:58:38.425,174.5400,5
39531512209598,10:58:51.512,174.5000,10
39536757845499,10:58:56.757,174.5300,5
39536758069255,10:58:56.758,174.5500,62
39536758082394,10:58:56.758,174.5500,38
39579690308132,10:59:39.690,174.5300,1
39579690308132,10:59:39.690,174.5300,1
39579690336304,10:59:39.690,174.5300,7
39579690336304,10:59:39.690,174.5300,1
39579693958356,10:59:39.693,174.5700,10
39580935167384,10:59:40.935,174.5800,100
39585106265023,10:59:45.106,174.6000,100
39585106265023,10:59:45.106,174.6000,5
39588255291252,10:59:48.255,174.5400,1
39589001116193,10:59:49.001,174.5800,100
39589001145857,10:59:49.001,174.5800,5
39601025276659,11:00:01.025,174.6100,97
39601025278726,11:00:01.025,174.6100,3
39601025278726,11:00:01.025,174.6100,5
39601025941811,11:00:01.025,174.6200,172
39602418958223,11:00:02.418,174.6500,29
39604628294369,11:00:04.628,174.6700,10
39604629037028,11:00:04.629,174.6700,17
39604769760135,11:00:04.769,174.6700,5
39612526294786,11:00:12.526,174.6500,40
39612578457478,11:00:12.578,174.6000,13
39612580125173,11:00:12.580,174.6000,5
39632679827637,11:00:32.679,174.6000,162
39632680039306,11:00:32.680,174.6000,100
39633080939596,11:00:33.080,174.6000,100
39633081043324,11:00:33.081,174.6000,171
39633081090625,11:00:33.081,174.6000,67
39633081090625,11:00:33.081,174.6000,1
39633861710283,11:00:33.861,174.6400,100
39633861710283,11:00:33.861,174.6400,100
39633861710283,11:00:33.861,174.6400,67
39640342420963,11:00:40.342,174.6400,33
39640343077015,11:00:40.343,174.6500,10
39662826057900,11:01:02.826,174.7000,100
39662826057900,11:01:02.826,174.7000,1
39662826057900,11:01:02.826,174.7000,100
39662826057900,11:01:02.826,174.7000,100
39662826683508,11:01:02.826,174.7200,12
39662833964168,11:01:02.833,174.7200,4
39662916252992,11:01:02.916,174.7400,64
39662916394972,11:01:02.916,174.7400,80
39663043876049,11:01:03.043,174.7700,6
39663044334811,11:01:03.044,174.7700,100
39663389855200,11:01:03.389,174.7900,100
39663459843455,11:01:03.459,174.8500,100
39663485413231,11:01:03.485,174.9200,100
39663490196748,11:01:03.490,174.9200,41
39663502248790,11:01:03.502,174.9200,41
39663505005369,11:01:03.505,174.9200,18
39663600488316,11:01:03.600,174.9100,4
39663600488316,11:01:03.600,174.9100,5
39666310524423,11:01:06.310,174.9700,37
39666310529790,11:01:06.310,174.9700,63
39666850423196,11:01:06.850,174.9100,1
39666850423196,11:01:06.850,174.9100,5
39666854928068,11:01:06.854,174.8700,32
39666861115929,11:01:06.861,174.8700,68
39666861115929,11:01:06.861,174.8700,32
39666861633527,11:01:06.861,174.8700,68
39667171959246,11:01:07.171,174.8500,24
39667410840485,11:01:07.410,174.8600,23
39667410935046,11:01:07.410,174.8600,77
39684036600808,11:01:24.036,174.9100,100
39692148746835,11:01:32.148,175.0000,3
39692148746835,11:01:32.148,175.0000,75
39692149497270,11:01:32.149,175.0200,49
39692149639403,11:01:32.149,175.0200,51
39692149639403,11:01:32.149,175.0200,75
39692149667832,11:01:32.149,175.0200,325
39692150774790,11:01:32.150,175.0100,100
39692167057918,11:01:32.167,175.0400,141
39692167658330,11:01:32.167,175.0400,100
39695239462457,11:01:35.239,175.0100,32
39731057289170,11:02:11.057,175.1200,56
39731057289170,11:02:11.057,175.1200,144
39731059258324,11:02:11.059,175.1200,2
39731059258324,11:02:11.059,175.1300,123
39731059365192,11:02:11.059,175.1300,14
39734019638248,11:02:14.019,175.1000,100
39737562677780,11:02:17.562,175.0900,100
39745672039734,11:02:25.672,175.0800,97
39745672074270,11:02:25.672,175.0800,3
39745672074270,11:02:25.672,175.0800,1
39745672747124,11:02:25.672,175.0700,100
39745672747124,11:02:25.672,175.0600,1
39745672749373,11:02:25.672,175.0600,99
39745672749373,11:02:25.672,175.0600,1
39780101443948,11:03:00.101,175.0700,29
39792903402919,11:03:12.903,175.0300,100
39801323033328,11:03:21.323,175.0000,32
39801323085964,11:03:21.323,174.9900,26
39864239880555,11:04:24.239,174.9500,1
39879785195364,11:04:39.785,174.9800,100
39879785235139,11:04:39.785,174.9800,40
39893280776232,11:04:53.280,174.9400,100
39911388353367,11:05:11.388,174.9700,10
39987102213316,11:06:27.102,175.0300,100
39987102213316,11:06:27.102,175.0300,5
39987102213316,11:06:27.102,175.0300,2
39987105996469,11:06:27.105,175.0400,1
39987105996469,11:06:27.105,175.0400,1
39987105996469,11:06:27.105,175.0400,100
39987105996469,11:06:27.105,175.0400,156
39987773224279,11:06:27.773,175.0500,100
39987773337975,11:06:27.773,175.0500,72
39989465118262,11:06:29.465,175.0300,2
39989465118262,11:06:29.465,175.0200,2
39999968100611,11:06:39.968,175.0300,1
39999968100611,11:06:39.968,175.0300,1
40017126239346,11:06:57.126,175.0200,50
40017126265605,11:06:57.126,175.0200,50
40017126265605,11:06:57.126,175.0200,100
40017126283245,11:06:57.126,175.0200,10
40017126333650,11:06:57.126,175.0200,90
40027027417054,11:07:07.027,174.9900,1
40034311837285,11:07:14.311,174.9600,1
40077092780520,11:07:57.092,174.9800,26
40077092780520,11:07:57.092,174.9800,5
40077094856242,11:07:57.094,175.0100,1
40118269279741,11:08:38.269,175.0300,1
40118269279741,11:08:38.269,175.0300,5
40118269279741,11:08:38.269,175.0300,26
40118687349693,11:08:38.687,174.9600,1
40122613556560,11:08:42.613,175.0300,5
40122613556560,11:08:42.613,175.0300,94
40136665003644,11:08:56.665,174.9900,19
40147271744801,11:09:07.271,174.9600,1
40147273568354,11:09:07.273,174.9600,1
40150286760300,11:09:10.286,174.9400,100
40183259106931,11:09:43.259,174.9200,1
40183259106931,11:09:43.259,174.9200,1
40183259929765,11:09:43.259,174.9000,1
40183263140607,11:09:43.263,174.9200,1
40183267280403,11:09:43.267,174.9200,100
40213969730369,11:10:13.969,174.8600,1
40213974053867,11:10:13.974,174.8300,5
40213983799050,11:10:13.983,174.8300,25
40214001868687,11:10:14.001,174.8200,15
40218351640722,11:10:18.351,174.8100,100
40218353376609,11:10:18.353,174.8000,100
40218353376609,11:10:18.353,174.7100,100
40218353376609,11:10:18.353,174.7100,100
40218353454985,11:10:18.353,174.7900,100
40218353689189,11:10:18.353,174.8000,10
40218353708146,11:10:18.353,174.8000,90
40218353708146,11:10:18.353,174.8000,10
40218353759189,11:10:18.353,174.8000,90
40219520654204,11:10:19.520,174.8400,155
40219520654204,11:10:19.520,174.8400,100
40292236278660,11:11:32.236,174.8200,5
40292236465643,11:11:32.236,174.8100,15
40301258504428,11:11:41.258,174.7700,34
40308459999431,11:11:48.459,174.8300,3
40308461667386,11:11:48.461,174.8300,3
40308674882132,11:11:48.674,174.8300,2
40308676529518,11:11:48.676,174.8300,2
40308679051884,11:11:48.679,174.8300,2
40308681561771,11:11:48.681,174.8300,2
40309231803145,11:11:49.231,174.8300,1
40312608182484,11:11:52.608,174.8300,1
40312608311412,11:11:52.608,174.8300,34
40312608311412,11:11:52.608,174.8300,32
40319450776357,11:11:59.450,174.8000,1
40319453614433,11:11:59.453,174.7900,1
40319455258089,11:11:59.455,174.7900,1
40319456899343,11:11:59.456,174.7900,1
40319458539559,11:11:59.458,174.7900,1
40319460180384,11:11:59.460,174.8000,1
40319463158072,11:11:59.463,174.8000,1
40319464796842,11:11:59.464,174.8000,1
40319466438719,11:11:59.466,174.8000,1
40319468076786,11:11:59.468,174.8000,1
40319504839298,11:11:59.504,174.8000,100
40319504865341,11:11:59.504,174.8000,55
40342860990176,11:12:22.860,174.8200,100
40391865720290,11:13:11.865,174.8400,82
40400132473410,11:13:20.132,174.8400,18
40400132473410,11:13:20.132,174.8400,1
40400212865368,11:13:20.212,174.8200,1
40400503695539,11:13:20.503,174.8100,100
40400503695539,11:13:20.503,174.8100,100
40454096757847,11:14:14.096,174.8000,100
40462440898952,11:14:22.440,174.8000,40
40462440929462,11:14:22.440,174.8000,22
40462441319596,11:14:22.441,174.8200,172
40465763368227,11:14:25.763,174.8400,9
40466263154193,11:14:26.263,174.8400,8
40466263154193,11:14:26.263,174.8400,11
40481281284828,11:14:41.281,174.9200,100
40491859579540,11:14:51.859,175.0000,37
40531492299615,11:15:31.492,175.0200,2
40531492330236,11:15:31.492,175.0100,1
40531492330236,11:15:31.492,175.0100,100
40531492330236,11:15:31.492,175.0100,100
40531493610059,11:15:31.493,175.0000,100
40531494423434,11:15:31.494,174.9900,1
40547057790627,11:15:47.057,175.0100,5
40547057790627,11:15:47.057,175.0300,7
40547057821446,11:15:47.057,175.0300,5
40618502238668,11:16:58.502,174.9700,3
40618502265448,11:16:58.502,174.9700,97
40627072509813,11:17:07.072,174.9700,33
40627072509813,11:17:07.072,174.9700,5
40708061559863,11:18:28.061,174.9500,11
40708061985809,11:18:28.061,174.9800,51
40708062613599,11:18:28.062,174.9800,120
40708062613599,11:18:28.062,174.9800,5
40708062613599,11:18:28.062,174.9800,1
40708068668399,11:18:28.068,175.0000,38
40726480173764,11:18:46.480,175.0200,1
40727028440290,11:18:47.028,174.9900,1
40727064982333,11:18:47.064,174.9900,1
40727466246866,11:18:47.466,174.9700,100
40745945197970,11:19:05.945,175.0200,5
40770346750377,11:19:30.346,174.9400,1
40801275084751,11:20:01.275,174.9700,8
40801280601801,11:20:01.280,174.9700,18
40801280601801,11:20:01.280,174.9700,5
40802001881745,11:20:02.001,174.9800,100
40802001925043,11:20:02.001,174.9800,8
40802002269119,11:20:02.002,174.9800,51
40802002269119,11:20:02.002,174.9800,5
40803942898081,11:20:03.942,174.9900,65
40803942925774,11:20:03.942,174.9900,75
40803942925774,11:20:03.942,174.9900,5
40813849687155,11:20:13.849,174.9900,1
40813850440692,11:20:13.850,174.9700,1
40846966757732,11:20:46.966,174.9100,1
40846966776741,11:20:46.966,174.9000,100
40846966811887,11:20:46.966,174.8900,8
40868005445779,11:21:08.005,174.9400,100
40917735696894,11:21:57.735,174.8900,3
40929606570752,11:22:09.606,174.8900,2
40929606570752,11:22:09.606,174.8900,1
40929607043596,11:22:09.607,174.8800,1
40930186196266,11:22:10.186,174.8800,1
40930198155425,11:22:10.198,174.8700,400
40930223574077,11:22:10.223,174.8700,100
40930277851451,11:22:10.277,174.8700,1
40963848797498,11:22:43.848,174.8700,10
40963848797498,11:22:43.848,174.8800,1
40963848841217,11:22:43.848,174.8800,4
40963848841217,11:22:43.848,174.8800,5
40963848841217,11:22:43.848,174.8800,1
40963849764273,11:22:43.849,174.8900,100
40976596224247,11:22:56.596,174.8600,1
40976596224247,11:22:56.596,174.8600,1
40976627620920,11:22:56.627,174.8400,4
40976627647210,11:22:56.627,174.8400,10
40984259307046,11:23:04.259,174.8800,5
40993172963508,11:23:13.172,174.9100,66
40993173012803,11:23:13.173,174.9100,34
40993173012803,11:23:13.173,174.9100,5
40993173012803,11:23:13.173,174.9100,61
40993173120055,11:23:13.173,174.9100,52
40993173252292,11:23:13.173,174.9400,3
41002700638791,11:23:22.700,174.9600,77
41002700667072,11:23:22.700,174.9600,23
41002700667072,11:23:22.700,174.9600,5
41003142914848,11:23:23.142,174.9300,22
41022442351789,11:23:42.442,175.0000,33
41022442351789,11:23:42.442,175.0000,5
41028084969614,11:23:48.084,175.0400,5
41035690320038,11:23:55.690,175.0100,300
41071012001820,11:24:31.012,175.0000,100
41071012001820,11:24:31.012,175.0000,1
41071012001820,11:24:31.012,175.0000,14
41071042159672,11:24:31.042,174.9600,16
41116931843557,11:25:16.931,174.9700,9
41116931843557,11:25:16.931,174.9700,5
41116931843557,11:25:16.931,174.9700,1
41116931843557,11:25:16.931,174.9700,100
41116931843557,11:25:16.931,174.9800,160
41116931843557,11:25:16.931,174.9800,6
41116933897604,11:25:16.933,174.9800,32
41151342960471,11:25:51.342,174.8900,37
41151342964388,11:25:51.342,174.8900,37
41151342984610,11:25:51.342,174.8900,37
41186128937622,11:26:26.128,174.7800,100
41186129297390,11:26:26.129,174.7700,10
41186129721421,11:26:26.129,174.7500,1000
41189236570994,11:26:29.236,174.7500,100
41233889575916,11:27:13.889,174.6500,13
41233889624086,11:27:13.889,174.6400,13
41235312357448,11:27:15.312,174.6600,1
41246862901225,11:27:26.862,174.6200,100
41246862901225,11:27:26.862,174.6200,50
41256619362315,11:27:36.619,174.6100,100
41256619410762,11:27:36.619,174.6100,3
41276464920233,11:27:56.464,174.6700,100
41276464920233,11:27:56.464,174.6800,11
41276464947554,11:27:56.464,174.6800,89
41276464947554,11:27:56.464,174.6800,11
41276464948564,11:27:56.464,174.6900,2
41280739129136,11:28:00.739,174.6900,100
41280739595364,11:28:00.739,174.7000,66
41280739622079,11:28:00.739,174.7000,98
41287718263414,11:28:07.718,174.7100,29
41307786620316,11:28:27.786,174.6900,50
41307786620316,11:28:27.786,174.6900,100
41307786620316,11:28:27.786,174.6900,100
41310799461120,11:28:30.799,174.7100,1
41330657392411,11:28:50.657,174.6800,97
41330657392411,11:28:50.657,174.6800,100
41330657392411,11:28:50.657,174.6800,1
41330657692304,11:28:50.657,174.6800,100
41330657814664,11:28:50.657,174.6700,13
41330657814664,11:28:50.657,174.6700,100
41330658625876,11:28:50.658,174.6600,13
41358005669813,11:29:18.005,174.6800,100
41388216004727,11:29:48.216,174.6400,2
41388216035811,11:29:48.216,174.6400,3
41388218124384,11:29:48.218,174.6400,2
41388221236295,11:29:48.221,174.6400,2
41388228920685,11:29:48.228,174.6400,1
41388232156122,11:29:48.232,174.6400,1
41388235387380,11:29:48.235,174.6400,1
41388237022526,11:29:48.237,174.6400,1
41389593254791,11:29:49.593,174.6700,5
41389593254791,11:29:49.593,174.6700,100
41397039873892,11:29:57.039,174.6400,1
41397039873892,11:29:57.039,174.6400,1
41415247872476,11:30:15.247,174.6100,1
41418712378289,11:30:18.712,174.5800,100
41498177105637,11:31:38.177,174.6200,100
41515825131024,11:31:55.825,174.5800,100
41515825507021,11:31:55.825,174.5700,100
41515825507021,11:31:55.825,174.5700,5
41515825913610,11:31:55.825,174.5600,100
41519881744108,11:31:59.881,174.5100,100
41519881963282,11:31:59.881,174.5100,1
41519881972567,11:31:59.881,174.5100,4
41538342487760,11:32:18.342,174.4900,1
41538342487760,11:32:18.342,174.4900,5
41578759241514,11:32:58.759,174.4300,100
41578759241514,11:32:58.759,174.4300,5
41588388890607,11:33:08.388,174.4300,53
41588388926931,11:33:08.388,174.4300,47
41588388926931,11:33:08.388,174.4300,1
41588388926931,11:33:08.388,174.4300,100
41588412888020,11:33:08.412,174.4600,100
41588412912320,11:33:08.412,174.4600,71
41589665602239,11:33:09.665,174.4900,100
41589666617110,11:33:09.666,174.5200,2
41589920723807,11:33:09.920,174.5500,100
41647780287801,11:34:07.780,174.4800,5
41647780287801,11:34:07.780,174.4800,1
41647780287801,11:34:07.780,174.4800,1
41649910686984,11:34:09.910,174.4700,1
41649910686984,11:34:09.910,174.4700,5
41657590079863,11:34:17.590,174.5300,10
41662590637721,11:34:22.590,174.5400,140
41662591911255,11:34:22.591,174.5500,5
41665557369033,11:34:25.557,174.5500,5
41665557394308,11:34:25.557,174.5500,95
41684746260860,11:34:44.746,174.6000,9
41695057341406,11:34:55.057,174.6000,1
41695057341406,11:34:55.057,174.6000,99
41695057418543,11:34:55.057,174.6000,1
41702025871778,11:35:02.025,174.6400,100
41703151057201,11:35:03.151,174.6300,100
41713204077865,11:35:13.204,174.6300,100
41713204107585,11:35:13.204,174.6300,5
41713206243162,11:35:13.206,174.6500,100
41713206487725,11:35:13.206,174.6500,13
41713206489109,11:35:13.206,174.6500,87
41713207121829,11:35:13.207,174.6600,100
41713207973402,11:35:13.207,174.6700,14
41732818737855,11:35:32.818,174.6500,100
41732818737855,11:35:32.818,174.6500,5
41732818737855,11:35:32.818,174.6500,100
41732818737855,11:35:32.818,174.6500,2
41762860333099,11:36:02.860,174.7000,15
41762860343508,11:36:02.860,174.7000,118
41762860345633,11:36:02.860,174.7000,26
41762860658582,11:36:02.860,174.7100,50
41789759100842,11:36:29.759,174.7000,100
41789759100842,11:36:29.759,174.7000,1
41789759129411,11:36:29.759,174.6900,45
41789759129948,11:36:29.759,174.6900,47
41789759607814,11:36:29.759,174.6900,8
41789759607814,11:36:29.759,174.6900,1
41806062871771,11:36:46.062,174.7000,100
41806064319432,11:36:46.064,174.7100,5
41806064350788,11:36:46.064,174.7200,100
41806066638315,11:36:46.066,174.7300,14
41806994323486,11:36:46.994,174.7100,100
41806994323486,11:36:46.994,174.7100,1
41812538609955,11:36:52.538,174.7000,15
41812538642060,11:36:52.538,174.7000,7
41813193437431,11:36:53.193,174.7000,78
41813193437431,11:36:53.193,174.7000,19
41813195342885,11:36:53.195,174.7200,2
41844645858742,11:37:24.645,174.6900,1
41844645858742,11:37:24.645,174.6900,99
41844645907678,11:37:24.645,174.6900,1
41856753126896,11:37:36.753,174.7000,5
41856753975551,11:37:36.753,174.7200,22
41867342329279,11:37:47.342,174.7100,66
41867342357133,11:37:47.342,174.7100,34
41867342440909,11:37:47.342,174.7000,15
41874202366736,11:37:54.202,174.7400,16
41874202397822,11:37:54.202,174.7400,84
41874202397822,11:37:54.202,174.7400,5
41874843230817,11:37:54.843,174.7700,5
41905029467031,11:38:25.029,174.7200,1
41912326950875,11:38:32.326,174.7100,100
41913886299173,11:38:33.886,174.7200,5
41915385325911,11:38:35.385,174.6900,96
41948574912958,11:39:08.574,174.6900,100
41948576241409,11:39:08.576,174.6800,2
41948656613989,11:39:08.656,174.6800,1
41948682200466,11:39:08.682,174.6700,14
41948682348624,11:39:08.682,174.6700,61
41948682461223,11:39:08.682,174.6700,25
41983592151718,11:39:43.592,174.7200,3
41983592151718,11:39:43.592,174.7200,5
41983592151718,11:39:43.592,174.7200,1
41998744542419,11:39:58.744,174.7500,11
41998744570208,11:39:58.744,174.7500,153
41998744570208,11:39:58.744,174.7500,5
42004426159605,11:40:04.426,174.7800,100
42004426186205,11:40:04.426,174.7800,52
42004426186205,11:40:04.426,174.7800,5
42004426186205,11:40:04.426,174.7800,3
42009563931102,11:40:09.563,174.7100,100
42009565163445,11:40:09.565,174.7000,100
42021181874663,11:40:21.181,174.7200,5
42021181874663,11:40:21.181,174.7200,1
42037209043394,11:40:37.209,174.6800,100
42037209043394,11:40:37.209,174.6800,1
42037209043394,11:40:37.209,174.6800,99
42037209077855,11:40:37.209,174.6800,1
42037212657868,11:40:37.212,174.6600,1
42038283715661,11:40:38.283,174.6800,100
42060278366762,11:41:00.278,174.7000,5
42071288106731,11:41:11.288,174.7300,5
42071289148743,11:41:11.289,174.7400,100
42071289148743,11:41:11.289,174.7400,100
42077486917507,11:41:17.486,174.7000,1
42088979931988,11:41:28.979,174.6600,100
42099837467663,11:41:39.837,174.7000,29
42099837467663,11:41:39.837,174.7000,5
42107229473967,11:41:47.229,174.7100,5
42107230061007,11:41:47.230,174.7200,29
42107244644001,11:41:47.244,174.7400,5
42115568616256,11:41:55.568,174.7500,5
42115568616256,11:41:55.568,174.7500,4
42115568644202,11:41:55.568,174.7500,25
42119978371243,11:41:59.978,174.7700,100
42119978371243,11:41:59.978,174.7700,5
42119978430469,11:41:59.978,174.7800,5
42121708462231,11:42:01.708,174.8000,29
42136065656914,11:42:16.065,174.7700,29
42145698546230,11:42:25.698,174.7800,29
42145698628960,11:42:25.698,174.7900,29
42149098976578,11:42:29.098,174.7500,100
42156997990639,11:42:36.997,174.7700,29
42156998016794,11:42:36.998,174.7800,3
42156998016794,11:42:36.998,174.7800,5
42157001130297,11:42:37.001,174.8100,25
42157001130297,11:42:37.001,174.8100,5
42164740148500,11:42:44.740,174.8500,8
42164740421951,11:42:44.740,174.8500,92
42164740421951,11:42:44.740,174.8500,5
42165396439375,11:42:45.396,174.9200,16
42165396468140,11:42:45.396,174.9200,84
42165396468140,11:42:45.396,174.9200,5
42196132898390,11:43:16.132,174.9800,19
42196132898390,11:43:16.132,174.9800,13
42210205790951,11:43:30.205,174.9700,1
42228874450634,11:43:48.874,174.9900,1
42233540084625,11:43:53.540,175.0200,17
42237759390812,11:43:57.759,174.9800,2
42237759887163,11:43:57.759,174.9700,100
42237759887163,11:43:57.759,174.9700,100
42240264822093,11:44:00.264,174.9600,1
42241001429943,11:44:01.001,174.9500,100
42270230815936,11:44:30.230,174.9900,4
42284569517782,11:44:44.569,174.9700,1
42285310537038,11:44:45.310,174.9900,100
42298916405451,11:44:58.916,175.0100,5
42378499782431,11:46:18.499,175.0700,14
42378499873802,11:46:18.499,175.0700,151
42378499873802,11:46:18.499,175.0700,200
42378499873802,11:46:18.499,175.0700,3
42378502262040,11:46:18.502,175.0900,14
42378502536391,11:46:18.502,175.0900,1
42378504273978,11:46:18.504,175.0900,11
42378504304043,11:46:18.504,175.0900,144
42378504304043,11:46:18.504,175.0900,5
42378504304043,11:46:18.504,175.0900,17
42378504353492,11:46:18.504,175.1000,12
42438114305950,11:47:18.114,175.1200,100
42481726881638,11:48:01.726,175.0600,5
42500492708126,11:48:20.492,175.0500,100
42500492713021,11:48:20.492,175.0500,100
42500492713021,11:48:20.492,175.0500,5
42533681996779,11:48:53.681,175.0900,20
42533681996779,11:48:53.681,175.0900,1
42533825373961,11:48:53.825,175.1400,100
42561858887862,11:49:21.858,175.1000,1
42570557663178,11:49:30.557,175.1100,6
42586966012836,11:49:46.966,175.1500,100
42586966012836,11:49:46.966,175.1500,3
42586966793168,11:49:46.966,175.1600,85
42586966822016,11:49:46.966,175.1600,66
42586966822016,11:49:46.966,175.1600,5
42615995587226,11:50:15.995,175.1500,143
42657236547279,11:50:57.236,175.1300,1
42657236547279,11:50:57.236,175.1300,33
42657236665703,11:50:57.236,175.1300,34
42657236693691,11:50:57.236,175.1300,33
42657310168801,11:50:57.310,175.0900,1
42657310193967,11:50:57.310,175.0900,99
42666554658602,11:51:06.554,175.1600,17
42666554658602,11:51:06.554,175.1600,10
42666554658602,11:51:06.554,175.1600,100
42666555022027,11:51:06.555,175.1700,11
42668110972394,11:51:08.110,175.2200,13
42668960987568,11:51:08.960,175.2300,100
42671043499040,11:51:11.043,175.2500,179
42671043499040,11:51:11.043,175.2500,27
42671043527252,11:51:11.043,175.2500,73
42671044000776,11:51:11.044,175.2600,100
42671044000776,11:51:11.044,175.2600,13
42693884888679,11:51:33.884,175.2100,100
42693884888679,11:51:33.884,175.2100,1
42694129328712,11:51:34.129,175.2100,1
42714350673905,11:51:54.350,175.1800,5
42714350673905,11:51:54.350,175.1800,13
42714350673905,11:51:54.350,175.1800,139
42714350673905,11:51:54.350,175.1800,4
42714351249547,11:51:54.351,175.1900,13
42722106254390,11:52:02.106,175.2500,65
42722106284516,11:52:02.106,175.2500,235
42722106284516,11:52:02.106,175.2500,163
42722106316196,11:52:02.106,175.2600,13
42722664076683,11:52:02.664,175.2800,13
42737816714029,11:52:17.816,175.3100,5
42737816714029,11:52:17.816,175.3100,5
42737816714029,11:52:17.816,175.3100,15
42752938051235,11:52:32.938,175.3200,100
42752938051235,11:52:32.938,175.3200,100
42752938051235,11:52:32.938,175.3200,5
42754118678577,11:52:34.118,175.3500,13
42754118678577,11:52:34.118,175.3500,5
42789759437864,11:53:09.759,175.3600,14
42789761108828,11:53:09.761,175.3600,16
42789761108828,11:53:09.761,175.3600,5
42789761404344,11:53:09.761,175.3700,52
42789761673251,11:53:09.761,175.3700,48
42808844078873,11:53:28.844,175.4200,5
42808844078873,11:53:28.844,175.4200,5
42818795591889,11:53:38.795,175.4400,5
42827887483497,11:53:47.887,175.4600,26
42827888249947,11:53:47.888,175.4600,74
42827890774947,11:53:47.890,175.4500,100
42827890872826,11:53:47.890,175.4400,10
42830138381021,11:53:50.138,175.4700,5
42831243902739,11:53:51.243,175.4800,100
42831243952755,11:53:51.243,175.5000,100
42831243994013,11:53:51.243,175.5000,5
42837526259355,11:53:57.526,175.4700,100
42837526259355,11:53:57.526,175.4600,100
42837526298473,11:53:57.526,175.4600,100
42838519476052,11:53:58.519,175.4400,4
42838521440773,11:53:58.521,175.4100,100
42875324928640,11:54:35.324,175.4400,5
42897784278572,11:54:57.784,175.3700,1
42897784278572,11:54:57.784,175.3700,100
42897786053815,11:54:57.786,175.3800,13
42897786053815,11:54:57.786,175.3800,10
42897786053815,11:54:57.786,175.3800,10
42897819226059,11:54:57.819,175.3800,10
42897819670120,11:54:57.819,175.3600,13
42900498408062,11:55:00.498,175.4000,4
42900498408062,11:55:00.498,175.4000,5
42940631288525,11:55:40.631,175.3300,1
42995877605263,11:56:35.877,175.3500,1
42995877640375,11:56:35.877,175.3500,99
42995953203628,11:56:35.953,175.4000,4
42995953203628,11:56:35.953,175.4000,5
42995954792069,11:56:35.954,175.4100,1
42995954792069,11:56:35.954,175.4100,12
42995954910583,11:56:35.954,175.4100,6
42995954910583,11:56:35.954,175.4100,15
42998254040448,11:56:38.254,175.4200,5
42998254040448,11:56:38.254,175.4200,5
43008790589409,11:56:48.790,175.4700,10
43008790589409,11:56:48.790,175.4700,5
43008790589409,11:56:48.790,175.4700,2
43008790790421,11:56:48.790,175.4700,98
43075011367621,11:57:55.011,175.4300,21
43077790002978,11:57:57.790,175.4200,1
43080469675262,11:58:00.469,175.4500,5
43082005776749,11:58:02.005,175.4600,8
43082005805245,11:58:02.005,175.4600,92
43082005805245,11:58:02.005,175.4600,5
43082006633605,11:58:02.006,175.4800,5
43086040571857,11:58:06.040,175.4800,5
43086040571857,11:58:06.040,175.4800,5
43089586142209,11:58:09.586,175.5100,100
43111050099929,11:58:31.050,175.5100,43
43111050099929,11:58:31.050,175.5100,5
43111050099929,11:58:31.050,175.5100,7
43112236179986,11:58:32.236,175.5200,1
43112236179986,11:58:32.236,175.5200,5
43115028666721,11:58:35.028,175.4700,100
43118316011646,11:58:38.316,175.5100,1
43137788403372,11:58:57.788,175.4600,100
43137788403372,11:58:57.788,175.4600,100
43137788403372,11:58:57.788,175.4600,1
43137788524558,11:58:57.788,175.4600,99
43137789042416,11:58:57.789,175.4500,100
43137791009363,11:58:57.791,175.4400,100
43142761893321,11:59:02.761,175.4100,3
43142761893321,11:59:02.761,175.4100,1
43142761893321,11:59:02.761,175.4100,96
43162590949462,11:59:22.590,175.4100,4
43162590949462,11:59:22.590,175.4100,1
43162590949462,11:59:22.590,175.4100,100
43164285483521,11:59:24.285,175.3900,39
43173808929456,11:59:33.808,175.3900,140
43184018715112,11:59:44.018,175.4400,100
43184018715112,11:59:44.018,175.4500,5
43184018715112,11:59:44.018,175.4500,64
43184018751305,11:59:44.018,175.4500,100
43198682364836,11:59:58.682,175.4800,27
43198682364836,11:59:58.682,175.4800,5
43201400313628,12:00:01.400,175.5100,100
43201400344163,12:00:01.400,175.5100,5
43222640794746,12:00:22.640,175.4500,100
43222640794746,12:00:22.640,175.4500,1
43222763310018,12:00:22.763,175.4200,100
43223377947031,12:00:23.377,175.4800,100
43223602813182,12:00:23.602,175.5200,100
43223602813182,12:00:23.602,175.5200,500
43223602813182,12:00:23.602,175.5200,13
43223608477309,12:00:23.608,175.4800,100
43223694819048,12:00:23.694,175.5200,1
43249948027371,12:00:49.948,175.5000,100
43288314243213,12:01:28.314,175.4700,1
43288314243213,12:01:28.314,175.4700,35
43302484383568,12:01:42.484,175.4700,65
43302484383568,12:01:42.484,175.4700,1
43313978978296,12:01:53.978,175.4700,1
43320246690906,12:02:00.246,175.4700,5
43331083676687,12:02:11.083,175.4500,3
43332266511679,12:02:12.266,175.4600,1
43338371472344,12:02:18.371,175.4700,10
43340241810043,12:02:20.241,175.5200,1
43340241810043,12:02:20.241,175.5200,2
43340241838216,12:02:20.241,175.5200,88
43350239474971,12:02:30.239,175.5200,3
43352005097000,12:02:32.005,175.5200,2
43361957573717,12:02:41.957,175.5200,1
43361957573717,12:02:41.957,175.5200,5
43361957573717,12:02:41.957,175.5200,5
43361957573717,12:02:41.957,175.5200,89
43379835031763,12:02:59.835,175.5800,5
43379835063561,12:02:59.835,175.5900,5
43379835955905,12:02:59.835,175.5700,10
43379835955905,12:02:59.835,175.5600,100
43379836788813,12:02:59.836,175.5900,10
43379836788813,12:02:59.836,175.5900,10
43379836788813,12:02:59.836,175.5900,1
43379836788813,12:02:59.836,175.5900,1
43379836788813,12:02:59.836,175.5900,1
43379836788813,12:02:59.836,175.6000,100
43379836788813,12:02:59.836,175.6000,87
43379837077996,12:02:59.837,175.6000,13
43389005653517,12:03:09.005,175.6600,5
43389092135498,12:03:09.092,175.6300,1
43389092135498,12:03:09.092,175.6300,23
43389092724500,12:03:09.092,175.6300,3
43417488086890,12:03:37.488,175.6300,1
43417488397319,12:03:37.488,175.6300,5
43437372547328,12:03:57.372,175.6200,100
43437372547328,12:03:57.372,175.6200,1
43437372547328,12:03:57.372,175.6200,1
43437372547328,12:03:57.372,175.6200,5
43437372632567,12:03:57.372,175.6200,5
43476217664958,12:04:36.217,175.6100,66
43476217694379,12:04:36.217,175.6100,34
43476217695617,12:04:36.217,175.6100,34
43479471171604,12:04:39.471,175.6000,154
43479471572065,12:04:39.471,175.6000,10
43479471597219,12:04:39.471,175.6000,90
43479474124155,12:04:39.474,175.6300,14
43479474684620,12:04:39.474,175.6200,10
43490251320006,12:04:50.251,175.6600,2
43491713748874,12:04:51.713,175.6600,2
43495242519953,12:04:55.242,175.6600,13
43519549608085,12:05:19.549,175.6100,1
43519549608085,12:05:19.549,175.6100,98
43519549608085,12:05:19.549,175.6100,1
43553714328691,12:05:53.714,175.5800,100
43553714328691,12:05:53.714,175.5800,1
43553715976751,12:05:53.715,175.5800,100
43560069121057,12:06:00.069,175.5500,39
43570079051123,12:06:10.079,175.5500,1
43570079051123,12:06:10.079,175.5500,5
43574643140034,12:06:14.643,175.5300,1
43574644664641,12:06:14.644,175.5300,38
43574644664641,12:06:14.644,175.5300,5
43574644664641,12:06:14.644,175.5000,1
43574644664641,12:06:14.644,175.5000,6
43575375660624,12:06:15.375,175.5400,7
43575375689293,12:06:15.375,175.5400,5
43607323387359,12:06:47.323,175.5200,50
43607323428123,12:06:47.323,175.5200,50
43607323428123,12:06:47.323,175.5200,100
43607323428123,12:06:47.323,175.5200,1
43615261874543,12:06:55.261,175.4700,100
43615264494929,12:06:55.264,175.4700,5
43622645247499,12:07:02.645,175.5300,1
43622645337482,12:07:02.645,175.5300,15
43622645337482,12:07:02.645,175.5300,3
43622645374668,12:07:02.645,175.5300,12
43622645374668,12:07:02.645,175.5300,100
43622645374668,12:07:02.645,175.5300,5
43622646752522,12:07:02.646,175.5400,2
43622770437653,12:07:02.770,175.5600,1
43622770463122,12:07:02.770,175.5600,140
43622772179826,12:07:02.772,175.5700,100
43622803086013,12:07:02.803,175.5700,19
43622894907674,12:07:02.894,175.5700,1
43622897569291,12:07:02.897,175.5700,1
43622899227711,12:07:02.899,175.5700,1
43622900880903,12:07:02.900,175.5700,1
43622902539601,12:07:02.902,175.5700,1
43622905454996,12:07:02.905,175.5700,1
43622907111443,12:07:02.907,175.5700,1
43622908765591,12:07:02.908,175.5700,1
43629599748708,12:07:09.599,175.5700,6
43629601418264,12:07:09.601,175.5700,6
43629601461250,12:07:09.601,175.5700,18
43638233821057,12:07:18.233,175.6100,5
43641947918955,12:07:21.947,175.6400,8
43662002778734,12:07:42.002,175.6500,8
43668211578289,12:07:48.211,175.6500,100
43698706369114,12:08:18.706,175.6600,5
43723250244334,12:08:43.250,175.6100,1
43723250244334,12:08:43.250,175.6100,5
43723250244334,12:08:43.250,175.6100,100
43723250244334,12:08:43.250,175.6100,1
43732300118346,12:08:52.300,175.6000,14
43732300118346,12:08:52.300,175.6000,5
43743348628747,12:09:03.348,175.6400,6
43743348734149,12:09:03.348,175.6400,4
43747745627290,12:09:07.745,175.6600,95
43747745627290,12:09:07.745,175.6600,100
43747746353386,12:09:07.746,175.6700,5
43747747385848,12:09:07.747,175.6700,95
43747747385848,12:09:07.747,175.6700,2
43747748026921,12:09:07.748,175.6800,5
43750411353780,12:09:10.411,175.6900,7
43750413031549,12:09:10.413,175.6900,3
43750413031549,12:09:10.413,175.6900,5
43750413058768,12:09:10.413,175.6900,95
43806415158336,12:10:06.415,175.7000,7
43806415185178,12:10:06.415,175.7000,13
43806415185178,12:10:06.415,175.7000,25
43806415185178,12:10:06.415,175.7000,5
43806415185178,12:10:06.415,175.7000,4
43806416355390,12:10:06.416,175.7100,169
43806416398691,12:10:06.416,175.7200,20
43809890731510,12:10:09.890,175.7400,9
43809893264664,12:10:09.893,175.7400,9
43809896421772,12:10:09.896,175.7400,2
43809902285952,12:10:09.902,175.7500,7
43809902312645,12:10:09.902,175.7500,13
43809902312645,12:10:09.902,175.7500,400
43809902312645,12:10:09.902,175.7500,11
43809907256603,12:10:09.907,175.7600,2
43809908911728,12:10:09.908,175.7700,6
43809910567871,12:10:09.910,175.7700,6
43809912221666,12:10:09.912,175.7700,6
43809914887311,12:10:09.914,175.7700,2
43817300945888,12:10:17.300,175.7300,2
43817300945888,12:10:17.300,175.7300,5
43817300945888,12:10:17.300,175.7300,1
43817300945888,12:10:17.300,175.7300,100
43837312053811,12:10:37.312,175.6800,100
43837312053811,12:10:37.312,175.6800,2
43837312053811,12:10:37.312,175.6800,5
43837316664470,12:10:37.316,175.6800,1
43860173749243,12:11:00.173,175.7100,4
43860175071320,12:11:00.175,175.7100,1
43879462965168,12:11:19.462,175.6900,5
43890109651614,12:11:30.109,175.7100,31
43937076750703,12:12:17.076,175.7000,1
43950568543389,12:12:30.568,175.6800,100
43950568543389,12:12:30.568,175.6800,5
43950572356112,12:12:30.572,175.6700,100
43950695675085,12:12:30.695,175.6400,7
43950730324737,12:12:30.730,175.6400,2
43950730324737,12:12:30.730,175.6400,8
43950737277911,12:12:30.737,175.6400,100
43951311352252,12:12:31.311,175.6500,100
43966871655477,12:12:46.871,175.6800,9
43966872040802,12:12:46.872,175.6800,91
43966872040802,12:12:46.872,175.6800,3
43970580724209,12:12:50.580,175.7100,100
43972511676011,12:12:52.511,175.7200,100
43976724125603,12:12:56.724,175.7600,66
43978016256531,12:12:58.016,175.7600,22
43985817317398,12:13:05.817,175.7600,10
43985817342905,12:13:05.817,175.7600,2
43985817676566,12:13:05.817,175.7700,100
43985819505365,12:13:05.819,175.7800,20
43985819505365,12:13:05.819,175.7900,20
43990364610877,12:13:10.364,175.8000,7
43990364636841,12:13:10.364,175.8000,3
44020127114961,12:13:40.127,175.8200,20
44020127114961,12:13:40.127,175.8200,1
44020127114961,12:13:40.127,175.8200,10
44020130953771,12:13:40.130,175.8300,10
44020130953771,12:13:40.130,175.8300,155
44060779081033,12:14:20.779,175.7600,5
44060781461462,12:14:20.781,175.7500,1
44060783183896,12:14:20.783,175.7500,4
44078699903204,12:14:38.699,175.7800,5
44078704251655,12:14:38.704,175.7500,199
44090951435172,12:14:50.951,175.7300,1
44090951435172,12:14:50.951,175.7300,100
44090951435172,12:14:50.951,175.7300,5
44090952422074,12:14:50.952,175.7200,100
44115125253162,12:15:15.125,175.6700,100
44115125253162,12:15:15.125,175.6700,100
44115125253162,12:15:15.125,175.6700,100
44115125253162,12:15:15.125,175.6700,5
44144443634069,12:15:44.443,175.6700,13
44171590857783,12:16:11.590,175.6900,10
44171590857783,12:16:11.590,175.6900,4
44172456741268,12:16:12.456,175.7200,154
44188012056005,12:16:28.012,175.7600,5
44188012056005,12:16:28.012,175.7600,1
44188012092183,12:16:28.012,175.7600,18
44188012211608,12:16:28.012,175.7600,81
44225251538220,12:17:05.251,175.8200,1
44259040335392,12:17:39.040,175.8200,100
44259040335392,12:17:39.040,175.8300,52
44259040439995,12:17:39.040,175.8300,3
44260259887557,12:17:40.259,175.8300,4
44261771168993,12:17:41.771,175.8300,3
44263445048927,12:17:43.445,175.8000,3
44263445048927,12:17:43.445,175.8000,5
44263445607836,12:17:43.445,175.7900,21
44263445607836,12:17:43.445,175.7900,18
44281591319360,12:18:01.591,175.8300,90
44282492763228,12:18:02.492,175.8300,15
44297609086626,12:18:17.609,175.7900,2
44297609086626,12:18:17.609,175.7900,5
44297609746709,12:18:17.609,175.7700,2
44301120846517,12:18:21.120,175.8100,4
44303690771882,12:18:23.690,175.8100,6
44306576444738,12:18:26.576,175.8400,10
44306576444738,12:18:26.576,175.8400,90
44306576474534,12:18:26.576,175.8400,4
44318103511155,12:18:38.103,175.8100,100
44318289291832,12:18:38.289,175.8100,5
44318320267654,12:18:38.320,175.7900,1
44322189073472,12:18:42.189,175.6900,36
44322190890169,12:18:42.190,175.7200,28
44331878808360,12:18:51.878,175.7400,100
44347174378188,12:19:07.174,175.7900,3
44365749741903,12:19:25.749,175.8300,5
44365749741903,12:19:25.749,175.8300,100
44365750103655,12:19:25.750,175.8500,20
44365750103655,12:19:25.750,175.8500,17
44365750463529,12:19:25.750,175.8700,1
44365750463529,12:19:25.750,175.8700,147
44365751353487,12:19:25.751,175.8300,3
44365751361848,12:19:25.751,175.8300,27
44365751656720,12:19:25.751,175.8700,100
44365751656720,12:19:25.751,175.8800,100
44365751656720,12:19:25.751,175.8900,17
44365752589260,12:19:25.752,175.8900,3
44365752589260,12:19:25.752,175.8900,100
44365752589260,12:19:25.752,175.9000,386
44365753113144,12:19:25.753,175.8700,4
44365753359839,12:19:25.753,175.8700,11
44366440412410,12:19:26.440,175.9100,2
44366442203226,12:19:26.442,175.8900,10
44366442255102,12:19:26.442,175.9100,10
44366442255102,12:19:26.442,175.9200,10
44366442255102,12:19:26.442,175.9200,90
44366447134452,12:19:26.447,175.9100,1
44366447134452,12:19:26.447,175.9100,10
44366447134452,12:19:26.447,175.9100,1
44366447134452,12:19:26.447,175.9100,1
44376530269671,12:19:36.530,175.9200,10
44376530269671,12:19:36.530,175.9200,15
44377530181325,12:19:37.530,175.9200,10
44377530511030,12:19:37.530,175.9200,123
44377530511030,12:19:37.530,175.9200,29
44380255337892,12:19:40.255,175.9300,10
44380257068657,12:19:40.257,175.9400,20
44393104718968,12:19:53.104,175.8700,1
44394250703702,12:19:54.250,175.8600,100
44394251040861,12:19:54.251,175.8600,100
44394287787379,12:19:54.287,175.8800,10
44394287803612,12:19:54.287,175.9100,100
44394288335105,12:19:54.288,175.8900,10
44394288423273,12:19:54.288,175.9100,84
44394288623731,12:19:54.288,175.8800,10
44394288631586,12:19:54.288,175.8800,2
44399290296448,12:19:59.290,175.8600,100
44401504043435,12:20:01.504,175.9200,5
44407920005510,12:20:07.920,175.8900,100
44407920005510,12:20:07.920,175.8800,1
44407920005510,12:20:07.920,175.8800,5
44407920005510,12:20:07.920,175.8800,74
44410251710400,12:20:10.251,175.9300,4
44413669641388,12:20:13.669,175.8800,26
44413669641388,12:20:13.669,175.8800,5
44448243343059,12:20:48.243,175.9600,1
44448249894362,12:20:48.249,175.9600,1
44448430032417,12:20:48.430,175.8900,30
44456110269298,12:20:56.110,175.9600,1
44462136376912,12:21:02.136,175.9700,10
44462159686915,12:21:02.159,175.9800,10
44462159686915,12:21:02.159,175.9800,10
44462160540581,12:21:02.160,175.9800,80
44505046662047,12:21:45.046,175.9100,1
44505046662047,12:21:45.046,175.9100,100
44505046662047,12:21:45.046,175.9100,1
44505081243547,12:21:45.081,175.9400,4
44517818205047,12:21:57.818,175.9100,1
44517993710552,12:21:57.993,175.9400,11
44530265501702,12:22:10.265,175.9700,4
44539044964878,12:22:19.044,175.9800,20
44539044964878,12:22:19.044,175.9900,20
44539044964878,12:22:19.044,175.9900,5
44539044964878,12:22:19.044,175.9900,16
44539044964878,12:22:19.044,175.9900,111
44539044997527,12:22:19.044,175.9900,39
44540214046033,12:22:20.214,176.0000,200
44540214235240,12:22:20.214,176.0000,100
44540214235240,12:22:20.214,176.0000,10
44540214252526,12:22:20.214,176.0000,3
44540215820933,12:22:20.215,176.0100,10
44540218543557,12:22:20.218,176.0300,10
44540222427756,12:22:20.222,176.0400,1
44540222427756,12:22:20.222,176.0400,19
44540223726262,12:22:20.223,176.0500,10
44553911828574,12:22:33.911,176.0200,100
44561346755563,12:22:41.346,176.0000,5
44561347591410,12:22:41.347,175.9900,1
44569116689803,12:22:49.116,175.9300,100
44569116689803,12:22:49.116,175.9300,5
44605949024541,12:23:25.949,176.0000,1
44629937536486,12:23:49.937,175.9400,100
44632903573357,12:23:52.903,175.9300,100
44632903573357,12:23:52.903,175.9300,5
44637006511477,12:23:57.006,175.9000,21
44637006888702,12:23:57.006,175.9000,18
44637006888702,12:23:57.006,175.9000,1
44638784542826,12:23:58.784,175.8800,1
44638784542826,12:23:58.784,175.8800,5
44674055394691,12:24:34.055,175.9200,1
44680340447939,12:24:40.340,175.9300,4
44689083709550,12:24:49.083,175.8400,5
44689115639228,12:24:49.115,175.8100,100
44690326555880,12:24:50.326,175.7800,100
44690326581940,12:24:50.326,175.7800,5
44714757474077,12:25:14.757,175.7700,1
44714757492528,12:25:14.757,175.7700,99
44714757942797,12:25:14.757,175.7600,1
44714757942797,12:25:14.757,175.7600,5
44714757942797,12:25:14.757,175.7600,10
44716418320204,12:25:16.418,175.7300,9
44716418320204,12:25:16.418,175.7300,5
44735811764783,12:25:35.811,175.7600,20
44735811764783,12:25:35.811,175.7600,171
44735813843817,12:25:35.813,175.7700,1
44735814174187,12:25:35.814,175.7500,100
44735814676575,12:25:35.814,175.7700,1
44816205709952,12:26:56.205,175.7700,1
44816205709952,12:26:56.205,175.7700,99
44816205816388,12:26:56.205,175.7700,56
44816206422834,12:26:56.206,175.7800,25
44837460024010,12:27:17.460,175.7300,100
44923540183715,12:28:43.540,175.7500,1
44923540183715,12:28:43.540,175.7500,9
44923540183715,12:28:43.540,175.7500,1
44923540183715,12:28:43.540,175.7500,89
44923540332790,12:28:43.540,175.7500,11
44923544263840,12:28:43.544,175.7300,9
44926119995369,12:28:46.119,175.7500,100
44940835929169,12:29:00.835,175.7600,100
44968300477802,12:29:28.300,175.7900,15
44992002503043,12:29:52.002,175.7700,100
44992183905332,12:29:52.183,175.7700,100
45006086860631,12:30:06.086,175.7000,5
45006772335026,12:30:06.772,175.7300,100
45039519660397,12:30:39.519,175.7600,145
45039524742627,12:30:39.524,175.7800,5
45047761003532,12:30:47.761,175.7000,5
45047761755799,12:30:47.761,175.6800,17
45089985727404,12:31:29.985,175.7500,4
45090055371298,12:31:30.055,175.7600,100
45090085569081,12:31:30.085,175.7700,100
45102316315171,12:31:42.316,175.7700,10
45126613006352,12:32:06.613,175.7100,5
45126616771449,12:32:06.616,175.6900,1
45127258073618,12:32:07.258,175.6700,15
45127258073618,12:32:07.258,175.6700,1
45128770163962,12:32:08.770,175.6700,100
45128770193002,12:32:08.770,175.6700,5
45128770193002,12:32:08.770,175.6700,100
45128770595696,12:32:08.770,175.6900,5
45136342300332,12:32:16.342,175.6700,200
45144881700162,12:32:24.881,175.6500,32
45147955767439,12:32:27.955,175.6400,15
45148427123460,12:32:28.427,175.6800,100
45152302213533,12:32:32.302,175.7000,100
45152302246211,12:32:32.302,175.7000,5
45152302670174,12:32:32.302,175.7000,19
45156118506632,12:32:36.118,175.7100,100
45156209861472,12:32:36.209,175.6900,32
45182865899882,12:33:02.865,175.6400,1
45182865899882,12:33:02.865,175.6400,7
45204142241737,12:33:24.142,175.6700,1
45207254182910,12:33:27.254,175.6500,5
45207254231618,12:33:27.254,175.6500,48
45207254231618,12:33:27.254,175.6500,47
45209695886849,12:33:29.695,175.6100,1
45209695886849,12:33:29.695,175.6100,5
45216571961912,12:33:36.571,175.5300,39
45228793838080,12:33:48.793,175.5200,39
45228793838080,12:33:48.793,175.5200,5
45228793838080,12:33:48.793,175.5200,56
45228793869134,12:33:48.793,175.5200,44
45238925527443,12:33:58.925,175.5500,15
45254321303339,12:34:14.321,175.5500,100
45254321567503,12:34:14.321,175.5500,5
45286000341333,12:34:46.000,175.5100,1
45309587470935,12:35:09.587,175.5400,300
45315021743674,12:35:15.021,175.5700,100
45315021743674,12:35:15.021,175.5700,100
45315021743674,12:35:15.021,175.5700,12
45315021835348,12:35:15.021,175.5700,62
45315022157223,12:35:15.022,175.5700,38
45315493720664,12:35:15.493,175.5500,1
45317670859526,12:35:17.670,175.5700,10
45317670859526,12:35:17.670,175.5700,100
45323975451304,12:35:23.975,175.5400,100
45335316606512,12:35:35.316,175.5000,4
45335316606512,12:35:35.316,175.5000,1
45335316606512,12:35:35.316,175.5000,11
45335316633745,12:35:35.316,175.5000,7
45335316633745,12:35:35.316,175.5000,1
45335317487044,12:35:35.317,175.4700,9
45335347389026,12:35:35.347,175.4600,5
45335347416187,12:35:35.347,175.4600,95
45352134860954,12:35:52.134,175.4200,1
45352135887279,12:35:52.135,175.4000,9
45375060011005,12:36:15.060,175.3700,15
45375060199608,12:36:15.060,175.3700,5
45375062756366,12:36:15.062,175.3700,14
45375064417930,12:36:15.064,175.3700,14
45375066073482,12:36:15.066,175.3700,14
45375066137861,12:36:15.066,175.3700,10
45393844150181,12:36:33.844,175.3700,28
45397762252239,12:36:37.762,175.3000,1
45397762252239,12:36:37.762,175.3000,5
45397762757580,12:36:37.762,175.3000,95
45397765067683,12:36:37.765,175.3100,100
45397765120656,12:36:37.765,175.3100,100
45410112986942,12:36:50.112,175.2500,100
45410113015978,12:36:50.113,175.2500,47
45426496998627,12:37:06.496,175.3100,4
45426496998627,12:37:06.496,175.3100,20
45426496998627,12:37:06.496,175.3100,20
45428741401112,12:37:08.741,175.3300,2
45435346782777,12:37:15.346,175.3300,99
45436711871205,12:37:16.711,175.3300,62
45436713168599,12:37:16.713,175.3600,100
45439759233306,12:37:19.759,175.4000,5
45442957702336,12:37:22.957,175.4200,2
45456871964706,12:37:36.871,175.3700,9
45456871985007,12:37:36.871,175.3700,56
45456871991553,12:37:36.871,175.3700,35
45456871991553,12:37:36.871,175.3700,69
45456872020394,12:37:36.872,175.3700,31
45497742350606,12:38:17.742,175.4300,20
45497742350606,12:38:17.742,175.4300,5
45497745736511,12:38:17.745,175.4400,10
45497745736511,12:38:17.745,175.4400,90
45497745811808,12:38:17.745,175.4400,6
45497745811808,12:38:17.745,175.4400,4
45501237198121,12:38:21.237,175.4500,20
45501237198121,12:38:21.237,175.4500,5
45501237256721,12:38:21.237,175.4600,20
45501237256721,12:38:21.237,175.4600,80
45501241094788,12:38:21.241,175.4600,20
45525290490654,12:38:45.290,175.4900,2
45525290490654,12:38:45.290,175.4900,5
45557979630410,12:39:17.979,175.4600,100
45558007051173,12:39:18.007,175.4600,1
45558013653409,12:39:18.013,175.4600,1
45569267376100,12:39:29.267,175.4900,5
45569268012787,12:39:29.268,175.5100,5
45589570003084,12:39:49.570,175.5200,10
45589570003084,12:39:49.570,175.5200,50
45589570032488,12:39:49.570,175.5200,50
45589570032488,12:39:49.570,175.5200,6
45589570032488,12:39:49.570,175.5200,5
45589571360734,12:39:49.571,175.5400,1
45589571360734,12:39:49.571,175.5500,1
45589571360734,12:39:49.571,175.5600,20
45589571360734,12:39:49.571,175.5700,100
45589571931353,12:39:49.571,175.5700,100
45589572433937,12:39:49.572,175.5800,20
45589598645102,12:39:49.598,175.5900,1
45599353149875,12:39:59.353,175.5900,8
45599353149875,12:39:59.353,175.5900,5
45602083364265,12:40:02.083,175.6000,100
45602083364265,12:40:02.083,175.6000,20
45602083364265,12:40:02.083,175.6000,80
45602083364265,12:40:02.083,175.6000,5
45602085149458,12:40:02.085,175.6100,20
45602085149458,12:40:02.085,175.6100,80
45602096555692,12:40:02.096,175.6200,20
45604850888122,12:40:04.850,175.6300,20
45604850888122,12:40:04.850,175.6300,80
45604850888122,12:40:04.850,175.6300,12
45604850888122,12:40:04.850,175.6300,5
45604850888122,12:40:04.850,175.6300,5
45631692115545,12:40:31.692,175.5800,100
45631692115545,12:40:31.692,175.5800,1
45673813181539,12:41:13.813,175.5200,12
45673813181539,12:41:13.813,175.5200,5
45673813181539,12:41:13.813,175.5200,5
45708542548621,12:41:48.542,175.4600,1
45708544111042,12:41:48.544,175.4200,100
45708565123721,12:41:48.565,175.4000,1
45708565165466,12:41:48.565,175.4000,36
45708565238297,12:41:48.565,175.4000,27
45708701215886,12:41:48.701,175.4000,1
45709000640957,12:41:49.000,175.4000,100
45724943404597,12:42:04.943,175.3600,100
45725526768485,12:42:05.526,175.3400,1
45739424146968,12:42:19.424,175.2500,64
45739424561980,12:42:19.424,175.2500,36
45749135035925,12:42:29.135,175.3000,100
45749135067431,12:42:29.135,175.3000,5
45780236340509,12:43:00.236,175.3000,100
45780236340509,12:43:00.236,175.3000,4
45780236340509,12:43:00.236,175.3000,96
45780236368894,12:43:00.236,175.3000,4
45780237544720,12:43:00.237,175.3200,139
45790567555172,12:43:10.567,175.3300,100
45790567580613,12:43:10.567,175.3300,48
45790567580613,12:43:10.567,175.3300,5
45790569066251,12:43:10.569,175.3400,100
45811011726675,12:43:31.011,175.3000,1
45811011726675,12:43:31.011,175.3000,79
45811011726675,12:43:31.011,175.3000,37
45811011744186,12:43:31.011,175.3000,63
45811011744186,12:43:31.011,175.3000,3
45837235844041,12:43:57.235,175.2500,1
45838004868157,12:43:58.004,175.2300,100
45843961775686,12:44:03.961,175.2000,50
45873743884738,12:44:33.743,175.1100,100
45873743996508,12:44:33.743,175.1100,1
45873744528859,12:44:33.744,175.0800,91
45873744645365,12:44:33.744,175.0800,9
45877687982958,12:44:37.687,175.1100,200
45897954461207,12:44:57.954,175.1600,4
45897954461207,12:44:57.954,175.1600,5
45903427550152,12:45:03.427,175.2000,1
45903427550152,12:45:03.427,175.2000,10
45903427550152,12:45:03.427,175.2000,5
45915560621812,12:45:15.560,175.2300,4
45967614952673,12:46:07.614,175.1700,1
45986653354344,12:46:26.653,175.1600,5
45986653958667,12:46:26.653,175.1700,5
45986653958667,12:46:26.653,175.1700,9
45990215051981,12:46:30.215,175.1600,1
46020035015857,12:47:00.035,175.1400,5
46020035015857,12:47:00.035,175.1400,4
46020035081017,12:47:00.035,175.1500,3
46020035403832,12:47:00.035,175.1500,19
46020035403832,12:47:00.035,175.1500,1
46044726288564,12:47:24.726,175.1600,1
46044726339690,12:47:24.726,175.1600,99
46044726544439,12:47:24.726,175.1600,100
46044727326033,12:47:24.727,175.1600,100
46044728381080,12:47:24.728,175.1600,100
46067153338648,12:47:47.153,175.1400,1
46070814910403,12:47:50.814,175.0900,100
46084760128000,12:48:04.760,175.0900,100
46217579704637,12:50:17.579,175.1100,3
46217579704637,12:50:17.579,175.1100,1
46217579704637,12:50:17.579,175.1100,15
46217579704637,12:50:17.579,175.1100,6
46221576943357,12:50:21.576,175.1200,100
46230007051398,12:50:30.007,175.0900,2
46230007051398,12:50:30.007,175.0900,1
46230007051398,12:50:30.007,175.0900,97
46230007078962,12:50:30.007,175.0900,3
46230007477158,12:50:30.007,175.0600,12
46255527073820,12:50:55.527,175.1200,94
46255527112460,12:50:55.527,175.1200,34
46255527789932,12:50:55.527,175.1200,22
46295150748184,12:51:35.150,175.0800,1
46295150748184,12:51:35.150,175.0800,5
46295150748184,12:51:35.150,175.0800,94
46331107255458,12:52:11.107,175.1000,100
46331107282991,12:52:11.107,175.1000,1
46331107282991,12:52:11.107,175.1000,5
46331107781491,12:52:11.107,175.0900,100
46332037848625,12:52:12.037,175.1000,5
46332037848625,12:52:12.037,175.1000,100
46332037848625,12:52:12.037,175.1000,195
46332037990942,12:52:12.037,175.1000,100
46332038087215,12:52:12.038,175.1000,4
46434209643258,12:53:54.209,175.0700,12
46434209643258,12:53:54.209,175.0700,5
46434209643258,12:53:54.209,175.0700,100
46434209643258,12:53:54.209,175.0600,1
46434209643258,12:53:54.209,175.0600,99
46434210113639,12:53:54.210,175.0600,1
46434210113639,12:53:54.210,175.0600,1
46434210113639,12:53:54.210,175.0600,100
46434212283510,12:53:54.212,175.0600,1
46434233728095,12:53:54.233,175.0300,12
46441494959879,12:54:01.494,175.0000,30
46441494959879,12:54:01.494,175.0000,70
46441494987778,12:54:01.494,175.0000,30
46441494987778,12:54:01.494,175.0000,2
46441494987778,12:54:01.494,175.0000,1
46441494987778,12:54:01.494,175.0000,5
46441494989410,12:54:01.494,175.0000,38
46441496537575,12:54:01.496,174.9700,12
46470988902306,12:54:30.988,174.9500,5
46481102732630,12:54:41.102,174.9400,100
46481102732630,12:54:41.102,174.9400,1
46481102732630,12:54:41.102,174.9400,5
46506533191939,12:55:06.533,174.9800,3
46506533191939,12:55:06.533,174.9800,1
46506533252935,12:55:06.533,174.9900,170
46506533252935,12:55:06.533,174.9900,15
46534064849727,12:55:34.064,174.9600,1
46534064849727,12:55:34.064,174.9600,5
46567092126778,12:56:07.092,174.9700,6
46567092126778,12:56:07.092,174.9700,5
46567092126778,12:56:07.092,174.9700,3
46589102907587,12:56:29.102,175.0200,100
46589104085918,12:56:29.104,175.0400,100
46589104085918,12:56:29.104,175.0400,153
46589104085918,12:56:29.104,175.0400,100
46624309210693,12:57:04.309,175.0700,10
46624309210693,12:57:04.309,175.0700,10
46624309522249,12:57:04.309,175.0800,10
46624311087484,12:57:04.311,175.0900,10
46624311087484,12:57:04.311,175.0900,10
46624311087484,12:57:04.311,175.1000,10
46624311087484,12:57:04.311,175.1000,10
46624596338811,12:57:04.596,175.1200,20
46624596338811,12:57:04.596,175.1200,80
46624596368499,12:57:04.596,175.1200,20
46624596464233,12:57:04.596,175.1300,10
46646375633086,12:57:26.375,175.0800,80
46646805129329,12:57:26.805,175.0800,5
46667851386229,12:57:47.851,175.0800,2
46683336059972,12:58:03.336,175.1400,1
46683336059972,12:58:03.336,175.1400,3
46683336420316,12:58:03.336,175.1500,5
46683945929551,12:58:03.945,175.1100,1
46683945929551,12:58:03.945,175.1100,100
46685158450125,12:58:05.158,175.1100,1
46694996823156,12:58:14.996,175.0700,100
46694998779672,12:58:14.998,175.0600,11
46695025842134,12:58:15.025,175.0600,1
46695169020142,12:58:15.169,175.0500,5
46706679545008,12:58:26.679,175.1000,5
46778018157912,12:59:38.018,175.0700,5
46778018691795,12:59:38.018,175.0600,100
46840302013513,13:00:40.302,175.0500,5
46840302013513,13:00:40.302,175.0500,95
46840302307454,13:00:40.302,175.0500,5
46840302307454,13:00:40.302,175.0500,4
46853843816739,13:00:53.843,175.0700,147
46853844018391,13:00:53.844,175.1000,5
46853844018391,13:00:53.844,175.1000,5
46853844045502,13:00:53.844,175.1000,95
46853848935778,13:00:53.848,175.1100,5
46853849591981,13:00:53.849,175.1200,1
46853851206386,13:00:53.851,175.1400,100
46853851323900,13:00:53.851,175.1400,41
46856005125558,13:00:56.005,175.1500,13
46856006193992,13:00:56.006,175.1600,10
46856006193992,13:00:56.006,175.1600,3
46856006261016,13:00:56.006,175.1700,10
46860084878809,13:01:00.084,175.1800,5
46860084904133,13:01:00.084,175.1900,1
46860085044912,13:01:00.085,175.1900,9
46860085044912,13:01:00.085,175.1900,5
46861484416713,13:01:01.484,175.2000,10
46861484454830,13:01:01.484,175.2200,10
46861484614339,13:01:01.484,175.2300,1
46861484614339,13:01:01.484,175.2300,18
46861484625679,13:01:01.484,175.2400,1
46862085176673,13:01:02.085,175.2600,2
46862085203861,13:01:02.085,175.2600,8
46873969161815,13:01:13.969,175.2300,30
46873970282598,13:01:13.970,175.2200,66
46873970312726,13:01:13.970,175.2200,27
46876580379933,13:01:16.580,175.2500,170
46876580384343,13:01:16.580,175.2500,30
46892546478025,13:01:32.546,175.2800,2
46893585901918,13:01:33.585,175.3000,8
46893588559732,13:01:33.588,175.3000,2
46893588559732,13:01:33.588,175.3000,4
46893590207860,13:01:33.590,175.3000,6
46893591848566,13:01:33.591,175.3000,6
46893593494884,13:01:33.593,175.3000,6
46893594007978,13:01:33.594,175.3000,78
46893595302919,13:01:33.595,175.3100,5
46893596946403,13:01:33.596,175.3100,5
46893598602057,13:01:33.598,175.3200,5
46893601497639,13:01:33.601,175.3200,4
46893603138948,13:01:33.603,175.3200,1
46893868026736,13:01:33.868,175.3300,4
46893869675582,13:01:33.869,175.3300,4
46893872907633,13:01:33.872,175.3300,2
46893872907633,13:01:33.872,175.3300,1
46893874555182,13:01:33.874,175.3300,3
46893924568846,13:01:33.924,175.3300,3
46903761474872,13:01:43.761,175.3400,10
46943486049371,13:02:23.486,175.2100,76
46943486166886,13:02:23.486,175.2100,24
46943486166886,13:02:23.486,175.2100,1
46946462078898,13:02:26.462,175.1700,1
46946462078898,13:02:26.462,175.1700,99
46946462107613,13:02:26.462,175.1700,1
47030944440464,13:03:50.944,175.1300,1
47037709773658,13:03:57.709,175.1200,48
47037709813920,13:03:57.709,175.1200,4
47037711473245,13:03:57.711,175.1200,4
47041411676376,13:04:01.411,175.1000,1
47041411796724,13:04:01.411,175.1200,10
47041436864346,13:04:01.436,175.1300,100
47041436864346,13:04:01.436,175.1400,12
47041436893712,13:04:01.436,175.1400,100
47067309045944,13:04:27.309,175.1100,10
47067309045944,13:04:27.309,175.1100,2
47067309045944,13:04:27.309,175.1100,56
47067309058614,13:04:27.309,175.1100,3
47067309090464,13:04:27.309,175.1100,7
47067309090464,13:04:27.309,175.1100,2
47067309090464,13:04:27.309,175.1100,23
47116618185540,13:05:16.618,175.1000,4
47116618499716,13:05:16.618,175.1200,15
47116618499716,13:05:16.618,175.1200,6
47116631749119,13:05:16.631,175.1500,100
47213892340137,13:06:53.892,175.2100,171
47213892340137,13:06:53.892,175.2100,100
47213892818182,13:06:53.892,175.2200,170
47213892818182,13:06:53.892,175.2200,100
47213892850449,13:06:53.892,175.2300,3
47213893753367,13:06:53.893,175.2700,10
47216974867474,13:06:56.974,175.2800,10
47216975071162,13:06:56.975,175.2600,10
47217033080934,13:06:57.033,175.2800,10
47217033080934,13:06:57.033,175.2800,10
47223128171477,13:07:03.128,175.2900,10
47223133264408,13:07:03.133,175.2700,10
47262544354752,13:07:42.544,175.2500,50
47262544354752,13:07:42.544,175.2500,20
47305210658130,13:08:25.210,175.2900,10
47305210658130,13:08:25.210,175.2900,5
47344678352482,13:09:04.678,175.2400,100
47344678352482,13:09:04.678,175.2400,1
47345771142111,13:09:05.771,175.2300,1
47345771142111,13:09:05.771,175.2300,100
47345771278000,13:09:05.771,175.2200,100
47346280917587,13:09:06.280,175.2300,2
47362019299806,13:09:22.019,175.2800,10
47362019299806,13:09:22.019,175.2800,1
47370098662916,13:09:30.098,175.3000,10
47370098662916,13:09:30.098,175.3100,10
47370098662916,13:09:30.098,175.3100,10
47370098662916,13:09:30.098,175.3100,4
47370098662916,13:09:30.098,175.3200,29
47370098809562,13:09:30.098,175.3200,71
47370205003724,13:09:30.205,175.3300,10
47370205372457,13:09:30.205,175.3400,10
47373318531450,13:09:33.318,175.3500,10
47378012321904,13:09:38.012,175.3600,1
47378012321904,13:09:38.012,175.3600,9
47378032297556,13:09:38.032,175.3700,10
47378038481441,13:09:38.038,175.3800,10
47378044332592,13:09:38.044,175.3900,10
47378044332592,13:09:38.044,175.3900,62
47407903789385,13:10:07.903,175.3200,100
47411160293244,13:10:11.160,175.3200,97
47411160323012,13:10:11.160,175.3200,3
47411160323012,13:10:11.160,175.3200,70
47411160323012,13:10:11.160,175.3200,12
47411160323012,13:10:11.160,175.3200,100
47419431180289,13:10:19.431,175.2800,1
47419431180289,13:10:19.431,175.2800,5
47438384996768,13:10:38.384,175.2400,1
47438384996768,13:10:38.384,175.2400,5
47461330491321,13:11:01.330,175.2800,4
47461330491321,13:11:01.330,175.2800,62
47461330521805,13:11:01.330,175.2800,124
47461331823490,13:11:01.331,175.2900,30
47461331823490,13:11:01.331,175.2900,5
47497346401428,13:11:37.346,175.3400,5
47497346401428,13:11:37.346,175.3400,6
47497346401428,13:11:37.346,175.3400,100
47506245086979,13:11:46.245,175.3800,1
47522776431502,13:12:02.776,175.3400,70
47522776431502,13:12:02.776,175.3400,1
47522776431502,13:12:02.776,175.3400,2
47522777074811,13:12:02.777,175.3300,1
47573633158000,13:12:53.633,175.3600,3
47573633795996,13:12:53.633,175.3600,10
47574895032926,13:12:54.895,175.3400,63
47591172426790,13:13:11.172,175.2900,2
47591172426790,13:13:11.172,175.2900,100
47591172426790,13:13:11.172,175.2900,1
47591172426790,13:13:11.172,175.2900,2
47611806779559,13:13:31.806,175.3200,5
47611806779559,13:13:31.806,175.3200,5
47622453179782,13:13:42.453,175.3100,1
47622453179782,13:13:42.453,175.3100,80
47622453221003,13:13:42.453,175.3100,20
47627770351128,13:13:47.770,175.3300,77
47690641941653,13:14:50.641,175.2600,39
47690641941653,13:14:50.641,175.2600,1
47691508232421,13:14:51.508,175.2500,100
47691509030433,13:14:51.509,175.2500,1
47719936509139,13:15:19.936,175.2000,200
47719936537352,13:15:19.936,175.2000,1
47719936543695,13:15:19.936,175.2000,1
47719936590296,13:15:19.936,175.2000,1
47770431668042,13:16:10.431,175.1500,1
47770431668042,13:16:10.431,175.1400,99
47773106901108,13:16:13.106,175.1800,20
47773106901108,13:16:13.106,175.1800,9
47773106901108,13:16:13.106,175.1800,15
47773106901108,13:16:13.106,175.1800,5
47793448191991,13:16:33.448,175.2100,100
47793448253802,13:16:33.448,175.2100,62
47793448253802,13:16:33.448,175.2100,3
47793448253802,13:16:33.448,175.2100,5
47793448879456,13:16:33.448,175.2200,4
47793449454571,13:16:33.449,175.2200,1
47793449480649,13:16:33.449,175.2200,134
47793449480649,13:16:33.449,175.2200,5
47847506833770,13:17:27.506,175.3100,6
47847559503484,13:17:27.559,175.3100,4
47847559503484,13:17:27.559,175.3100,2
47847559700453,13:17:27.559,175.3100,3
47847560403139,13:17:27.560,175.3200,2
47847560403139,13:17:27.560,175.3200,5
47877981990636,13:17:57.981,175.2800,1
47877981990636,13:17:57.981,175.2800,100
47877981990636,13:17:57.981,175.2800,10
47877982900883,13:17:57.982,175.2500,100
47878012081372,13:17:58.012,175.2400,1
47904685606600,13:18:24.685,175.2700,5
47904685606600,13:18:24.685,175.2700,67
47943690279485,13:19:03.690,175.2900,5
47943690279485,13:19:03.690,175.2900,95
47967717722506,13:19:27.717,175.2600,1
47967719468266,13:19:27.719,175.2600,1
47967720831204,13:19:27.720,175.2500,47
47967721314263,13:19:27.721,175.2400,100
47967941284364,13:19:27.941,175.2300,10
47991689545496,13:19:51.689,175.2000,100
47991689581495,13:19:51.689,175.2000,70
47991689612887,13:19:51.689,175.2000,1
47991689649308,13:19:51.689,175.2000,29
47999120742349,13:19:59.120,175.1900,1
48002895669648,13:20:02.895,175.1900,5
48013582660609,13:20:13.582,175.1000,100
48013582703498,13:20:13.582,175.1000,1
48025956269234,13:20:25.956,175.1200,10
48025956269234,13:20:25.956,175.1200,3
48025956269234,13:20:25.956,175.1200,4
48025956269234,13:20:25.956,175.1200,43
48025956822563,13:20:25.956,175.1200,7
48025956822563,13:20:25.956,175.1200,1
48045800055554,13:20:45.800,175.1200,100
48045800745675,13:20:45.800,175.1100,8
48057254650728,13:20:57.254,175.1400,5
48140372892752,13:22:20.372,175.1100,92
48140372892752,13:22:20.372,175.1100,1
48140372892752,13:22:20.372,175.1100,7
48181050380180,13:23:01.050,175.1200,5
48181050380180,13:23:01.050,175.1200,3
48181050380180,13:23:01.050,175.1200,92
48183690796614,13:23:03.690,175.1400,100
48184119849701,13:23:04.119,175.1400,40
48188529572849,13:23:08.529,175.1400,28
48188529572849,13:23:08.529,175.1400,5
48191690921245,13:23:11.690,175.1900,5
48191690921245,13:23:11.690,175.1900,15
48195898538605,13:23:15.898,175.2100,2
48197418149224,13:23:17.418,175.2100,20
48197418149224,13:23:17.418,175.2100,5
48197419294566,13:23:17.419,175.2400,100
48209371500126,13:23:29.371,175.2600,10
48209371500126,13:23:29.371,175.2600,5
48210263156385,13:23:30.263,175.2700,20
48210263187346,13:23:30.263,175.2700,80
48210263187346,13:23:30.263,175.2700,100
48210263187346,13:23:30.263,175.2700,5
48210263530175,13:23:30.263,175.2800,100
48210263530175,13:23:30.263,175.2800,1
48210280390733,13:23:30.280,175.2900,4
48210294334315,13:23:30.294,175.2900,6
48210294334315,13:23:30.294,175.3000,18
48248604111323,13:24:08.604,175.2300,100
48248604111323,13:24:08.604,175.2300,100
48251018137612,13:24:11.018,175.1800,91
48251018141301,13:24:11.018,175.1800,9
48251018141301,13:24:11.018,175.1800,1
48262232743385,13:24:22.232,175.2000,5
48262232743385,13:24:22.232,175.2000,5
48275220342004,13:24:35.220,175.2200,5
48279024180146,13:24:39.024,175.2800,5
48279031797197,13:24:39.031,175.3100,20
48279039025079,13:24:39.039,175.3200,7
48291854738222,13:24:51.854,175.2500,100
48306845384877,13:25:06.845,175.2900,5
48358143646626,13:25:58.143,175.3000,4
48359798558756,13:25:59.798,175.3000,5
48362286861348,13:26:02.286,175.3100,1
48362286896113,13:26:02.286,175.3100,99
48362286896113,13:26:02.286,175.3100,5
48366595003315,13:26:06.595,175.3300,10
48366595003315,13:26:06.595,175.3300,5
48366595003315,13:26:06.595,175.3300,5
48366595003315,13:26:06.595,175.3300,5
48366595003315,13:26:06.595,175.3300,7
48366596688773,13:26:06.596,175.3400,10
48371695777363,13:26:11.695,175.3600,10
48371695777363,13:26:11.695,175.3600,5
48371696929501,13:26:11.696,175.3700,10
48372637105602,13:26:12.637,175.3400,200
48372637105602,13:26:12.637,175.3400,100
48381337069313,13:26:21.337,175.3100,1
48381337069313,13:26:21.337,175.3100,1
48387900108952,13:26:27.900,175.3500,4
48390218501960,13:26:30.218,175.3000,100
48403429638204,13:26:43.429,175.2900,100
48403429638204,13:26:43.429,175.2900,5
48403429668518,13:26:43.429,175.3000,5
48422076216625,13:27:02.076,175.3200,142
48422076216625,13:27:02.076,175.3200,5
48422076216625,13:27:02.076,175.3200,83
48488535517691,13:28:08.535,175.3000,100
48488536534663,13:28:08.536,175.2900,100
48542099197809,13:29:02.099,175.3700,5
48542099197809,13:29:02.099,175.3700,4
48542099197809,13:29:02.099,175.3700,1
48542100084728,13:29:02.100,175.3800,10
48542349223343,13:29:02.349,175.4000,5
48542349223343,13:29:02.349,175.4000,5
48542349223343,13:29:02.349,175.4000,80
48542349254472,13:29:02.349,175.4000,88
48542769914679,13:29:02.769,175.4100,5
48542769914679,13:29:02.769,175.4100,5
48554326851517,13:29:14.326,175.4000,5
48554326851517,13:29:14.326,175.4200,1
48554326851517,13:29:14.326,175.4200,4
48554326851517,13:29:14.326,175.4300,10
48554326851517,13:29:14.326,175.4400,1
48554326851517,13:29:14.326,175.4400,12
48554326851517,13:29:14.326,175.4400,11
48573198988105,13:29:33.198,175.4500,10
48573198988105,13:29:33.198,175.4500,5
48573198988105,13:29:33.198,175.4500,45
48612035512844,13:30:12.035,175.3900,1
48664269618597,13:31:04.269,175.4400,4
48664269698218,13:31:04.269,175.4400,1
48664270008919,13:31:04.270,175.4500,5
48664271109365,13:31:04.271,175.4600,40
48664271109365,13:31:04.271,175.4600,10
48667466807647,13:31:07.466,175.4700,6
48667466833536,13:31:07.466,175.4700,4
48667466833536,13:31:07.466,175.4700,10
48668473633060,13:31:08.473,175.4800,10
48668473633060,13:31:08.473,175.4800,10
48670639532710,13:31:10.639,175.4900,10
48670639532710,13:31:10.639,175.4900,10
48670639532710,13:31:10.639,175.4900,100
48670639532710,13:31:10.639,175.5000,80
48670639573862,13:31:10.639,175.5000,620
48670639573862,13:31:10.639,175.5000,10
48670639573862,13:31:10.639,175.5000,90
48670641455847,13:31:10.641,175.5100,5
48670641455847,13:31:10.641,175.5200,10
48670641455847,13:31:10.641,175.5200,10
48670641455847,13:31:10.641,175.5200,75
48670641559733,13:31:10.641,175.5200,25
48679681826893,13:31:19.681,175.4800,1
48679681826893,13:31:19.681,175.4700,100
48679681826893,13:31:19.681,175.4700,99
48679681930881,13:31:19.681,175.4700,1
48679683032647,13:31:19.683,175.4700,46
48690151777445,13:31:30.151,175.4300,1
48694884581291,13:31:34.884,175.4300,66
48694884611285,13:31:34.884,175.4300,2
48694884618253,13:31:34.884,175.4300,32
48694884618253,13:31:34.884,175.4300,10
48700932561430,13:31:40.932,175.4200,100
48750100068918,13:32:30.100,175.4100,1
48755872768159,13:32:35.872,175.4000,1
48755873657301,13:32:35.873,175.3900,100
48755873657301,13:32:35.873,175.3900,100
48755874012048,13:32:35.874,175.3900,55
48755874083108,13:32:35.874,175.3900,45
48755874109947,13:32:35.874,175.3900,100
48755874332829,13:32:35.874,175.4000,6
48755875486651,13:32:35.875,175.4000,83
48777419866390,13:32:57.419,175.4500,5
48780062896691,13:33:00.062,175.4600,5
48784105285776,13:33:04.105,175.4700,172
48784105315503,13:33:04.105,175.4800,5
48784105315503,13:33:04.105,175.4800,5
48796664130725,13:33:16.664,175.4700,5
48796664130725,13:33:16.664,175.4700,17
48807959396028,13:33:27.959,175.4600,100
48807959868065,13:33:27.959,175.4600,1
48807959868065,13:33:27.959,175.4600,1
48818164327637,13:33:38.164,175.4500,21
48860354573816,13:34:20.354,175.4600,5
48860355059392,13:34:20.355,175.4700,5
48881336007454,13:34:41.336,175.4900,14
48896396044970,13:34:56.396,175.4500,1
48896396063898,13:34:56.396,175.4400,1
48953378406183,13:35:53.378,175.4700,93
48953378406183,13:35:53.378,175.4700,14
48953378406183,13:35:53.378,175.4700,5
48969648082745,13:36:09.648,175.4300,100
48969648365133,13:36:09.648,175.4300,1
49008805728099,13:36:48.805,175.4700,5
49008806765954,13:36:48.806,175.4900,100
49008808545109,13:36:48.808,175.5100,100
49010555289664,13:36:50.555,175.5100,52
49020470687332,13:37:00.470,175.4700,100
49022230053131,13:37:02.230,175.5200,52
49022231168726,13:37:02.231,175.5200,48
49022508163081,13:37:02.508,175.5300,1
49022508163081,13:37:02.508,175.5300,9
49022508163081,13:37:02.508,175.5300,10
49022509268750,13:37:02.509,175.5400,10
49022509268750,13:37:02.509,175.5400,10
49024014511435,13:37:04.014,175.5500,10
49024014511435,13:37:04.014,175.5500,10
49024014511435,13:37:04.014,175.5500,5
49024014592087,13:37:04.014,175.5600,10
49024014592087,13:37:04.014,175.5600,10
49024015185333,13:37:04.015,175.5700,10
49024015185333,13:37:04.015,175.5700,10
49024015534607,13:37:04.015,175.5800,10
49024015534607,13:37:04.015,175.5800,10
49024015534607,13:37:04.015,175.5800,100
49024015866633,13:37:04.015,175.5900,10
49024015866633,13:37:04.015,175.5900,10
49024015866633,13:37:04.015,175.5900,11
49036297296069,13:37:16.297,175.5400,100
49036297674246,13:37:16.297,175.5400,49
49044080075257,13:37:24.080,175.5800,90
49046413823301,13:37:26.413,175.5400,20
49046413855362,13:37:26.413,175.5400,80
49046413855362,13:37:26.413,175.5400,20
49046413886975,13:37:26.413,175.5400,17
49046414202010,13:37:26.414,175.5400,3
49046453207123,13:37:26.453,175.5300,35
49085097024429,13:38:05.097,175.4800,100
49085097024429,13:38:05.097,175.4800,100
49085097377165,13:38:05.097,175.4800,100
49085835751362,13:38:05.835,175.4700,100
49085835793521,13:38:05.835,175.4700,13
49086607660174,13:38:06.607,175.4700,100
49088529928760,13:38:08.529,175.4500,99
49088529954525,13:38:08.529,175.4500,1
49088529958456,13:38:08.529,175.4500,1
49088532013510,13:38:08.532,175.4400,100
49130743867817,13:38:50.743,175.4000,30
49137822103498,13:38:57.822,175.4100,100
49141255924771,13:39:01.255,175.4400,2
49141256001942,13:39:01.256,175.4400,3
49141256001942,13:39:01.256,175.4400,100
49202233696544,13:40:02.233,175.4100,1
49232432477394,13:40:32.432,175.4700,4
49232432507265,13:40:32.432,175.4700,1
49232432507265,13:40:32.432,175.4700,151
49232432520176,13:40:32.432,175.4800,6
49232444747744,13:40:32.444,175.5000,90
49282877222523,13:41:22.877,175.4900,5
49313701838711,13:41:53.701,175.4400,100
49313702319811,13:41:53.702,175.4400,24
49313728273407,13:41:53.728,175.4000,100
49313728273407,13:41:53.728,175.4000,100
49337056996285,13:42:17.056,175.3800,100
49337057187745,13:42:17.057,175.3800,100
49337057254086,13:42:17.057,175.3800,100
49373001866864,13:42:53.001,175.3700,5
49373001866864,13:42:53.001,175.3700,5
49373001866864,13:42:53.001,175.3700,100
49373002602303,13:42:53.002,175.3800,7
49383344281651,13:43:03.344,175.3900,100
49383358544354,13:43:03.358,175.4000,109
49383358575352,13:43:03.358,175.4000,46
49383358575352,13:43:03.358,175.4000,5
49392372264169,13:43:12.372,175.4100,5
49412056322827,13:43:32.056,175.3900,1
49412752057361,13:43:32.752,175.3800,1
49412753835402,13:43:32.753,175.3800,100
49413476977899,13:43:33.476,175.3600,100
49452543325245,13:44:12.543,175.3500,100
49452543383592,13:44:12.543,175.3500,30
49452543412444,13:44:12.543,175.3500,70
49452543436446,13:44:12.543,175.3500,100
49460883959241,13:44:20.883,175.3000,3
49460885000185,13:44:20.885,175.3000,12
49462801008779,13:44:22.801,175.3300,12
49481855273479,13:44:41.855,175.3400,4
49484495181704,13:44:44.495,175.3500,5
49501316172034,13:45:01.316,175.2900,100
49501316197941,13:45:01.316,175.2900,5
49529503257062,13:45:29.503,175.2500,5
49534969311127,13:45:34.969,175.2700,50
49534971617233,13:45:34.971,175.2700,43
49535301317528,13:45:35.301,175.2700,100
49558074438998,13:45:58.074,175.3000,6
49558076521800,13:45:58.076,175.3000,11
49558076852420,13:45:58.076,175.3000,83
49558076852420,13:45:58.076,175.3000,100
49564496097566,13:46:04.496,175.3200,8
49564496166102,13:46:04.496,175.3200,100
49564496222551,13:46:04.496,175.3200,42
49564496222551,13:46:04.496,175.3200,58
49564496715048,13:46:04.496,175.3200,42
49564496715048,13:46:04.496,175.3200,4
49564513460441,13:46:04.513,175.3100,42
49600663537182,13:46:40.663,175.2900,100
49600663544742,13:46:40.663,175.2900,100
49600664570182,13:46:40.664,175.2600,9
49600664570182,13:46:40.664,175.2600,13
49600664570182,13:46:40.664,175.2400,78
49623486640924,13:47:03.486,175.3100,5
49623508806328,13:47:03.508,175.2800,10
49631484569673,13:47:11.484,175.2300,100
49631484569673,13:47:11.484,175.2300,5
49683901521234,13:48:03.901,175.2900,16
49683901521234,13:48:03.901,175.2900,5
49688372557177,13:48:08.372,175.3000,5
49688372557177,13:48:08.372,175.3000,5
49690792512630,13:48:10.792,175.3300,100
49690814581209,13:48:10.814,175.3300,100
49690815173985,13:48:10.815,175.3300,47
49690815173985,13:48:10.815,175.3300,5
49712710418056,13:48:32.710,175.3100,1
49712712792747,13:48:32.712,175.3000,33
49712712818782,13:48:32.712,175.3000,67
49728968921055,13:48:48.968,175.2700,100
49740780948554,13:49:00.780,175.2700,65
49740781354894,13:49:00.781,175.2700,35
49757411600130,13:49:17.411,175.2500,66
49757411621091,13:49:17.411,175.2500,35
49757411641035,13:49:17.411,175.2500,47
49757411641035,13:49:17.411,175.2500,5
49761802686647,13:49:21.802,175.2600,100
49761802686647,13:49:21.802,175.2600,5
49761887976615,13:49:21.887,175.2700,1
49761888015850,13:49:21.888,175.2700,6
49761888131869,13:49:21.888,175.2700,15
49761888131869,13:49:21.888,175.2700,5
49772269913302,13:49:32.269,175.2800,5
49820608631211,13:50:20.608,175.2100,100
49820608739315,13:50:20.608,175.2100,100
49820609364792,13:50:20.609,175.2100,100
49825445199004,13:50:25.445,175.2300,100
49825445199004,13:50:25.445,175.2300,5
49825445199004,13:50:25.445,175.2300,5
49825445199004,13:50:25.445,175.2300,90
49825445233039,13:50:25.445,175.2300,10
49844282521124,13:50:44.282,175.2600,3
49844282552322,13:50:44.282,175.2600,2
49850499352024,13:50:50.499,175.2700,5
49850499352024,13:50:50.499,175.2700,5
49850499352024,13:50:50.499,175.2700,10
49861567280687,13:51:01.567,175.2800,5
49862583724329,13:51:02.583,175.3000,5
49862583724329,13:51:02.583,175.3000,100
49862583724329,13:51:02.583,175.3000,5
49862859488703,13:51:02.859,175.3100,100
49865136432652,13:51:05.136,175.2900,100
49874453167738,13:51:14.453,175.3200,5
49913426381084,13:51:53.426,175.2300,10
49915646045460,13:51:55.646,175.2200,1
