timestamp,time,price,volume
34200946152279,09:30:00.946,0.0000,0
34205766795875,09:30:05.766,33.1100,400
34205766795875,09:30:05.766,33.1100,100
34206849412520,09:30:06.849,33.0900,55
34220312762894,09:30:20.312,33.0900,31
34222252470913,09:30:22.252,33.1000,100
34222252470913,09:30:22.252,33.1000,100
34266058617660,09:31:06.058,33.1100,100
34290030987684,09:31:30.030,33.1100,100
34324987227751,09:32:04.987,33.1200,100
34325134722382,09:32:05.134,33.1200,60
34325134767400,09:32:05.134,33.1200,40
34333301049914,09:32:13.301,33.1200,100
34333301049914,09:32:13.301,33.1200,100
34333320286863,09:32:13.320,33.1200,100
34333320286863,09:32:13.320,33.1200,200
34395596874048,09:33:15.596,33.1200,4
34395596919207,09:33:15.596,33.1200,96
34502190684678,09:35:02.190,33.1300,13
34502191192118,09:35:02.191,33.1300,87
34529163756379,09:35:29.163,33.1400,62
34603836311905,09:36:43.836,33.1300,100
34670208924875,09:37:50.208,33.1100,600
34740978259874,09:39:00.978,33.1200,100
34989632627354,09:43:09.632,33.1000,100
35076338460917,09:44:36.338,33.0900,600
35098395984618,09:44:58.395,33.0900,74
35119577845355,09:45:19.577,33.1000,100
35209074489280,09:46:49.074,33.0900,520
35212176642120,09:46:52.176,33.0900,200
35212176771934,09:46:52.176,33.0900,54
35277319473548,09:47:57.319,33.0900,200
35306116809884,09:48:26.116,33.0900,100
35352251358774,09:49:12.251,33.0950,180
35352251358774,09:49:12.251,33.0950,325
35447116783315,09:50:47.116,33.1000,100
35474979856892,09:51:14.979,33.1100,300
35474979856892,09:51:14.979,33.1100,200
35474979856892,09:51:14.979,33.1100,200
35488698123012,09:51:28.698,33.1100,800
35488698123012,09:51:28.698,33.1100,2100
35488698150824,09:51:28.698,33.1100,400
35684649018168,09:54:44.649,33.1100,200
35819825466125,09:56:59.825,33.1100,1100
35975484797858,09:59:35.484,33.1000,800
35975484979080,09:59:35.484,33.1000,200
36249842448168,10:04:09.842,33.0800,100
36249842448168,10:04:09.842,33.0800,100
36488406697668,10:08:08.406,33.0600,1400
36574298394455,10:09:34.298,33.0600,1500
36574298868059,10:09:34.298,33.0600,800
36606156863119,10:10:06.156,33.0700,100
36799686818029,10:13:19.686,33.0800,340
36799686890329,10:13:19.686,33.0800,1160
36882473883706,10:14:42.473,33.0800,200
36882473883706,10:14:42.473,33.0800,1200
36882473883706,10:14:42.473,33.0800,1500
36984927539063,10:16:24.927,33.0800,200
36984927539063,10:16:24.927,33.0800,400
36984927539063,10:16:24.927,33.0800,900
36984927539063,10:16:24.927,33.0800,500
36984927539063,10:16:24.927,33.0800,100
36984927539063,10:16:24.927,33.0800,1500
36984927539063,10:16:24.927,33.0800,200
36984928659687,10:16:24.928,33.0800,200
36984928659687,10:16:24.928,33.0800,1100
36984930822841,10:16:24.930,33.0800,400
36984930822841,10:16:24.930,33.0800,200
37007910556797,10:16:47.910,33.0800,1000
37008915779054,10:16:48.915,33.0800,1500
37010918847475,10:16:50.918,33.0800,200
37010918847475,10:16:50.918,33.0800,500
37011926794586,10:16:51.926,33.0800,300
37019278378653,10:16:59.278,33.0800,300
37021403293696,10:17:01.403,33.0800,700
37021403293696,10:17:01.403,33.0800,100
37021403293696,10:17:01.403,33.0800,100
37021403293696,10:17:01.403,33.0800,400
37021418165638,10:17:01.418,33.0750,800
37021418165638,10:17:01.418,33.0750,100
37021418165638,10:17:01.418,33.0750,100
37021418165638,10:17:01.418,33.0800,1100
37021418165638,10:17:01.418,33.0800,1300
37021418165638,10:17:01.418,33.0800,500
37021418165638,10:17:01.418,33.0800,400
37021418165638,10:17:01.418,33.0800,3000
37021418165638,10:17:01.418,33.0800,300
37021418165638,10:17:01.418,33.0800,400
37021418165638,10:17:01.418,33.0800,1200
37021418165638,10:17:01.418,33.0800,100
37021418165638,10:17:01.418,33.0800,200
37021418165638,10:17:01.418,33.0800,2400
37021418165638,10:17:01.418,33.0800,100
37021418165638,10:17:01.418,33.0800,400
37021418165638,10:17:01.418,33.0800,1500
37021418165638,10:17:01.418,33.0800,100
37021418165638,10:17:01.418,33.0800,3000
37021418165638,10:17:01.418,33.0800,1300
37021418165638,10:17:01.418,33.0800,2000
37021418671621,10:17:01.418,33.0800,200
37021418671621,10:17:01.418,33.0800,600
37022288248123,10:17:02.288,33.0800,1300
37022288248123,10:17:02.288,33.0800,700
37096027691819,10:18:16.027,33.0800,100
37096027691819,10:18:16.027,33.0800,1200
37108167149114,10:18:28.167,33.0800,1100
37108167149114,10:18:28.167,33.0800,200
37108167149114,10:18:28.167,33.0800,1300
37108167149114,10:18:28.167,33.0800,500
37108167149114,10:18:28.167,33.0800,1500
37108167149114,10:18:28.167,33.0800,3000
37108167149114,10:18:28.167,33.0800,300
37108167149114,10:18:28.167,33.0800,100
37108167149114,10:18:28.167,33.0800,300
37108167149114,10:18:28.167,33.0800,100
37108167662517,10:18:28.167,33.0800,200
37108167748917,10:18:28.167,33.0800,200
37108167803070,10:18:28.167,33.0800,200
37108167857422,10:18:28.167,33.0800,200
37108167911240,10:18:28.167,33.0800,200
37108167967276,10:18:28.167,33.0800,200
37108168022927,10:18:28.168,33.0800,200
37108168076748,10:18:28.168,33.0800,200
37108168122063,10:18:28.168,33.0800,300
37113760522178,10:18:33.760,33.0800,70
37123720161450,10:18:43.720,33.0800,1430
37124166265378,10:18:44.166,33.0750,300
37124166265378,10:18:44.166,33.0800,600
37124166265378,10:18:44.166,33.0800,100
37124166265378,10:18:44.166,33.0800,1600
37124166265378,10:18:44.166,33.0800,300
37124166265378,10:18:44.166,33.0800,1900
37124169756646,10:18:44.169,33.0800,1100
37128162664895,10:18:48.162,33.0750,1300
37128162664895,10:18:48.162,33.0800,100
37128162664895,10:18:48.162,33.0800,600
37128162664895,10:18:48.162,33.0800,3100
37128162664895,10:18:48.162,33.0800,600
37129163519211,10:18:49.163,33.0800,1000
37129163519211,10:18:49.163,33.0800,300
37129163519211,10:18:49.163,33.0800,3000
37129163519211,10:18:49.163,33.0800,100
37129683875810,10:18:49.683,33.0800,300
37134924637215,10:18:54.924,33.0800,2500
37134924637215,10:18:54.924,33.0800,1600
37135165328515,10:18:55.165,33.0800,300
37135165328515,10:18:55.165,33.0800,1600
37135165328515,10:18:55.165,33.0800,100
37139044914973,10:18:59.044,33.0800,3100
37139044914973,10:18:59.044,33.0800,1600
37139167596434,10:18:59.167,33.0750,1300
37139167596434,10:18:59.167,33.0800,7500
37139167596434,10:18:59.167,33.0800,1300
37139167596434,10:18:59.167,33.0800,2700
37139167596434,10:18:59.167,33.0800,300
37140163114307,10:19:00.163,33.0800,300
37187249148592,10:19:47.249,33.0900,100
37187250748667,10:19:47.250,33.1000,86
37201134798624,10:20:01.134,33.0900,574
37202015641453,10:20:02.015,33.0900,172
37213453490588,10:20:13.453,33.0900,1200
37221363468454,10:20:21.363,33.0900,100
37221363565588,10:20:21.363,33.0900,100
37270797811045,10:21:10.797,33.0900,100
37350411408297,10:22:30.411,33.1000,200
37384038983294,10:23:04.038,33.1000,1
37509065347478,10:25:09.065,33.1100,200
37605848852784,10:26:45.848,33.1100,100
37605848879588,10:26:45.848,33.1100,1
37605848943129,10:26:45.848,33.1100,100
37605849237775,10:26:45.849,33.1100,100
37605849292365,10:26:45.849,33.1100,100
37748173076925,10:29:08.173,33.1000,200
37748173076925,10:29:08.173,33.1000,100
37748173076925,10:29:08.173,33.1000,600
37792549392729,10:29:52.549,33.1100,800
37801312444441,10:30:01.312,33.1100,100
37858390538325,10:30:58.390,33.1100,700
37858390870895,10:30:58.390,33.1100,1000
38104749150949,10:35:04.749,33.1000,600
38198535922781,10:36:38.535,33.1100,70
38198535965846,10:36:38.535,33.1100,30
38198535965846,10:36:38.535,33.1100,270
38198536003830,10:36:38.536,33.1100,70
38198536028891,10:36:38.536,33.1100,2741
38198536062656,10:36:38.536,33.1100,70
38198536118198,10:36:38.536,33.1100,70
38198536175009,10:36:38.536,33.1100,49
38198536175009,10:36:38.536,33.1100,21
38198536185736,10:36:38.536,33.1100,79
38254160209358,10:37:34.160,33.1100,100
38255684002097,10:37:35.684,33.1100,747
38255684016345,10:37:35.684,33.1100,953
38394327095163,10:39:54.327,33.1100,100
38458102119828,10:40:58.102,33.1200,20
38580907273007,10:43:00.907,33.1100,113
38657023054816,10:44:17.023,33.1200,1800
38657023054816,10:44:17.023,33.1200,100
38657023054816,10:44:17.023,33.1200,100
38676163347256,10:44:36.163,33.1300,200
38676163347256,10:44:36.163,33.1300,300
38676163347256,10:44:36.163,33.1300,2
38907628565618,10:48:27.628,33.1300,1800
38907628995251,10:48:27.628,33.1300,800
39198126386092,10:53:18.126,33.1200,300
39283679988777,10:54:43.679,33.1250,100
39292276997703,10:54:52.276,33.1250,100
39322606610385,10:55:22.606,33.1300,300
39322606610385,10:55:22.606,33.1300,76
39322606671750,10:55:22.606,33.1300,424
39442069732043,10:57:22.069,33.1300,200
39497392307706,10:58:17.392,33.1300,300
39497392307706,10:58:17.392,33.1300,100
39497392365956,10:58:17.392,33.1300,200
39610254101128,11:00:10.254,33.1500,200
39610254101128,11:00:10.254,33.1500,1400
39615184820260,11:00:15.184,33.1500,1800
39663472859541,11:01:03.472,33.1500,100
39738703036952,11:02:18.703,33.1600,100
39738703087641,11:02:18.703,33.1600,100
39792159768744,11:03:12.159,33.1500,100
39844716669810,11:04:04.716,33.1500,1800
39844716669810,11:04:04.716,33.1500,100
40092948337107,11:08:12.948,33.1300,200
40309640852427,11:11:49.640,33.1300,200
40309640852427,11:11:49.640,33.1300,100
40325310325495,11:12:05.310,33.1400,200
40473186336368,11:14:33.186,33.1500,100
40564394784592,11:16:04.394,33.1600,100
40641650023346,11:17:21.650,33.1550,100
40641650024767,11:17:21.650,33.1550,100
40641650025395,11:17:21.650,33.1550,100
40866976661955,11:21:06.976,33.1600,200
41028181778879,11:23:48.181,33.1500,200
41173040436563,11:26:13.040,33.1400,200
41362689998457,11:29:22.689,33.1500,201
41362690060312,11:29:22.690,33.1500,99
41362690060312,11:29:22.690,33.1500,1
41362690068646,11:29:22.690,33.1500,100
41362690078064,11:29:22.690,33.1500,99
41362690078064,11:29:22.690,33.1500,300
41362690078064,11:29:22.690,33.1500,400
41362690078064,11:29:22.690,33.1500,100
41390048299185,11:29:50.048,33.1600,300
41458582105573,11:30:58.582,33.1650,200
41497998189019,11:31:37.998,33.1700,300
41676595148736,11:34:36.595,33.1800,300
41676595148736,11:34:36.595,33.1800,100
41690026383890,11:34:50.026,33.1900,200
41698653837089,11:34:58.653,33.2000,200
41706438155139,11:35:06.438,33.2000,200
41706438155139,11:35:06.438,33.2000,1400
41743004025183,11:35:43.004,33.2000,100
41743004112688,11:35:43.004,33.2000,1400
41743004112688,11:35:43.004,33.2000,100
42016610445416,11:40:16.610,33.2000,1400
42016610445416,11:40:16.610,33.2000,100
42028902232680,11:40:28.902,33.2050,100
42040630372075,11:40:40.630,33.2000,100
42071289736736,11:41:11.289,33.2000,100
42071289737441,11:41:11.289,33.2000,100
42075976710592,11:41:15.976,33.2000,100
42075976757669,11:41:15.976,33.2000,100
42108529025150,11:41:48.529,33.2000,200
42164752374394,11:42:44.752,33.2100,100
42164762662931,11:42:44.762,33.2100,800
42252872293791,11:44:12.872,33.2200,100
42298980309733,11:44:58.980,33.2200,200
42298980309733,11:44:58.980,33.2200,100
42331352344996,11:45:31.352,33.2200,200
42331362365530,11:45:31.362,33.2200,200
42331362365530,11:45:31.362,33.2200,2000
42331362365530,11:45:31.362,33.2200,1300
42357377012792,11:45:57.377,33.2100,200
42451430019587,11:47:31.430,33.2100,300
42616363817654,11:50:16.363,33.2100,100
42616363887990,11:50:16.363,33.2100,100
42660238855632,11:51:00.238,33.2100,200
43208072147111,12:00:08.072,33.2200,100
43208562041716,12:00:08.562,33.2200,100
43208562041716,12:00:08.562,33.2200,100
43296593960622,12:01:36.593,33.2200,200
43381025936858,12:03:01.025,33.2300,100
43496845519277,12:04:56.845,33.2300,90
43496845625160,12:04:56.845,33.2300,10
43496845918176,12:04:56.845,33.2300,400
43496845931724,12:04:56.845,33.2300,2000
43536169423590,12:05:36.169,33.2300,100
44058121233474,12:14:18.121,33.2300,200
44301122293651,12:18:21.122,33.2300,200
44301122293651,12:18:21.122,33.2300,200
44301122293651,12:18:21.122,33.2300,300
44394345889851,12:19:54.345,33.2300,128
44536800024474,12:22:16.800,33.2300,200
44628522750560,12:23:48.522,33.2200,200
45132952170454,12:32:12.952,33.2000,200
46158193775484,12:49:18.193,33.1800,200
46673069126644,12:57:53.069,33.1750,608
46673069126644,12:57:53.069,33.1750,127
46673076458613,12:57:53.076,33.1800,200
46673076458613,12:57:53.076,33.1800,100
46673077070278,12:57:53.077,33.1900,200
46673077070278,12:57:53.077,33.1900,1300
46673077070278,12:57:53.077,33.1900,300
46673077070278,12:57:53.077,33.1900,700
46673077070278,12:57:53.077,33.1900,900
46673077070278,12:57:53.077,33.1900,300
46673077070278,12:57:53.077,33.1900,100
46673077070278,12:57:53.077,33.1900,900
46673077135103,12:57:53.077,33.1900,100
46673077190721,12:57:53.077,33.1900,200
46673077190721,12:57:53.077,33.1900,100
46673087491854,12:57:53.087,33.1900,180
46673098113759,12:57:53.098,33.1900,120
46673099100823,12:57:53.099,33.1900,500
46673099100823,12:57:53.099,33.1900,300
46673099100823,12:57:53.099,33.1900,400
46673099194421,12:57:53.099,33.1900,1000
46673099194421,12:57:53.099,33.1900,300
46673118077847,12:57:53.118,33.1900,100
46673118077847,12:57:53.118,33.1900,20
46673194368425,12:57:53.194,33.1900,1300
46673194368425,12:57:53.194,33.1900,200
46673194368425,12:57:53.194,33.1900,100
46673194368425,12:57:53.194,33.1900,100
46673194368425,12:57:53.194,33.1900,500
46673194697838,12:57:53.194,33.1900,200
46673194697838,12:57:53.194,33.1900,1300
46673278315538,12:57:53.278,33.1900,300
46844838618319,13:00:44.838,33.1800,1300
47114132709954,13:05:14.132,33.1800,300
47358489759837,13:09:18.489,33.1900,200
47358489759837,13:09:18.489,33.1900,100
47445936924772,13:10:45.936,33.1900,400
47549511570698,13:12:29.511,33.1900,200
47549511611217,13:12:29.511,33.1900,100
47886185978171,13:18:06.185,33.1700,1400
47886185978171,13:18:06.185,33.1700,200
47976515357368,13:19:36.515,33.1600,200
48046658785431,13:20:46.658,33.1500,700
48046659131596,13:20:46.659,33.1500,800
48057069231186,13:20:57.069,33.1500,1200
48057069231186,13:20:57.069,33.1500,200
48271183663169,13:24:31.183,33.1600,20
48271183982647,13:24:31.183,33.1600,280
48271183982647,13:24:31.183,33.1600,200
48300157715792,13:25:00.157,33.1700,200
48300157715792,13:25:00.157,33.1700,100
48626521652557,13:30:26.521,33.1800,300
48626521652557,13:30:26.521,33.1800,200
49381262960363,13:43:01.262,33.1800,1
49404821024564,13:43:24.821,33.1800,1200
49862810197427,13:51:02.810,33.1600,1200
49862810197427,13:51:02.810,33.1600,300
49862810197427,13:51:02.810,33.1600,300
50058828941959,13:54:18.828,33.1500,55
50058829223434,13:54:18.829,33.1500,145
50155000945171,13:55:55.000,33.1500,1200
50155010962303,13:55:55.010,33.1500,800
50238239924148,13:57:18.239,33.1500,300
50409162023866,14:00:09.162,33.1800,3000
50416111853907,14:00:16.111,33.2300,100
50416552966703,14:00:16.552,33.2400,300
50416553029134,14:00:16.553,33.2400,100
50416553487629,14:00:16.553,33.2400,100
50416553487629,14:00:16.553,33.2400,100
50416553491685,14:00:16.553,33.2400,100
50417552941178,14:00:17.552,33.2300,100
50417652811733,14:00:17.652,33.2200,200
50417972288765,14:00:17.972,33.2300,100
50418478930327,14:00:18.478,33.2400,100
50418479023001,14:00:18.479,33.2400,100
50472000976097,14:01:12.000,33.2700,100
50529160748005,14:02:09.160,33.2400,100
50538415853255,14:02:18.415,33.2300,900
50538415888320,14:02:18.415,33.2300,100
50538416185348,14:02:18.416,33.2300,100
50538416220524,14:02:18.416,33.2300,100
50538416866128,14:02:18.416,33.2300,100
50538416902073,14:02:18.416,33.2300,300
50538416968631,14:02:18.416,33.2300,400
50538417001580,14:02:18.417,33.2300,100
50538420923450,14:02:18.420,33.2300,900
50538884796550,14:02:18.884,33.2300,100
50544179427502,14:02:24.179,33.2400,500
50552800374353,14:02:32.800,33.2400,100
50566584096504,14:02:46.584,33.2500,100
50577204717997,14:02:57.204,33.2600,100
50577204743529,14:02:57.204,33.2600,100
50666542563883,14:04:26.542,33.2900,100
50666556322879,14:04:26.556,33.3000,100
50670481173618,14:04:30.481,33.3000,400
50679102231419,14:04:39.102,33.2900,100
50686115567580,14:04:46.115,33.3000,200
50715597184641,14:05:15.597,33.3000,200
50735115219245,14:05:35.115,33.2900,400
50748958786127,14:05:48.958,33.2900,300
50759237541969,14:05:59.237,33.3000,100
50799648331061,14:06:39.648,33.2800,100
50819349742418,14:06:59.349,33.2800,200
50837926774912,14:07:17.926,33.2900,200
50860635176486,14:07:40.635,33.2800,200
50860635176486,14:07:40.635,33.2800,200
50860635531126,14:07:40.635,33.2800,100
50860635531807,14:07:40.635,33.2800,100
50860635533190,14:07:40.635,33.2800,100
50878894101545,14:07:58.894,33.2800,300
50878894101545,14:07:58.894,33.2800,200
50878894101545,14:07:58.894,33.2800,100
50878894101545,14:07:58.894,33.2800,100
50878894101545,14:07:58.894,33.2800,100
50878894101545,14:07:58.894,33.2800,100
50878894101545,14:07:58.894,33.2800,100
50878894101545,14:07:58.894,33.2800,100
50878894101545,14:07:58.894,33.2800,100
50878894101545,14:07:58.894,33.2800,100
50923375272829,14:08:43.375,33.2800,800
50923375397747,14:08:43.375,33.2800,100
50982929874373,14:09:42.929,33.2700,644
50982929879043,14:09:42.929,33.2700,256
50989902317193,14:09:49.902,33.2700,900
51004936688344,14:10:04.936,33.2700,200
51005954770942,14:10:05.954,33.2800,300
51005954770942,14:10:05.954,33.2800,900
51032961384754,14:10:32.961,33.2700,400
51044256691271,14:10:44.256,33.2800,800
51044256691271,14:10:44.256,33.2800,300
51070400732029,14:11:10.400,33.3000,200
51090449674220,14:11:30.449,33.3100,200
51104474297681,14:11:44.474,33.3000,200
51104474297681,14:11:44.474,33.3000,300
51104474297681,14:11:44.474,33.3000,200
51122579736164,14:12:02.579,33.3000,600
51126297631688,14:12:06.297,33.3000,200
51203242598280,14:13:23.242,33.3100,289
51203242636283,14:13:23.242,33.3100,11
51300401908879,14:15:00.401,33.3100,300
51300401908879,14:15:00.401,33.3100,800
51300401908879,14:15:00.401,33.3100,600
51300401908879,14:15:00.401,33.3100,200
51300401908879,14:15:00.401,33.3100,300
51302964730813,14:15:02.964,33.3100,800
51337024647668,14:15:37.024,33.3200,200
51400198280780,14:16:40.198,33.3300,800
51434225485780,14:17:14.225,33.3300,100
51434225858345,14:17:14.225,33.3300,100
51680200854776,14:21:20.200,33.3600,100
51680200854776,14:21:20.200,33.3600,700
51680200854776,14:21:20.200,33.3600,200
51680200854776,14:21:20.200,33.3600,500
51750449964332,14:22:30.449,33.3650,800
51750449964332,14:22:30.449,33.3600,200
51750450327968,14:22:30.450,33.3600,200
51750450327968,14:22:30.450,33.3600,200
51750450327968,14:22:30.450,33.3600,800
51750450383811,14:22:30.450,33.3600,40
51750450499930,14:22:30.450,33.3600,200
51750450512286,14:22:30.450,33.3600,600
51750450512286,14:22:30.450,33.3600,200
51750450526516,14:22:30.450,33.3600,200
51750450614511,14:22:30.450,33.3600,21
51750450686640,14:22:30.450,33.3600,179
51750450686640,14:22:30.450,33.3600,200
51750450748852,14:22:30.450,33.3600,200
51750450820832,14:22:30.450,33.3600,200
51750451016782,14:22:30.451,33.3600,200
51750451016782,14:22:30.451,33.3600,100
51759362012114,14:22:39.362,33.3600,300
51767346144215,14:22:47.346,33.3650,100
51767346144215,14:22:47.346,33.3600,1300
51767346144215,14:22:47.346,33.3600,500
51767346144215,14:22:47.346,33.3600,300
51767346144215,14:22:47.346,33.3600,300
51767346144215,14:22:47.346,33.3600,300
51767346144215,14:22:47.346,33.3600,100
51776355517389,14:22:56.355,33.3500,900
51877573013873,14:24:37.573,33.3300,200
51971556869953,14:26:11.556,33.3300,900
51995375535721,14:26:35.375,33.3300,500
51995375535721,14:26:35.375,33.3300,200
52141398279925,14:29:01.398,33.3050,180
52141398279925,14:29:01.398,33.3050,800
52141398279925,14:29:01.398,33.3050,100
52141398306845,14:29:01.398,33.3000,800
52141398306845,14:29:01.398,33.3000,100
52141398306845,14:29:01.398,33.3000,700
52141398306845,14:29:01.398,33.3000,300
52141398306845,14:29:01.398,33.3000,500
52141398306845,14:29:01.398,33.3000,300
52141398631951,14:29:01.398,33.3000,100
52141398666792,14:29:01.398,33.3000,100
52141398666792,14:29:01.398,33.3000,100
52141398666792,14:29:01.398,33.3000,400
52141398778105,14:29:01.398,33.3000,600
52141582052037,14:29:01.582,33.3000,100
52153587168434,14:29:13.587,33.3000,300
52153587251126,14:29:13.587,33.3000,300
52176777608598,14:29:36.777,33.2900,100
52176779808206,14:29:36.779,33.2900,100
52181056261438,14:29:41.056,33.2950,100
52200994666889,14:30:00.994,33.3000,200
52261737334068,14:31:01.737,33.3100,11
52269971442070,14:31:09.971,33.3100,100
52278223052987,14:31:18.223,33.3200,500
52335873725359,14:32:15.873,33.3200,200
52348610071747,14:32:28.610,33.3300,200
52396536764602,14:33:16.536,33.3350,100
52560098697207,14:36:00.098,33.3600,200
52560098697207,14:36:00.098,33.3600,300
52579086759457,14:36:19.086,33.3500,200
52628638453164,14:37:08.638,33.3500,600
52637409555004,14:37:17.409,33.3500,100
52637409555004,14:37:17.409,33.3500,500
52649571343583,14:37:29.571,33.3600,200
52681768477866,14:38:01.768,33.3700,200
52710345844912,14:38:30.345,33.3600,200
52713355306721,14:38:33.355,33.3600,900
52782695017504,14:39:42.695,33.3800,900
52814114775715,14:40:14.114,33.3800,100
52814114878767,14:40:14.114,33.3800,100
52836993268128,14:40:36.993,33.3800,100
52836993552748,14:40:36.993,33.3800,483
52836994214269,14:40:36.994,33.3800,100
52836994295615,14:40:36.994,33.3800,100
52836994526240,14:40:36.994,33.3800,217
52846455464608,14:40:46.455,33.3800,200
52862907941076,14:41:02.907,33.3800,200
52912708324966,14:41:52.708,33.3800,654
52912708352864,14:41:52.708,33.3800,246
52983586002891,14:43:03.586,33.3800,200
52986275930004,14:43:06.275,33.3700,200
52986277143463,14:43:06.277,33.3700,180
52995081150803,14:43:15.081,33.3600,200
53016422795229,14:43:36.422,33.3600,200
53032389955735,14:43:52.389,33.3700,900
53032389955735,14:43:52.389,33.3700,600
53053920584696,14:44:13.920,33.3700,200
53067260274722,14:44:27.260,33.3700,200
53079259571491,14:44:39.259,33.3800,200
53162611295450,14:46:02.611,33.3900,18
53239789794844,14:47:19.789,33.4000,500
53255870461574,14:47:35.870,33.4000,700
53295407015053,14:48:15.407,33.3900,200
53354430657900,14:49:14.430,33.3900,200
53354430657900,14:49:14.430,33.3900,300
53359245895349,14:49:19.245,33.3800,200
53416580172032,14:50:16.580,33.3700,200
53521644275132,14:52:01.644,33.3400,211
53521644343315,14:52:01.644,33.3400,89
53526683945504,14:52:06.683,33.3500,200
53574496868284,14:52:54.496,33.3600,300
53582804976090,14:53:02.804,33.3700,200
53590180618191,14:53:10.180,33.3800,200
53603049214989,14:53:23.049,33.3800,200
53614636953884,14:53:34.636,33.3800,200
53614637064533,14:53:34.637,33.3800,100
53626409460215,14:53:46.409,33.3800,200
53626409460215,14:53:46.409,33.3800,100
53626802407021,14:53:46.802,33.3800,400
53626802407021,14:53:46.802,33.3800,200
53626802407021,14:53:46.802,33.3800,1400
53626802407021,14:53:46.802,33.3800,100
53626802407021,14:53:46.802,33.3800,800
53638483275538,14:53:58.483,33.3700,100
53638483516606,14:53:58.483,33.3700,100
53638483570164,14:53:58.483,33.3700,100
53638483640630,14:53:58.483,33.3700,400
53638485106555,14:53:58.485,33.3700,600
53799311151392,14:56:39.311,33.3700,100
53800959729005,14:56:40.959,33.3800,600
54074621320736,15:01:14.621,33.3800,200
54115437929473,15:01:55.437,33.3800,200
54150959893177,15:02:30.959,33.3800,200
54238520358024,15:03:58.520,33.3600,200
54285645039728,15:04:45.645,33.3500,300
54336244211108,15:05:36.244,33.3450,175
54560199726082,15:09:20.199,33.3500,107
54699790662981,15:11:39.790,33.3200,200
54699793266587,15:11:39.793,33.3200,500
54714943000699,15:11:54.943,33.3200,100
54763807207865,15:12:43.807,33.3300,200
54811553756635,15:13:31.553,33.3300,300
54811554762145,15:13:31.554,33.3300,500
54864984553039,15:14:24.984,33.3300,101
54871662701190,15:14:31.662,33.3300,100
54900300062894,15:15:00.300,33.3250,1600
54900300062894,15:15:00.300,33.3200,1100
54900300062894,15:15:00.300,33.3200,200
54900300515521,15:15:00.300,33.3200,100
54900300533961,15:15:00.300,33.3200,300
54900720791824,15:15:00.720,33.3200,300
54900720791824,15:15:00.720,33.3200,400
54900822406209,15:15:00.822,33.3150,100
54922324094662,15:15:22.324,33.3200,100
54922425088568,15:15:22.425,33.3250,100
54999196199324,15:16:39.196,33.3200,200
55016360553148,15:16:56.360,33.3200,100
55016360610592,15:16:56.360,33.3200,100
55119337277502,15:18:39.337,33.3200,400
55147958702800,15:19:07.958,33.3200,212
55165956153163,15:19:25.956,33.3200,188
55270149238069,15:21:10.149,33.3300,400
55328971030612,15:22:08.971,33.3250,100
55448165706523,15:24:08.165,33.3100,169
55454839652591,15:24:14.839,33.3100,31
55751397744603,15:29:11.397,33.3200,400
55751397774267,15:29:11.397,33.3200,400
55800694371671,15:30:00.694,33.3100,100
55800712581490,15:30:00.712,33.3100,180
55826611441834,15:30:26.611,33.3000,400
55953993785924,15:32:33.993,33.3050,164
56029386000209,15:33:49.386,33.3000,100
56029386106819,15:33:49.386,33.3000,100
56029386106819,15:33:49.386,33.3000,200
56090053164745,15:34:50.053,33.2800,200
56090053164745,15:34:50.053,33.2800,200
56134635812808,15:35:34.635,33.2900,253
56134636110110,15:35:34.636,33.2900,147
56134637006378,15:35:34.637,33.2900,800
56171044856019,15:36:11.044,33.2900,13
56257820972013,15:37:37.820,33.2900,300
56257821035683,15:37:37.821,33.2900,100
56441990115958,15:40:41.990,33.3000,400
56487033977017,15:41:27.033,33.2900,100
56498865077689,15:41:38.865,33.2900,100
56498865077689,15:41:38.865,33.2900,200
56498889589056,15:41:38.889,33.2900,180
56561524253626,15:42:41.524,33.2900,800
56624045490679,15:43:44.045,33.3000,300
56733960223082,15:45:33.960,33.3000,100
56758773171748,15:45:58.773,33.3100,300
56758773171748,15:45:58.773,33.3100,400
56758773642674,15:45:58.773,33.3100,800
56854150962923,15:47:34.150,33.3200,1
56854151264469,15:47:34.151,33.3200,699
57010623895757,15:50:10.623,33.3050,180
57010623899240,15:50:10.623,33.3000,700
57010623899240,15:50:10.623,33.3000,1200
57010623899240,15:50:10.623,33.3000,800
57010623899240,15:50:10.623,33.3000,100
57010623899240,15:50:10.623,33.3000,100
57116563859559,15:51:56.563,33.2950,100
57126121415885,15:52:06.121,33.2950,100
57130378478908,15:52:10.378,33.2950,80
57130378478908,15:52:10.378,33.2950,20
57146195981802,15:52:26.195,33.2900,400
57146195981802,15:52:26.195,33.2900,800
57150150844421,15:52:30.150,33.2850,400
57150150844421,15:52:30.150,33.2900,500
57159025624415,15:52:39.025,33.2850,100
57204018786777,15:53:24.018,33.2750,100
57213957898089,15:53:33.957,33.2700,100
57213957976908,15:53:33.957,33.2700,100
57213958031469,15:53:33.958,33.2700,100
57272150155368,15:54:32.150,33.2750,400
57272150155368,15:54:32.150,33.2800,108
57272150475898,15:54:32.150,33.2800,1
57272150669536,15:54:32.150,33.2800,73
57289187317515,15:54:49.187,33.2750,100
57300057448727,15:55:00.057,33.2800,518
57300057448727,15:55:00.057,33.2800,200
57304056629849,15:55:04.056,33.2900,1
57306154423969,15:55:06.154,33.2900,199
57355150315799,15:55:55.150,33.3000,700
57384150297847,15:56:24.150,33.3000,700
57389150162917,15:56:29.150,33.3000,300
57389150162917,15:56:29.150,33.3000,500
57394154208442,15:56:34.154,33.3000,700
57456154561043,15:57:36.154,33.2950,500
57469284006845,15:57:49.284,33.2950,200
57472766414274,15:57:52.766,33.2900,1500
57472766414274,15:57:52.766,33.2900,200
57472766414274,15:57:52.766,33.2900,80
57472766414274,15:57:52.766,33.2900,900
57472766414274,15:57:52.766,33.2900,220
57472766863466,15:57:52.766,33.2900,680
57472766863466,15:57:52.766,33.2900,180
57494441903193,15:58:14.441,33.2800,1500
57494441903193,15:58:14.441,33.2800,6
57494442277211,15:58:14.442,33.2800,100
57512894668795,15:58:32.894,33.2800,700
57512894668795,15:58:32.894,33.2800,600
57512894668795,15:58:32.894,33.2800,1000
57512894668795,15:58:32.894,33.2800,500
57512894668795,15:58:32.894,33.2800,1100
57512894704389,15:58:32.894,33.2800,1300
57512894704389,15:58:32.894,33.2800,100
57512894704389,15:58:32.894,33.2800,1156
57533328618044,15:58:53.328,33.2800,700
57533328618044,15:58:53.328,33.2800,15
57533328618044,15:58:53.328,33.2800,885
57540165117271,15:59:00.165,33.2800,199
57540165204301,15:59:00.165,33.2800,424
57540252697799,15:59:00.252,33.2800,500
57543165320822,15:59:03.165,33.2900,297
57543165351704,15:59:03.165,33.2900,403
57543165351704,15:59:03.165,33.2900,1618
57544163872981,15:59:04.163,33.2900,199
57545164287720,15:59:05.164,33.2900,183
57545164287720,15:59:05.164,33.2900,16
57546150475300,15:59:06.150,33.2900,900
57546150728570,15:59:06.150,33.2900,15
57546740377995,15:59:06.740,33.2900,54
57566150156898,15:59:26.150,33.2900,700
57584058582535,15:59:44.058,33.2900,1100
57584151158754,15:59:44.151,33.2900,400
57587150929963,15:59:47.150,33.2900,900
57587151173143,15:59:47.151,33.2900,400
57587151173143,15:59:47.151,33.2900,300
57593729418570,15:59:53.729,33.2900,1500
57593729780383,15:59:53.729,33.2800,1000
57593729780383,15:59:53.729,33.2800,1500
57593729780383,15:59:53.729,33.2800,1300
57593729780383,15:59:53.729,33.2800,1200
57597754435682,15:59:57.754,33.2900,113
57598006148021,15:59:58.006,33.2900,400
57598006311684,15:59:58.006,33.2900,200
57598153077868,15:59:58.153,33.2900,800
57599015335009,15:59:59.015,33.2900,1287
57599015335009,15:59:59.015,33.2900,113
57599026556688,15:59:59.026,33.2900,3
57600436082568,16:00:00.436,0.0000,0
