timestamp,time,price,volume
34200037416761,09:30:00.037,0.0000,0
34374019632758,09:32:54.019,36.5900,60
34381854717432,09:33:01.854,36.5500,60
34403033203107,09:33:23.033,36.5300,100
34403034288643,09:33:23.034,36.5900,100
34419798290434,09:33:39.798,36.4000,68
34476018016076,09:34:36.018,36.4400,60
34940652846617,09:42:20.652,36.6300,100
34940652846617,09:42:20.652,36.6100,100
34940652932313,09:42:20.652,36.6100,100
34940653237871,09:42:20.653,36.6000,22
34940653413252,09:42:20.653,36.6000,61
34940653863608,09:42:20.653,36.6000,17
34989921239550,09:43:09.921,36.7000,34
34989921239550,09:43:09.921,36.7000,66
35017625928444,09:43:37.625,36.6700,200
35039874894172,09:43:59.874,36.6200,1
35170460575638,09:46:10.460,36.7000,4
35176492134608,09:46:16.492,36.6900,48
35217472016501,09:46:57.472,36.6700,47
35217472096299,09:46:57.472,36.6700,53
35277703196130,09:47:57.703,36.6300,200
35427044841268,09:50:27.044,36.6500,1
35548032253839,09:52:28.032,36.6100,1
35600320055860,09:53:20.320,36.4500,45
35600320055860,09:53:20.320,36.4400,2
35701063953442,09:55:01.063,36.6400,1
35726940697324,09:55:26.940,36.5800,98
35726940697324,09:55:26.940,36.5700,2
35748942611619,09:55:48.942,36.5600,100
36012040396912,10:00:12.040,36.4800,1
36089704372977,10:01:29.704,36.4200,100
36131574283951,10:02:11.574,36.5300,1
36131574283951,10:02:11.574,36.5300,100
36246029072283,10:04:06.029,36.4900,1
36280542733954,10:04:40.542,36.4500,53
36307951565848,10:05:07.951,36.4400,53
36307951975452,10:05:07.951,36.4100,19
36307951981507,10:05:07.951,36.4100,11
36381118439271,10:06:21.118,36.4400,7
36480028798525,10:08:00.028,36.4300,1
36488067029171,10:08:08.067,36.4700,7
36488067029171,10:08:08.067,36.4700,100
36597026942194,10:09:57.026,36.4300,1
36688093232589,10:11:28.093,36.3900,1
36688123760296,10:11:28.123,36.3600,100
36833029950273,10:13:53.029,36.4000,5
36833029959551,10:13:53.029,36.4100,5
36857125412817,10:14:17.125,36.4000,100
36857125412817,10:14:17.125,36.4000,100
37092569283839,10:18:12.569,36.2400,176
37158322615844,10:19:18.322,36.2300,56
37158322615844,10:19:18.322,36.2300,1
37333596184863,10:22:13.596,36.2900,100
37333596416434,10:22:13.596,36.2800,100
37533012857588,10:25:33.012,36.2700,106
37533014628059,10:25:33.014,36.2800,1
37568954518587,10:26:08.954,36.3100,5
37580967527873,10:26:20.967,36.3200,23
37580967859693,10:26:20.967,36.3300,100
37696032140017,10:28:16.032,36.4000,100
38008923768425,10:33:28.923,36.4400,35
38008923824438,10:33:28.923,36.4400,65
38008923824438,10:33:28.923,36.4400,96
38008924356238,10:33:28.924,36.4300,13
38008924356238,10:33:28.924,36.4300,79
38008924383637,10:33:28.924,36.4300,21
38027832761832,10:33:47.832,36.4400,25
38027833820178,10:33:47.833,36.4600,100
38027833969592,10:33:47.833,36.4600,33
38027849621017,10:33:47.849,36.4600,33
38034328927293,10:33:54.328,36.4900,76
38034329740311,10:33:54.329,36.4900,24
38046946411237,10:34:06.946,36.5400,100
38046946411237,10:34:06.946,36.5400,100
38046960333699,10:34:06.960,36.5400,10
38236015580119,10:37:16.015,36.6200,100
38342135338829,10:39:02.135,36.6600,85
38342135350595,10:39:02.135,36.6600,15
38342135350595,10:39:02.135,36.6700,1
38342139222598,10:39:02.139,36.6600,25
38342469266307,10:39:02.469,36.6700,3
38352013085785,10:39:12.013,36.7000,1
38469078926495,10:41:09.078,36.6600,1
38595883337589,10:43:15.883,36.6600,1
38663332867060,10:44:23.332,36.6900,7
38663332867060,10:44:23.332,36.7100,193
38663332898037,10:44:23.332,36.7100,7
38731895558991,10:45:31.895,36.7400,68
38731895624444,10:45:31.895,36.7400,32
38755097751952,10:45:55.097,36.7200,5
38757093921243,10:45:57.093,36.7100,5
39036266126324,10:50:36.266,36.7100,6
39059662724303,10:50:59.662,36.6700,8
39338477728888,10:55:38.477,36.7400,7
39605066963157,11:00:05.066,36.6900,8
39605066963157,11:00:05.066,36.6900,60
39605066963157,11:00:05.066,36.6900,40
39605067555741,11:00:05.067,36.6900,60
39641917165305,11:00:41.917,36.6800,100
39663461630524,11:01:03.461,36.6900,70
39663475509104,11:01:03.475,36.7100,100
39726577576997,11:02:06.577,36.6900,100
39726585509102,11:02:06.585,36.6800,20
39802988660069,11:03:22.988,36.6500,100
39802988660069,11:03:22.988,36.6500,100
40112563163167,11:08:32.563,36.6400,100
40197486920218,11:09:57.486,36.6300,10
40197487562993,11:09:57.487,36.6200,20
40236299767825,11:10:36.299,36.5800,68
40341027771761,11:12:21.027,36.5500,1
40341027878040,11:12:21.027,36.5600,30
40500815829058,11:15:00.815,36.5100,100
40562848003953,11:16:02.848,36.5200,14
40562848010164,11:16:02.848,36.5200,86
40562848571324,11:16:02.848,36.5200,100
40562853248092,11:16:02.853,36.5300,100
40896749646475,11:21:36.749,36.6100,100
40896749646475,11:21:36.749,36.6100,100
41058702770198,11:24:18.702,36.6400,5
41058702770198,11:24:18.702,36.6500,95
41058702774078,11:24:18.702,36.6500,5
41154677808556,11:25:54.677,36.6100,2
41154677812229,11:25:54.677,36.6100,55
41196679285055,11:26:36.679,36.6050,100
41225651659167,11:27:05.651,36.6300,25
41394027722864,11:29:54.027,36.6300,17
41510345748889,11:31:50.345,36.6200,100
41510345932601,11:31:50.345,36.6200,20
41510345932601,11:31:50.345,36.6200,39
41510345932601,11:31:50.345,36.6200,60
41510345932601,11:31:50.345,36.6200,40
41533599006197,11:32:13.599,36.6200,100
41549739435160,11:32:29.739,36.6100,10
41549739435160,11:32:29.739,36.6100,60
41950229544863,11:39:10.229,36.5800,1
42039140033819,11:40:39.140,36.5800,20
42040934800687,11:40:40.934,36.5600,99
42111835769681,11:41:51.835,36.5900,43
42111835887177,11:41:51.835,36.5900,57
42111835887177,11:41:51.835,36.5900,100
42111866116919,11:41:51.866,36.6000,9
42133123023698,11:42:13.123,36.6300,200
42194802570340,11:43:14.802,36.6400,91
42194802596743,11:43:14.802,36.6400,9
42196068809978,11:43:16.068,36.6500,100
42196068837510,11:43:16.068,36.6500,200
42422508526530,11:47:02.508,36.7000,11
42439518727786,11:47:19.518,36.7000,89
42439518727786,11:47:19.518,36.7000,11
42441089267108,11:47:21.089,36.7000,89
42441089267108,11:47:21.089,36.7000,11
42467987118834,11:47:47.987,36.6900,100
42491233550801,11:48:11.233,36.6700,8
42491233833986,11:48:11.233,36.6600,20
42612897800055,11:50:12.897,36.6700,1
42685853942243,11:51:25.853,36.6200,100
42685853942243,11:51:25.853,36.6200,20
42833138307981,11:53:53.138,36.6400,5
42834038177200,11:53:54.038,36.6400,1
42879889780058,11:54:39.889,36.6100,1
43065765926369,11:57:45.765,36.5600,100
43209144803516,12:00:09.144,36.6000,19
43269023589035,12:01:09.023,36.5900,100
43269024040627,12:01:09.024,36.6000,1
43356662553033,12:02:36.662,36.6100,100
43356668050856,12:02:36.668,36.6200,200
43356735177940,12:02:36.735,36.6200,18
43356735177940,12:02:36.735,36.6200,25
43398428711830,12:03:18.428,36.6400,1
43515034367510,12:05:15.034,36.6400,1
43566785247038,12:06:06.785,36.6100,1
43613934042121,12:06:53.934,36.5900,20
43740223792016,12:09:00.223,36.6100,100
43756033616313,12:09:16.033,36.6200,100
43756034152999,12:09:16.034,36.6200,300
43756034930956,12:09:16.034,36.6500,100
43756034930956,12:09:16.034,36.6500,100
43760034904822,12:09:20.034,36.6900,1
43873787407187,12:11:13.787,36.7000,1
44213468027777,12:16:53.468,36.7000,5
44213468027777,12:16:53.468,36.7200,300
44213468027777,12:16:53.468,36.7200,95
44213468072478,12:16:53.468,36.7200,5
44213468897687,12:16:53.468,36.7200,20
44213518488185,12:16:53.518,36.7200,100
44498016495294,12:21:38.016,36.6700,100
44538984794766,12:22:18.984,36.6700,20
44538985390926,12:22:18.985,36.6600,49
44541057948647,12:22:21.057,36.6600,51
44558094373835,12:22:38.094,36.7000,300
44638785095813,12:23:58.785,36.6900,1
44638785095813,12:23:58.785,36.6900,100
44784841791908,12:26:24.841,36.6700,1
45037139108586,12:30:37.139,36.7000,1
45037139108586,12:30:37.139,36.7000,100
45138037213248,12:32:18.037,36.7100,1
45152497148945,12:32:32.497,36.6900,100
45152497148945,12:32:32.497,36.6900,34
45280167457977,12:34:40.167,36.6900,1
45314927780322,12:35:14.927,36.7000,100
45314929327194,12:35:14.929,36.7300,200
45314929354956,12:35:14.929,36.7300,100
45710264278576,12:41:50.264,36.6900,2
45710264404730,12:41:50.264,36.6800,4
45710265318367,12:41:50.265,36.6800,16
45714236745719,12:41:54.236,36.6700,100
45728479852914,12:42:08.479,36.6600,100
45741021914104,12:42:21.021,36.6600,100
46044821023289,12:47:24.821,36.7200,95
46044821049297,12:47:24.821,36.7200,305
46231692323694,12:50:31.692,36.7400,100
46231862187818,12:50:31.862,36.7600,56
46232926965745,12:50:32.926,36.7600,244
46308069754623,12:51:48.069,36.7800,1
46428296492767,12:53:48.296,36.7800,1
46542019742844,12:55:42.019,36.7700,1
46812664887308,13:00:12.664,36.7950,100
46812664887308,13:00:12.664,36.8000,5
46814156564639,13:00:14.156,36.8100,3
46814156606771,13:00:14.156,36.8100,397
46817480955968,13:00:17.480,36.8400,1
46817480955968,13:00:17.480,36.8400,33
46817481439786,13:00:17.481,36.8300,100
46880217871252,13:01:20.217,36.8100,10
46880217871252,13:01:20.217,36.8100,90
47040326888217,13:04:00.326,36.8300,100
47367019272725,13:09:27.019,36.8500,100
47497609064566,13:11:37.609,36.8700,100
47497609703377,13:11:37.609,36.8700,100
47497609928170,13:11:37.609,36.8700,2
47497610242350,13:11:37.610,36.8700,98
47510854685837,13:11:50.854,36.8500,100
47510855358752,13:11:50.855,36.8400,10
47712017229918,13:15:12.017,36.8600,1
47732019170204,13:15:32.019,36.8400,100
47732019170204,13:15:32.019,36.8400,100
47732020617714,13:15:32.020,36.8300,100
47732022465070,13:15:32.022,36.8200,100
47886053948852,13:18:06.053,36.8100,11
47909127387104,13:18:29.127,36.8200,100
47911403029066,13:18:31.403,36.8200,100
47958014554889,13:19:18.014,36.8300,56
47977411707098,13:19:37.411,36.8500,1
47977411707098,13:19:37.411,36.8200,100
47977411707098,13:19:37.411,36.8000,100
47981299111810,13:19:41.299,36.7600,1
48016292985370,13:20:16.292,36.7700,10
48085627055288,13:21:25.627,36.7700,1
48147149803316,13:22:27.149,36.7500,1
48595862382967,13:29:55.862,36.7000,100
48634176001810,13:30:34.176,36.7000,100
49232267343671,13:40:32.267,36.6600,34
49232267343671,13:40:32.267,36.6600,100
49232267343671,13:40:32.267,36.6600,20
49982233382901,13:53:02.233,36.7000,100
49982233665467,13:53:02.233,36.7100,100
49982234546761,13:53:02.234,36.7100,1
50010746254632,13:53:30.746,36.7100,73
50010747307130,13:53:30.747,36.7100,26
50052038519170,13:54:12.038,36.7100,1
50065538362855,13:54:25.538,36.6800,100
50097069929211,13:54:57.069,36.6700,6
50203713577372,13:56:43.713,36.7000,1
50253363206391,13:57:33.363,36.7000,1
50385541188471,13:59:45.541,36.7200,100
50385541431895,13:59:45.541,36.7100,33
50385541834410,13:59:45.541,36.7100,67
50402444021428,14:00:02.444,36.7100,100
50409269314737,14:00:09.269,36.7900,5
50409269314737,14:00:09.269,36.8100,5
50409269828588,14:00:09.269,36.8100,94
50409269856804,14:00:09.269,36.8100,6
50413072999374,14:00:13.072,36.7900,20
50414276071250,14:00:14.276,36.7900,45
50414276071250,14:00:14.276,36.7900,20
50451050480933,14:00:51.050,36.7900,65
50451163462676,14:00:51.163,36.7900,35
50451163462676,14:00:51.163,36.8100,10
50456444165404,14:00:56.444,36.7700,100
50456446763591,14:00:56.446,36.7600,7
50458489155925,14:00:58.489,36.7400,5
50458489490318,14:00:58.489,36.7200,3
50520044377881,14:02:00.044,36.7100,1
50580339029376,14:03:00.339,36.7800,55
50580841209849,14:03:00.841,36.7600,25
50582774508009,14:03:02.774,36.7600,25
50584398003954,14:03:04.398,36.7600,10
50608828242257,14:03:28.828,36.7700,25
50608828242257,14:03:28.828,36.7800,25
50616961259424,14:03:36.961,36.8100,43
50618359349232,14:03:38.359,36.8100,57
50618359349232,14:03:38.359,36.8100,42
50697008867263,14:04:57.008,36.8700,3
50700884498599,14:05:00.884,36.8600,12
50700884498599,14:05:00.884,36.8600,38
50754038240473,14:05:54.038,36.9200,1
50871036767068,14:07:51.036,36.9800,1
50890497548047,14:08:10.497,36.9300,100
50890497548047,14:08:10.497,36.9100,100
50895387616347,14:08:15.387,36.9100,2
50971510809289,14:09:31.510,36.9700,1
50971510809289,14:09:31.510,36.9700,5
50971581120221,14:09:31.581,36.9300,100
51088295418307,14:11:28.295,36.9800,100
51095514134801,14:11:35.514,36.9000,20
51095517252521,14:11:35.517,36.8900,5
51095522012682,14:11:35.522,36.8300,44
51095527659478,14:11:35.527,36.8200,266
51095528357722,14:11:35.528,36.8400,100
51095565078686,14:11:35.565,36.8800,200
51144077663674,14:12:24.077,36.9450,70
51185173790962,14:13:05.173,36.9950,70
51185173879073,14:13:05.173,36.9950,30
51226371357328,14:13:46.371,37.0600,1
51302280312325,14:15:02.280,37.0900,1
51302280312325,14:15:02.280,37.0900,100
51302280312325,14:15:02.280,37.0900,100
51331236540170,14:15:31.236,37.0900,4
51424330859153,14:17:04.330,37.0600,1
51424332551555,14:17:04.332,37.0500,95
51424332908914,14:17:04.332,37.0500,5
51429707518170,14:17:09.707,37.0100,6
51444641683996,14:17:24.641,37.0200,100
51543591384289,14:19:03.591,37.0400,100
51543592262071,14:19:03.592,37.0400,100
51690020272387,14:21:30.020,37.0800,100
51749727639539,14:22:29.727,37.1900,100
51818017320929,14:23:38.017,37.2800,1
51892453349235,14:24:52.453,37.2300,1
51906492515840,14:25:06.492,37.2100,20
52070229624238,14:27:50.229,37.1600,1
52176020098769,14:29:36.020,37.1800,1
52176028808610,14:29:36.028,37.1800,4
52278868204913,14:31:18.868,37.3100,1
52572380165783,14:36:12.380,37.3700,1
52729000665705,14:38:49.000,37.5300,100
52729001551018,14:38:49.001,37.5300,100
52793803616258,14:39:53.803,37.5500,30
52843249443551,14:40:43.249,37.5300,100
52843249888106,14:40:43.249,37.5300,100
52843249972549,14:40:43.249,37.5200,100
52843250953897,14:40:43.250,37.5200,100
52927263723858,14:42:07.263,37.5100,11
53004208360147,14:43:24.208,37.4600,100
53004208445160,14:43:24.208,37.4600,8
53004403363952,14:43:24.403,37.4300,100
53150847025103,14:45:50.847,37.4600,100
53189270343104,14:46:29.270,37.4800,100
53212275993725,14:46:52.275,37.5000,100
53212315816594,14:46:52.315,37.5000,100
53212375688494,14:46:52.375,37.5000,300
53212598674119,14:46:52.598,37.5000,100
53212598840330,14:46:52.598,37.5000,100
53212617279699,14:46:52.617,37.5000,100
53212874780332,14:46:52.874,37.5000,200
53244975662320,14:47:24.975,37.4400,100
53244976049439,14:47:24.976,37.4300,7
53511108667187,14:51:51.108,37.4800,100
53524267465328,14:52:04.267,37.5000,100
53524267643647,14:52:04.267,37.5000,100
53524268809224,14:52:04.268,37.5000,200
53524669397767,14:52:04.669,37.5000,100
53525003643220,14:52:05.003,37.5000,100
53525183819771,14:52:05.183,37.5000,100
53526674132585,14:52:06.674,37.5000,100
53526674665939,14:52:06.674,37.5000,100
53542001999101,14:52:22.001,37.5000,122
53542012404995,14:52:22.012,37.5200,100
53832876060963,14:57:12.876,37.5400,8
53832876084287,14:57:12.876,37.5300,25
53833257559183,14:57:13.257,37.5100,1
54165061287385,15:02:45.061,37.6300,2
54165061289433,15:02:45.061,37.6300,40
54165061773273,15:02:45.061,37.6300,58
54168329042415,15:02:48.329,37.6300,100
54168829032007,15:02:48.829,37.6300,100
54186059809251,15:03:06.059,37.6100,13
54186059881343,15:03:06.059,37.6100,53
54232723715775,15:03:52.723,37.5900,83
54248785500305,15:04:08.785,37.5800,8
54248785500305,15:04:08.785,37.5800,91
54248785530233,15:04:08.785,37.5800,9
54248785530233,15:04:08.785,37.5800,100
54248785580814,15:04:08.785,37.5800,100
54248902594259,15:04:08.902,37.6000,1
54321532286146,15:05:21.532,37.5500,1
54381066613674,15:06:21.066,37.5900,19
54381066637873,15:06:21.066,37.5900,24
54381070416749,15:06:21.070,37.5900,44
54381070593111,15:06:21.070,37.5900,13
54477386392550,15:07:57.386,37.6000,28
54502674212300,15:08:22.674,37.6100,100
54502674212300,15:08:22.674,37.6100,100
54502674212300,15:08:22.674,37.6100,100
54548325085195,15:09:08.325,37.5800,100
54548325990139,15:09:08.325,37.5700,8
54548325990139,15:09:08.325,37.5700,92
54548326055993,15:09:08.326,37.5700,8
54548381870344,15:09:08.381,37.5700,100
54700584318051,15:11:40.584,37.4700,11
54700584318051,15:11:40.584,37.4700,80
54732049027128,15:12:12.049,37.4700,1
54811588339236,15:13:31.588,37.5100,100
54849233172735,15:14:09.233,37.5100,1
54909153355522,15:15:09.153,37.5300,100
54922488053484,15:15:22.488,37.5400,100
54922488180834,15:15:22.488,37.5300,10
54932014904956,15:15:32.014,37.5200,1
54932014963390,15:15:32.014,37.5200,1
54932015015329,15:15:32.015,37.5200,1
54932035250232,15:15:32.035,37.5100,100
54932035250232,15:15:32.035,37.5100,100
54932035276851,15:15:32.035,37.5100,37
54932077131698,15:15:32.077,37.4900,100
54932115237995,15:15:32.115,37.4700,8
54932115237995,15:15:32.115,37.4700,92
54932139716542,15:15:32.139,37.4700,8
54933343076444,15:15:33.343,37.4400,10
54933343076444,15:15:33.343,37.4400,90
54933343265321,15:15:33.343,37.4400,10
54948680901934,15:15:48.680,37.5000,55
54992183035071,15:16:32.183,37.4700,51
54992183039029,15:16:32.183,37.4700,51
54992183067404,15:16:32.183,37.4700,49
55058985207971,15:17:38.985,37.4600,1
55173003087631,15:19:33.003,37.4700,100
55173003087631,15:19:33.003,37.4700,100
55175524932547,15:19:35.524,37.4900,3
55175525092388,15:19:35.525,37.4900,74
55175525109460,15:19:35.525,37.4900,23
55200074440474,15:20:00.074,37.5100,20
55237511772874,15:20:37.511,37.5300,10
55237511772874,15:20:37.511,37.5300,10
55237511772874,15:20:37.511,37.5400,10
55238619249624,15:20:38.619,37.5500,17
55260273451106,15:21:00.273,37.5600,67
55276881806643,15:21:16.881,37.5600,1
55276881806643,15:21:16.881,37.5600,83
55276881808201,15:21:16.881,37.5600,17
55276881808201,15:21:16.881,37.5600,24
55276881818360,15:21:16.881,37.5600,51
55276881870431,15:21:16.881,37.5600,25
55276881896699,15:21:16.881,37.5600,25
55276885500852,15:21:16.885,37.5600,10
55276885605658,15:21:16.885,37.5600,65
55277385517490,15:21:17.385,37.5300,10
55328824403237,15:22:08.824,37.5100,80
55328900179617,15:22:08.900,37.5100,20
55328900179617,15:22:08.900,37.5100,100
55328900179617,15:22:08.900,37.5100,80
55328900412663,15:22:08.900,37.5100,20
55328901580364,15:22:08.901,37.5000,100
55328967454662,15:22:08.967,37.5000,200
55584053686482,15:26:24.053,37.5500,100
55647242033342,15:27:27.242,37.5300,1
55647242033342,15:27:27.242,37.5300,100
55647242033342,15:27:27.242,37.5300,100
55647244084706,15:27:27.244,37.5300,100
55647257064460,15:27:27.257,37.5400,200
55674189703783,15:27:54.189,37.5800,20
55680539785999,15:28:00.539,37.5900,1
55680539785999,15:28:00.539,37.5900,9
55728088934184,15:28:48.088,37.6000,20
55728088934184,15:28:48.088,37.6000,22
55728088937662,15:28:48.088,37.6000,83
55728088946675,15:28:48.088,37.6000,95
55755649668926,15:29:15.649,37.5800,1
55755680121883,15:29:15.680,37.5700,100
55823747223425,15:30:23.747,37.5400,100
55823747223425,15:30:23.747,37.5400,100
55832829179334,15:30:32.829,37.5600,16
55872413434757,15:31:12.413,37.5800,100
55872416851379,15:31:12.416,37.5800,100
55872417167014,15:31:12.417,37.5800,40
55872417876700,15:31:12.417,37.5800,60
55907057343562,15:31:47.057,37.5700,38
55907057920629,15:31:47.057,37.5700,10
55962711721380,15:32:42.711,37.5900,100
56032892676809,15:33:52.892,37.5700,100
56032892676809,15:33:52.892,37.5700,100
56032892900737,15:33:52.892,37.5700,100
56032899103929,15:33:52.899,37.5700,100
56085187869004,15:34:45.187,37.5500,1
56085188444639,15:34:45.188,37.5500,1
56138952171511,15:35:38.952,37.5600,100
56160851007805,15:36:00.851,37.5650,100
56169006008918,15:36:09.006,37.5650,100
56198665387745,15:36:38.665,37.5600,1
56225701011472,15:37:05.701,37.5700,100
56278156764718,15:37:58.156,37.5600,100
56278157087296,15:37:58.157,37.5500,4
56278157138461,15:37:58.157,37.5500,1
56287329170552,15:38:07.329,37.5500,10
56287329170552,15:38:07.329,37.5500,10
56287329170552,15:38:07.329,37.5500,100
56287329170552,15:38:07.329,37.5500,100
56292475020991,15:38:12.475,37.5600,100
56313994515805,15:38:33.994,37.5800,100
56313994736733,15:38:33.994,37.6000,100
56323481588546,15:38:43.481,37.6100,15
56387931990247,15:39:47.931,37.6000,1
56387950822086,15:39:47.950,37.5900,5
56387950848245,15:39:47.950,37.5900,95
56387953211042,15:39:47.953,37.5900,200
56388036648317,15:39:48.036,37.5800,7
56388067700255,15:39:48.067,37.5800,84
56422532989449,15:40:22.532,37.5900,100
56428826491465,15:40:28.826,37.5600,11
56465725773972,15:41:05.725,37.5400,1
56465726618205,15:41:05.726,37.5300,100
56465726893578,15:41:05.726,37.5300,100
56499019592368,15:41:39.019,37.5100,100
56552822588166,15:42:32.822,37.5000,1
56552822588166,15:42:32.822,37.5000,100
56554579283670,15:42:34.579,37.4800,73
56554579309789,15:42:34.579,37.4800,27
56554579967079,15:42:34.579,37.4800,100
56554580375745,15:42:34.580,37.4800,100
56554582904396,15:42:34.582,37.4700,100
56593049649460,15:43:13.049,37.5200,15
56664003512085,15:44:24.003,37.5300,100
56673234638910,15:44:33.234,37.5100,1
56700429310120,15:45:00.429,37.4900,100
56702213709722,15:45:02.213,37.5000,144
56702213760093,15:45:02.213,37.5000,56
56702441101724,15:45:02.441,37.5200,100
56702441412597,15:45:02.441,37.5200,100
56702612098532,15:45:02.612,37.5100,95
56734786275748,15:45:34.786,37.5400,100
56734786275748,15:45:34.786,37.5400,75
56734786275748,15:45:34.786,37.5400,100
56734790835386,15:45:34.790,37.5500,100
56734790835386,15:45:34.790,37.5500,100
56757918533694,15:45:57.918,37.5500,22
56840102202940,15:47:20.102,37.5600,100
56840102257343,15:47:20.102,37.5600,61
56840102257343,15:47:20.102,37.5600,45
56873881808073,15:47:53.881,37.5400,100
56873881808073,15:47:53.881,37.5400,100
56902694900358,15:48:22.694,37.5300,100
56903510830783,15:48:23.510,37.5200,100
56903512372963,15:48:23.512,37.5100,6
56903512372963,15:48:23.512,37.5100,1
56903512372963,15:48:23.512,37.5100,10
56903663460881,15:48:23.663,37.5100,10
56998304970492,15:49:58.304,37.5300,2
57007922147819,15:50:07.922,37.5400,57
57041363355020,15:50:41.363,37.5500,100
57077456257757,15:51:17.456,37.5500,100
57120178930982,15:52:00.178,37.5300,100
57120178930982,15:52:00.178,37.5300,100
57120178930982,15:52:00.178,37.5300,100
57120179275620,15:52:00.179,37.5300,100
57120179275620,15:52:00.179,37.5300,100
57120179275620,15:52:00.179,37.5300,100
57120190281030,15:52:00.190,37.5600,4
57120190281030,15:52:00.190,37.5600,25
57120190281030,15:52:00.190,37.5600,71
57130423818227,15:52:10.423,37.5500,30
57130423818227,15:52:10.423,37.5600,29
57130423818227,15:52:10.423,37.5600,100
57130423818227,15:52:10.423,37.5600,41
57150424189912,15:52:30.424,37.5500,25
57150424189912,15:52:30.424,37.5500,75
57150530397907,15:52:30.530,37.5300,100
57159372881644,15:52:39.372,37.5200,5
57159372881644,15:52:39.372,37.5200,95
57159372954750,15:52:39.372,37.5200,5
57160424654325,15:52:40.424,37.5500,100
57183006990636,15:53:03.006,37.5500,100
57205230470170,15:53:25.230,37.5200,5
57211724231814,15:53:31.724,37.5100,11
57213439784177,15:53:33.439,37.5100,22
57240526473151,15:54:00.526,37.4900,5
57240526525324,15:54:00.526,37.4900,5
57247501920105,15:54:07.501,37.5100,75
57247501920105,15:54:07.501,37.5100,25
57247501920105,15:54:07.501,37.5100,100
57250207777864,15:54:10.207,37.5000,100
57250583465450,15:54:10.583,37.5200,17
57250583465450,15:54:10.583,37.5200,83
57267642156958,15:54:27.642,37.4900,100
57270097605335,15:54:30.097,37.4900,100
57283489486933,15:54:43.489,37.4800,5
57297110959446,15:54:57.110,37.4800,100
57297453067267,15:54:57.453,37.4900,1
57297459011070,15:54:57.459,37.4900,199
57310125358985,15:55:10.125,37.5000,5
57310129468018,15:55:10.129,37.5000,3
57310129468018,15:55:10.129,37.5000,197
57310129917382,15:55:10.129,37.5000,3
57310129917382,15:55:10.129,37.5000,9
57316842843064,15:55:16.842,37.5100,1
57354206620920,15:55:54.206,37.5300,16
57354206620920,15:55:54.206,37.5300,10
57356925971891,15:55:56.925,37.5300,100
57356926045447,15:55:56.926,37.5300,8
57356926045447,15:55:56.926,37.5300,100
57425168193872,15:57:05.168,37.5200,100
57425168193872,15:57:05.168,37.5200,100
57429523296326,15:57:09.523,37.5200,100
57430188927454,15:57:10.188,37.5100,77
57430188956453,15:57:10.188,37.5100,23
57444464878269,15:57:24.464,37.5100,100
57450535580841,15:57:30.535,37.5200,5
57477268375305,15:57:57.268,37.5000,1
57481396131147,15:58:01.396,37.5000,140
57481396131147,15:58:01.396,37.5000,1
57481396131147,15:58:01.396,37.5000,15
57481396131147,15:58:01.396,37.5000,15
57529246911641,15:58:49.246,37.5000,1
57529246911641,15:58:49.246,37.5000,99
57529246978939,15:58:49.246,37.5000,1
57532309871711,15:58:52.309,37.4900,1
57532663133769,15:58:52.663,37.4900,17
57538048238097,15:58:58.048,37.5000,15
57538048238097,15:58:58.048,37.5000,15
57547548868221,15:59:07.548,37.5300,11
57555126800649,15:59:15.126,37.5600,59
57556180283631,15:59:16.180,37.5700,4
57556900402006,15:59:16.900,37.5600,2
57556900442315,15:59:16.900,37.5600,1
57560157337660,15:59:20.157,37.5600,3
57573013126625,15:59:33.013,37.5900,12
57584010358796,15:59:44.010,37.5700,4
57584255963695,15:59:44.255,37.5900,1
57590939064652,15:59:50.939,37.5900,29
57593433821269,15:59:53.433,37.5900,15
57600206257938,16:00:00.206,0.0000,0
