timestamp,time,price,volume
29824063638088,08:17:04.063,108.9000,20
34199974606654,09:29:59.974,108.9600,200
34199974606654,09:29:59.974,108.9400,222
34200634393180,09:30:00.634,108.9400,55
34200634393180,09:30:00.634,108.9400,73756
34200634644763,09:30:00.634,109.0000,15
34200634644763,09:30:00.634,109.0000,28
34200634644763,09:30:00.634,109.0000,457
34200634736908,09:30:00.634,109.0000,1000
34200634768252,09:30:00.634,109.0000,2823
34200634808169,09:30:00.634,109.0000,200
34200766269872,09:30:00.766,108.9400,21
34201221086458,09:30:01.221,108.9000,1
34201221086458,09:30:01.221,108.9000,1
34201234587706,09:30:01.234,108.9000,100
34201445144106,09:30:01.445,109.0000,8
34201445214600,09:30:01.445,108.9000,100
34201445214600,09:30:01.445,108.9000,96
34201445461711,09:30:01.445,108.9000,20
34202342423855,09:30:02.342,108.9000,100
34202342423855,09:30:02.342,108.9000,200
34202342863032,09:30:02.342,108.9000,100
34203256077323,09:30:03.256,108.9000,100
34205385030944,09:30:05.385,108.9350,100
34207525384933,09:30:07.525,108.9350,100
34207525384933,09:30:07.525,108.9000,100
34207525447364,09:30:07.525,108.9000,100
34207525447364,09:30:07.525,108.9000,300
34207525516451,09:30:07.525,108.9000,100
34207525537139,09:30:07.525,108.9000,100
34207525565556,09:30:07.525,108.9000,200
34207525565556,09:30:07.525,108.9000,100
34207525663477,09:30:07.525,108.9000,100
34207525701297,09:30:07.525,108.9000,100
34207526182865,09:30:07.526,108.9000,100
34207526183373,09:30:07.526,108.9000,100
34207526275296,09:30:07.526,108.9000,100
34207526305803,09:30:07.526,108.9000,100
34207526517732,09:30:07.526,108.9100,300
34207528516721,09:30:07.528,108.9100,128
34208151576447,09:30:08.151,108.9100,21
34208369221872,09:30:08.369,108.9100,10
34208369251656,09:30:08.369,108.9100,193
34208369251656,09:30:08.369,108.9100,100
34208369251656,09:30:08.369,108.9100,400
34208369348601,09:30:08.369,108.9000,100
34208719267097,09:30:08.719,108.9000,100
34208719267097,09:30:08.719,108.9000,200
34208719359850,09:30:08.719,108.9000,84
34208931110746,09:30:08.931,108.8500,100
34233641047986,09:30:33.641,108.8700,3
34233641047986,09:30:33.641,108.8700,5
34233641131296,09:30:33.641,108.8500,100
34233642036432,09:30:33.642,108.8700,100
34233642036432,09:30:33.642,108.8700,100
34233642036432,09:30:33.642,108.8700,41
34233644575785,09:30:33.644,108.8600,100
34233644575785,09:30:33.644,108.8600,100
34233644609461,09:30:33.644,108.8600,40
34233645273144,09:30:33.645,108.8600,100
34233645273144,09:30:33.645,108.8600,19
34233645273144,09:30:33.645,108.8600,81
34233645330235,09:30:33.645,108.8600,19
34233776339016,09:30:33.776,108.8100,100
34234580610451,09:30:34.580,108.8000,2
34234580610451,09:30:34.580,108.8000,98
34234668535145,09:30:34.668,108.8000,2
34234668558489,09:30:34.668,108.7800,100
34234669023710,09:30:34.669,108.7800,100
34234669236983,09:30:34.669,108.7800,100
34234926553390,09:30:34.926,108.7800,100
34234926757181,09:30:34.926,108.7800,100
34234927094627,09:30:34.927,108.8000,100
34234927348116,09:30:34.927,108.8000,47
34234927359504,09:30:34.927,108.8000,53
34235212554189,09:30:35.212,108.8000,39
34236040113294,09:30:36.040,108.8000,61
34236040113294,09:30:36.040,108.7900,39
34236040539483,09:30:36.040,108.7800,100
34236041214899,09:30:36.041,108.7800,100
34236041270916,09:30:36.041,108.7800,100
34236041309265,09:30:36.041,108.7800,100
34236041351948,09:30:36.041,108.7800,100
34236041358256,09:30:36.041,108.7800,20
34237621874286,09:30:37.621,108.7900,100
34237621874286,09:30:37.621,108.7900,100
34237684096279,09:30:37.684,108.7900,100
34237684096279,09:30:37.684,108.7800,100
34246307312686,09:30:46.307,108.7500,20
34246307312686,09:30:46.307,108.7400,100
34246307312686,09:30:46.307,108.7300,80
34246307762902,09:30:46.307,108.7300,120
34246308512570,09:30:46.308,108.7100,100
34246308512570,09:30:46.308,108.7200,200
34246756818880,09:30:46.756,108.7200,93
34246756818880,09:30:46.756,108.7200,7
34246756873215,09:30:46.756,108.7200,66
34246756873215,09:30:46.756,108.7200,34
34246756885569,09:30:46.756,108.7200,100
34246756914345,09:30:46.756,108.7200,22
34246756914345,09:30:46.756,108.7200,25
34248385088378,09:30:48.385,108.7000,13
34258252428978,09:30:58.252,108.7600,100
34258254654963,09:30:58.254,108.7600,15
34258255252235,09:30:58.255,108.7700,400
34258257926993,09:30:58.257,108.8000,100
34258261358750,09:30:58.261,108.8100,100
34258262964956,09:30:58.262,108.8200,100
34258262964956,09:30:58.262,108.8200,10
34258263664367,09:30:58.263,108.8100,14
34258267253969,09:30:58.267,108.8500,100
34258267517968,09:30:58.267,108.8500,100
34258267543467,09:30:58.267,108.8500,42
34258267642102,09:30:58.267,108.8500,58
34258267642102,09:30:58.267,108.8500,100
34258273151096,09:30:58.273,108.8500,100
34258525772266,09:30:58.525,108.8600,100
34268870176702,09:31:08.870,108.9700,100
34268871988289,09:31:08.871,109.0000,100
34268872045672,09:31:08.872,109.0000,100
34268873378324,09:31:08.873,109.0000,56
34268877452060,09:31:08.877,109.0000,100
34270359371520,09:31:10.359,108.9900,100
34273833601756,09:31:13.833,109.0000,3523
34273833601756,09:31:13.833,109.0000,25
34273834599017,09:31:13.834,109.0300,100
34273834619205,09:31:13.834,109.0600,100
34273834626138,09:31:13.834,109.0600,15
34273835259119,09:31:13.835,109.0800,18
34273835259119,09:31:13.835,109.0800,45
34274791647992,09:31:14.791,109.0600,9
34274791673743,09:31:14.791,109.0600,91
34274791673743,09:31:14.791,109.0600,76
34274791673743,09:31:14.791,109.0600,100
34274791701973,09:31:14.791,109.0600,44
34274791701973,09:31:14.791,109.0600,54
34277175434538,09:31:17.175,109.0400,400
34277175434538,09:31:17.175,109.0400,100
34277175465196,09:31:17.175,109.0400,100
34277175465196,09:31:17.175,109.0400,200
34277296345165,09:31:17.296,109.0300,200
34291239494411,09:31:31.239,109.0700,100
34291239494411,09:31:31.239,109.0700,100
34291586629373,09:31:31.586,109.0700,26
34291586665923,09:31:31.586,109.0700,7
34291586695803,09:31:31.586,109.0700,367
34300224096382,09:31:40.224,109.1200,100
34300224700390,09:31:40.224,109.1300,100
34302669677444,09:31:42.669,109.1900,200
34302670251931,09:31:42.670,109.2000,100
34302670929540,09:31:42.670,109.2200,38
34302678414616,09:31:42.678,109.2300,200
34302678414616,09:31:42.678,109.2300,200
34302681575751,09:31:42.681,109.2400,400
34302681575751,09:31:42.681,109.2400,100
34302684274703,09:31:42.684,109.2500,100
34302684274703,09:31:42.684,109.2500,200
34302684727202,09:31:42.684,109.2300,10
34302744130214,09:31:42.744,109.2600,17
34303012454728,09:31:43.012,109.2600,18
34305926413170,09:31:45.926,109.2700,80
34305926413170,09:31:45.926,109.2600,200
34305926413170,09:31:45.926,109.2600,20
34305926416187,09:31:45.926,109.2600,80
34305929662896,09:31:45.929,109.2300,400
34305929765177,09:31:45.929,109.2300,400
34305929926439,09:31:45.929,109.2300,100
34305960524295,09:31:45.960,109.2200,200
34305960524295,09:31:45.960,109.2200,100
34305960524295,09:31:45.960,109.2200,100
34306439010854,09:31:46.439,109.2800,66
34306982707960,09:31:46.982,109.2400,100
34306982707960,09:31:46.982,109.2500,100
34320264125324,09:32:00.264,109.2900,2
34321288384858,09:32:01.288,109.3000,6
34321288384858,09:32:01.288,109.3000,12
34321290259817,09:32:01.290,109.3000,54
34321447730821,09:32:01.447,109.3000,34
34332031869491,09:32:12.031,109.3000,100
34332031900389,09:32:12.031,109.3000,100
34332031950562,09:32:12.031,109.3000,100
34332032043146,09:32:12.032,109.3000,100
34332032226058,09:32:12.032,109.3000,100
34332032326554,09:32:12.032,109.3000,100
34332032416676,09:32:12.032,109.3000,100
34332032484378,09:32:12.032,109.3000,100
34332032820095,09:32:12.032,109.3000,100
34332032953965,09:32:12.032,109.3000,100
34332033115892,09:32:12.033,109.3000,100
34332033125066,09:32:12.033,109.3000,100
34332033440869,09:32:12.033,109.3000,100
34332556053886,09:32:12.556,109.3000,100
34332556098792,09:32:12.556,109.3000,26
34332556100035,09:32:12.556,109.3000,26
34332556161836,09:32:12.556,109.3000,48
34332556220823,09:32:12.556,109.3000,26
34333417714136,09:32:13.417,109.3100,200
34333419266152,09:32:13.419,109.3500,200
34333419353624,09:32:13.419,109.3500,200
34337137121332,09:32:17.137,109.3500,200
34337137188977,09:32:17.137,109.3500,100
34337137188977,09:32:17.137,109.3500,100
34337137234629,09:32:17.137,109.3500,200
34337137665825,09:32:17.137,109.3400,100
34350378859861,09:32:30.378,109.3500,36
34351554314539,09:32:31.554,109.3400,36
34351554502708,09:32:31.554,109.3500,164
34351554502708,09:32:31.554,109.3500,36
34351554526939,09:32:31.554,109.3600,200
34351555533858,09:32:31.555,109.3500,36
34351555569870,09:32:31.555,109.3800,100
34353361154355,09:32:33.361,109.4100,200
34353361154355,09:32:33.361,109.4200,100
34353363072914,09:32:33.363,109.4200,100
34373777004590,09:32:53.777,109.4500,400
34373777572423,09:32:53.777,109.4600,100
34373777590712,09:32:53.777,109.4600,100
34373777660292,09:32:53.777,109.4400,100
34373777792220,09:32:53.777,109.4600,100
34373777792220,09:32:53.777,109.4600,100
34373777792220,09:32:53.777,109.4600,100
34373778302069,09:32:53.778,109.4400,100
34373778302069,09:32:53.778,109.4400,10
34373783671479,09:32:53.783,109.4600,10
34373783671479,09:32:53.783,109.4700,200
34373783905473,09:32:53.783,109.4500,10
34373785523801,09:32:53.785,109.4600,36
34373785899440,09:32:53.785,109.4600,90
34373786509421,09:32:53.786,109.4400,13
34373786551416,09:32:53.786,109.4400,29
34373786552112,09:32:53.786,109.4400,58
34374167498536,09:32:54.167,109.4400,100
34374168093666,09:32:54.168,109.4200,17
34374168098824,09:32:54.168,109.4200,147
34379820287474,09:32:59.820,109.3800,100
34379820312090,09:32:59.820,109.3800,100
34379820874999,09:32:59.820,109.3700,100
34380079793460,09:33:00.079,109.3700,29
34380079848317,09:33:00.079,109.3700,71
34380079848317,09:33:00.079,109.3700,29
34380079862858,09:33:00.079,109.3700,271
34380080605298,09:33:00.080,109.3800,100
34380080669731,09:33:00.080,109.3800,100
34380080681935,09:33:00.080,109.3800,100
34380080696597,09:33:00.080,109.3700,400
34386445362791,09:33:06.445,109.3600,2
34386445362791,09:33:06.445,109.3600,98
34386445391948,09:33:06.445,109.3600,2
34388935215961,09:33:08.935,109.3500,1
34388935537513,09:33:08.935,109.3400,100
34393192501076,09:33:13.192,109.2800,100
34393193977017,09:33:13.193,109.2700,3
34393193977017,09:33:13.193,109.2600,197
34395867163824,09:33:15.867,109.3000,91
34395868004496,09:33:15.868,109.3200,100
34395868004496,09:33:15.868,109.3300,100
34395868022901,09:33:15.868,109.3300,100
34395868679675,09:33:15.868,109.3400,70
34395868685458,09:33:15.868,109.3400,100
34395868739443,09:33:15.868,109.3400,30
34395868739443,09:33:15.868,109.3400,18
34395868739443,09:33:15.868,109.3400,45
34395869095612,09:33:15.869,109.3200,10
34395869095612,09:33:15.869,109.3200,100
34395869387772,09:33:15.869,109.3400,100
34395869387772,09:33:15.869,109.3400,100
34395869387772,09:33:15.869,109.3400,10
34395869716126,09:33:15.869,109.3300,100
34395869878435,09:33:15.869,109.3400,100
34395874422194,09:33:15.874,109.3400,30
34395874422194,09:33:15.874,109.3400,100
34395874450456,09:33:15.874,109.3400,100
34396660404281,09:33:16.660,109.3100,27
34396660853567,09:33:16.660,109.3100,73
34396660853567,09:33:16.660,109.3100,100
34396660876551,09:33:16.660,109.3000,198
34396660889174,09:33:16.660,109.3000,2
34414922475983,09:33:34.922,109.2900,60
34414922725228,09:33:34.922,109.2900,40
34416217056350,09:33:36.217,109.3000,60
34416217287326,09:33:36.217,109.3100,154
34416217304479,09:33:36.217,109.3100,46
34419310383269,09:33:39.310,109.3400,100
34419310383269,09:33:39.310,109.3400,100
34419310475338,09:33:39.310,109.3400,100
34419310489666,09:33:39.310,109.3100,10
34419310681325,09:33:39.310,109.3400,100
34419310711420,09:33:39.310,109.3300,100
34419310711420,09:33:39.310,109.3200,100
34419310716989,09:33:39.310,109.3400,100
34419310736553,09:33:39.310,109.3300,10
34419310736553,09:33:39.310,109.3200,90
34419310744035,09:33:39.310,109.3200,10
34419310744035,09:33:39.310,109.3200,10
34419310744035,09:33:39.310,109.3200,100
34419310840349,09:33:39.310,109.3300,100
34419310925092,09:33:39.310,109.3300,100
34419310925092,09:33:39.310,109.3300,10
34419310998605,09:33:39.310,109.3300,100
34421466474468,09:33:41.466,109.3000,100
34421472570798,09:33:41.472,109.3000,100
34421472570798,09:33:41.472,109.2900,100
34421472573255,09:33:41.472,109.2900,100
34421486824895,09:33:41.486,109.2800,200
34424836362783,09:33:44.836,109.2900,30
34424836362783,09:33:44.836,109.2900,70
34424838093349,09:33:44.838,109.3000,100
34424838151578,09:33:44.838,109.3000,100
34424838224477,09:33:44.838,109.3100,190
34427125409364,09:33:47.125,109.3250,100
34427125409364,09:33:47.125,109.3400,41
34429872464228,09:33:49.872,109.3200,6
34429872464228,09:33:49.872,109.3100,94
34431398985551,09:33:51.398,109.3100,100
34434477202418,09:33:54.477,109.3300,100
34436376967209,09:33:56.376,109.3400,59
34436376967209,09:33:56.376,109.3400,4
34438142762124,09:33:58.142,109.3600,400
34438143124193,09:33:58.143,109.3500,100
34443975461454,09:34:03.975,109.3900,93
34443975953973,09:34:03.975,109.3900,407
34446720518904,09:34:06.720,109.4200,100
34447326408577,09:34:07.326,109.3900,23
34447326408577,09:34:07.326,109.3900,6
34447326417859,09:34:07.326,109.3900,100
34449655243069,09:34:09.655,109.3800,100
34451261207766,09:34:11.261,109.4300,100
34451261268524,09:34:11.261,109.4300,100
34453070918950,09:34:13.070,109.4100,100
34453070918950,09:34:13.070,109.4000,200
34453072104688,09:34:13.072,109.4000,100
34453072179374,09:34:13.072,109.4000,100
34453072340951,09:34:13.072,109.4000,100
34453072435194,09:34:13.072,109.4000,100
34453072769751,09:34:13.072,109.4000,100
34453072863681,09:34:13.072,109.4000,100
34453073131844,09:34:13.073,109.4000,100
34453095914235,09:34:13.095,109.4100,67
34455986290381,09:34:15.986,109.4000,100
34455986290381,09:34:15.986,109.4000,100
34465118775662,09:34:25.118,109.3800,100
34466224736618,09:34:26.224,109.3800,200
34466228732509,09:34:26.228,109.4000,100
34466229189202,09:34:26.229,109.4000,100
34466230659841,09:34:26.230,109.4000,100
34466265908767,09:34:26.265,109.4000,100
34466274978444,09:34:26.274,109.4000,65
34466274978444,09:34:26.274,109.3900,35
34466275007488,09:34:26.275,109.3900,65
34484154031844,09:34:44.154,109.3800,28
34484169615349,09:34:44.169,109.4100,3
34485187275027,09:34:45.187,109.4000,14
34485187386016,09:34:45.187,109.4000,86
34485187386016,09:34:45.187,109.4000,14
34486880042276,09:34:46.880,109.4000,86
34486880042276,09:34:46.880,109.4000,14
34488202717709,09:34:48.202,109.4300,100
34489269615115,09:34:49.269,109.4300,14
34489281588422,09:34:49.281,109.4300,1
34489847069848,09:34:49.847,109.4100,53
34489847072869,09:34:49.847,109.4100,47
34489847072869,09:34:49.847,109.4100,53
34489847105245,09:34:49.847,109.4100,100
34489847134448,09:34:49.847,109.4100,47
34489847173968,09:34:49.847,109.4100,53
34489847257476,09:34:49.847,109.4100,100
34489847308088,09:34:49.847,109.4100,100
34491266420857,09:34:51.266,109.4300,158
34492684379745,09:34:52.684,109.4300,327
34492684379745,09:34:52.684,109.4300,2
34492702017914,09:34:52.702,109.4400,200
34492702101049,09:34:52.702,109.4400,100
34492702410952,09:34:52.702,109.4500,200
34492702410952,09:34:52.702,109.4500,100
34495630894359,09:34:55.630,109.4600,4
34496001965627,09:34:56.001,109.4600,3
34496001965627,09:34:56.001,109.4500,97
34496002064918,09:34:56.002,109.4500,3
34496002064918,09:34:56.002,109.4500,100
34496002197632,09:34:56.002,109.4500,100
34496002239833,09:34:56.002,109.4500,5
34496002256973,09:34:56.002,109.4500,95
34496002256973,09:34:56.002,109.4500,5
34496002304882,09:34:56.002,109.4500,2
34496002372842,09:34:56.002,109.4500,93
34496002372842,09:34:56.002,109.4500,7
34496002591514,09:34:56.002,109.4500,93
34496002591514,09:34:56.002,109.4500,7
34496002604721,09:34:56.002,109.4500,93
34496002604721,09:34:56.002,109.4500,10
34496003278523,09:34:56.003,109.4500,90
34496433423717,09:34:56.433,109.4400,100
34496433693227,09:34:56.433,109.4400,100
34505614571850,09:35:05.614,109.4600,12
34508008450621,09:35:08.008,109.4700,52
34513639541053,09:35:13.639,109.4800,2
34513639609403,09:35:13.639,109.4800,11
34513647004407,09:35:13.647,109.4900,1
34514644576238,09:35:14.644,109.5000,77
34514644576238,09:35:14.644,109.5000,87
34514644576238,09:35:14.644,109.5000,10
34514644576238,09:35:14.644,109.5000,96
34514644576238,09:35:14.644,109.5000,30
34514644956159,09:35:14.644,109.5100,97
34514644956159,09:35:14.644,109.5100,3
34519072687532,09:35:19.072,109.5100,100
34519072714660,09:35:19.072,109.5100,1
34519072714660,09:35:19.072,109.5100,1
34519072770126,09:35:19.072,109.5100,63
34519073210803,09:35:19.073,109.5000,100
34519073210803,09:35:19.073,109.5000,100
34519073452271,09:35:19.073,109.5000,5
34519073462145,09:35:19.073,109.5000,95
34519073462145,09:35:19.073,109.5000,49
34519073546210,09:35:19.073,109.5100,100
34519073759592,09:35:19.073,109.5000,100
34519073824032,09:35:19.073,109.5000,100
34519074217300,09:35:19.074,109.5000,46
34519075064378,09:35:19.075,109.5000,100
34519075627674,09:35:19.075,109.5000,100
34519075627674,09:35:19.075,109.5000,100
34519075627674,09:35:19.075,109.5000,512
34519498787786,09:35:19.498,109.4900,100
34521899110130,09:35:21.899,109.4900,100
34521899110130,09:35:21.899,109.4900,1
34521899190469,09:35:21.899,109.5000,100
34529798009194,09:35:29.798,109.5100,43
34532193773363,09:35:32.193,109.5100,100
34532194276031,09:35:32.194,109.5100,100
34532194276031,09:35:32.194,109.5300,91
34532194276031,09:35:32.194,109.5300,46
34532194286270,09:35:32.194,109.5300,147
34532194347839,09:35:32.194,109.5300,7
34532194797273,09:35:32.194,109.5300,100
34532322951840,09:35:32.322,109.5300,100
34532322951840,09:35:32.322,109.5200,100
34532322951840,09:35:32.322,109.5200,46
34532632661248,09:35:32.632,109.5300,100
34532633111654,09:35:32.633,109.5500,13
34533291940946,09:35:33.291,109.5400,100
34533291940946,09:35:33.291,109.5400,100
34534323650934,09:35:34.323,109.5600,43
34534324075001,09:35:34.324,109.5600,57
34534468591767,09:35:34.468,109.5700,2
34534468717806,09:35:34.468,109.5700,16
34534468760682,09:35:34.468,109.5700,6
34534468841006,09:35:34.468,109.5500,100
34535160914975,09:35:35.160,109.5600,44
34535162620406,09:35:35.162,109.5600,44
34535181616435,09:35:35.181,109.5600,12
34535470111916,09:35:35.470,109.5600,200
34535672149566,09:35:35.672,109.5400,2
34540800122757,09:35:40.800,109.5800,1
34545829008567,09:35:45.829,109.5800,99
34545829008567,09:35:45.829,109.5800,13
34545838836774,09:35:45.838,109.6000,1
34550856980298,09:35:50.856,109.5600,100
34550856980298,09:35:50.856,109.5600,100
34550856980298,09:35:50.856,109.5600,1
34554276512590,09:35:54.276,109.5700,100
34554276512590,09:35:54.276,109.5700,100
34554276512590,09:35:54.276,109.5700,1
34557079724206,09:35:57.079,109.5600,100
34557081321678,09:35:57.081,109.5600,93
34557081690993,09:35:57.081,109.5600,100
34559502891150,09:35:59.502,109.5400,100
34559502891150,09:35:59.502,109.5400,1
34559506580515,09:35:59.506,109.5300,100
34564328421507,09:36:04.328,109.5300,100
34564328421507,09:36:04.328,109.5300,1
34564329478378,09:36:04.329,109.5200,100
34564331225385,09:36:04.331,109.5000,100
34564331301803,09:36:04.331,109.5000,100
34564331309788,09:36:04.331,109.5000,100
34564873368918,09:36:04.873,109.5100,43
34564873368918,09:36:04.873,109.5100,2
34564873368918,09:36:04.873,109.5100,41
34564873368918,09:36:04.873,109.5100,16
34565487442929,09:36:05.487,109.5200,100
34584992803333,09:36:24.992,109.5800,2
34585009153064,09:36:25.009,109.5800,1
34592724788700,09:36:32.724,109.5900,100
34592724788700,09:36:32.724,109.5900,200
34592724788700,09:36:32.724,109.5900,100
34592725295576,09:36:32.725,109.6000,99
34592725295576,09:36:32.725,109.6000,43
34592725295576,09:36:32.725,109.6000,50
34592725295576,09:36:32.725,109.6000,122
34592725295576,09:36:32.725,109.6000,100
34592729831956,09:36:32.729,109.6100,200
34592729831956,09:36:32.729,109.6100,13
34592729831956,09:36:32.729,109.6100,100
34592744451772,09:36:32.744,109.6200,113
34592744451772,09:36:32.744,109.6200,35
34593060164091,09:36:33.060,109.6400,1
34593089096536,09:36:33.089,109.6400,99
34593089096536,09:36:33.089,109.6500,1
34593127773971,09:36:33.127,109.6400,78
34593850123489,09:36:33.850,109.6400,22
34593850123489,09:36:33.850,109.6400,100
34593850123489,09:36:33.850,109.6400,2
34600339868722,09:36:40.339,109.6600,13
34600339868722,09:36:40.339,109.6700,100
34600339868722,09:36:40.339,109.6700,100
34600339868722,09:36:40.339,109.6700,49
34600339868722,09:36:40.339,109.6700,100
34600339868722,09:36:40.339,109.6700,100
34600342615903,09:36:40.342,109.6900,100
34600342615903,09:36:40.342,109.6900,100
34600344462148,09:36:40.344,109.7000,43
34600344462148,09:36:40.344,109.7100,200
34600344462148,09:36:40.344,109.7200,95
34601765871421,09:36:41.765,109.6800,100
34605270620226,09:36:45.270,109.6600,300
34605275864397,09:36:45.275,109.6500,100
34605276113164,09:36:45.276,109.6500,100
34605276113164,09:36:45.276,109.6500,100
34605425185461,09:36:45.425,109.6300,100
34605435664770,09:36:45.435,109.6100,18
34605831237211,09:36:45.831,109.6300,200
34605831237211,09:36:45.831,109.6300,200
34607505105952,09:36:47.505,109.6400,10
34608761304382,09:36:48.761,109.6200,200
34608761344955,09:36:48.761,109.6200,56
34608761383861,09:36:48.761,109.6200,27
34608761410120,09:36:48.761,109.6200,117
34608761410120,09:36:48.761,109.6200,27
34608761437163,09:36:48.761,109.6200,73
34608761525996,09:36:48.761,109.6200,100
34611646343967,09:36:51.646,109.6100,100
34611647974214,09:36:51.647,109.6000,100
34611647974214,09:36:51.647,109.6000,200
34611648154893,09:36:51.648,109.6000,100
34611648718813,09:36:51.648,109.6000,100
34611666724301,09:36:51.666,109.5900,100
34638277843219,09:37:18.277,109.5900,48
34638278504987,09:37:18.278,109.5900,52
34638278504987,09:37:18.278,109.5900,2
34638278508142,09:37:18.278,109.5700,100
34645018859007,09:37:25.018,109.5500,200
34647191074120,09:37:27.191,109.6300,45
34647191345916,09:37:27.191,109.6400,100
34647191345916,09:37:27.191,109.6400,18
34647191345916,09:37:27.191,109.6400,100
34647193010120,09:37:27.193,109.6400,1
34647193010120,09:37:27.193,109.6400,200
34647193010120,09:37:27.193,109.6500,200
34647194772934,09:37:27.194,109.6500,195
34650347589772,09:37:30.347,109.6300,400
34650349429204,09:37:30.349,109.6200,100
34651579457567,09:37:31.579,109.5900,100
34670326147846,09:37:50.326,109.6200,40
34670326147846,09:37:50.326,109.6300,8
34670333270546,09:37:50.333,109.6500,100
34673540192712,09:37:53.540,109.6300,100
34673540259374,09:37:53.540,109.6300,100
34673540262594,09:37:53.540,109.6300,100
34673540283684,09:37:53.540,109.6300,100
34673540283684,09:37:53.540,109.6300,52
34673540311079,09:37:53.540,109.6300,48
34673540311079,09:37:53.540,109.6300,52
34673540401119,09:37:53.540,109.6300,48
34676170929497,09:37:56.170,109.5800,31
34678246767999,09:37:58.246,109.5800,69
34678246767999,09:37:58.246,109.5800,100
34678253386563,09:37:58.253,109.5700,100
34678253875089,09:37:58.253,109.5600,100
34678257372447,09:37:58.257,109.5500,100
34678808502200,09:37:58.808,109.5400,21
34678809119465,09:37:58.809,109.5400,36
34678810052227,09:37:58.810,109.5400,36
34678811036450,09:37:58.811,109.5400,7
34679078974582,09:37:59.078,109.5400,200
34679079052035,09:37:59.079,109.5400,75
34679079328673,09:37:59.079,109.5500,100
34679079328673,09:37:59.079,109.5500,200
34679079356998,09:37:59.079,109.5500,25
34687092616118,09:38:07.092,109.5500,100
34687094015289,09:38:07.094,109.5600,200
34687094034076,09:38:07.094,109.5600,100
34687094034076,09:38:07.094,109.5600,100
34687094419417,09:38:07.094,109.5600,300
34693060739588,09:38:13.060,109.6000,100
34693060788948,09:38:13.060,109.6000,100
34693061065553,09:38:13.061,109.6000,100
34693064678434,09:38:13.064,109.6000,100
34693065269876,09:38:13.065,109.6000,100
34693065269876,09:38:13.065,109.6000,400
34694096930327,09:38:14.096,109.6100,100
34698006141131,09:38:18.006,109.6400,1
34699171506300,09:38:19.171,109.6000,46
34699172000911,09:38:19.172,109.6100,46
34712025565550,09:38:32.025,109.6400,200
34713324251745,09:38:33.324,109.6400,4
34716129320886,09:38:36.129,109.6000,100
34720694001856,09:38:40.694,109.5700,100
34720695170953,09:38:40.695,109.5600,100
34721603673309,09:38:41.603,109.5400,47
34721604897665,09:38:41.604,109.5400,53
34721604954583,09:38:41.604,109.5400,47
34725379272144,09:38:45.379,109.5800,6
34725379294120,09:38:45.379,109.5800,15
34725379306227,09:38:45.379,109.5800,148
34725379310408,09:38:45.379,109.5800,31
34732144458397,09:38:52.144,109.6200,100
34737164918133,09:38:57.164,109.6000,100
34741773402603,09:39:01.773,109.5300,2
34742548619848,09:39:02.548,109.5600,1
34743760007633,09:39:03.760,109.5900,100
34747345322869,09:39:07.345,109.5500,100
34747718169997,09:39:07.718,109.5300,98
34750905571233,09:39:10.905,109.5200,100
34750906165906,09:39:10.906,109.5100,100
34750906165906,09:39:10.906,109.5100,200
34750906859650,09:39:10.906,109.5000,100
34750906859650,09:39:10.906,109.5000,100
34750906859650,09:39:10.906,109.5000,200
34750906933688,09:39:10.906,109.5000,100
34750906933688,09:39:10.906,109.5000,100
34750907212700,09:39:10.907,109.5000,100
34750907238253,09:39:10.907,109.5000,100
34750907250588,09:39:10.907,109.5000,100
34750907320487,09:39:10.907,109.5000,71
34750907779371,09:39:10.907,109.5000,29
34750907779371,09:39:10.907,109.5000,10
34753505409527,09:39:13.505,109.5000,90
34753505409527,09:39:13.505,109.5000,100
34753505409527,09:39:13.505,109.5000,10
34753505485804,09:39:13.505,109.5000,90
34753505485804,09:39:13.505,109.5000,100
34753505954225,09:39:13.505,109.5000,100
34753513064520,09:39:13.513,109.5100,100
34759977899593,09:39:19.977,109.5300,200
34759978430813,09:39:19.978,109.5400,56
34759978457964,09:39:19.978,109.5400,44
34765290771078,09:39:25.290,109.6000,100
34765290776395,09:39:25.290,109.6000,1
34781088129442,09:39:41.088,109.5600,100
34788526424883,09:39:48.526,109.5700,46
34791225193470,09:39:51.225,109.5700,100
34801379410115,09:40:01.379,109.6000,12
34801379437748,09:40:01.379,109.6000,88
34801379437748,09:40:01.379,109.6000,3
34801379595187,09:40:01.379,109.6000,39
34801379651285,09:40:01.379,109.6000,5
34801379651285,09:40:01.379,109.6000,46
34802518013842,09:40:02.518,109.6000,100
34816564083722,09:40:16.564,109.6000,100
34816564110285,09:40:16.564,109.6000,39
34816564137164,09:40:16.564,109.6000,100
34816564284322,09:40:16.564,109.6000,75
34816564295556,09:40:16.564,109.6000,25
34816564295556,09:40:16.564,109.6000,75
34816564487450,09:40:16.564,109.6000,99
34816564627588,09:40:16.564,109.6000,1
34816564627588,09:40:16.564,109.6000,54
34816564746303,09:40:16.564,109.6000,32
34817358977012,09:40:17.358,109.6100,2
34828308379938,09:40:28.308,109.5800,100
34828308379938,09:40:28.308,109.5800,1
34828309979495,09:40:28.309,109.5700,100
34832027876358,09:40:32.027,109.5500,1
34832032344965,09:40:32.032,109.5200,47
34836461360011,09:40:36.461,109.5300,100
34836471165195,09:40:36.471,109.5200,53
34836471165195,09:40:36.471,109.5200,47
34836471280220,09:40:36.471,109.5200,53
34838455394889,09:40:38.455,109.5400,100
34838460156537,09:40:38.460,109.5700,100
34838460204598,09:40:38.460,109.5700,100
34838460215318,09:40:38.460,109.5700,100
34838460232396,09:40:38.460,109.5700,100
34838460232396,09:40:38.460,109.5700,100
34838463310241,09:40:38.463,109.5800,100
34846279615243,09:40:46.279,109.5900,100
34846279898375,09:40:46.279,109.5900,100
34846279927176,09:40:46.279,109.5900,100
34846279943127,09:40:46.279,109.5900,14
34846279950875,09:40:46.279,109.5900,200
34846279962595,09:40:46.279,109.5900,86
34848793589129,09:40:48.793,109.5800,100
34848793589129,09:40:48.793,109.5800,4
34848793589129,09:40:48.793,109.5800,108
34848794162102,09:40:48.794,109.5800,192
34854167450683,09:40:54.167,109.6200,100
34854167862212,09:40:54.167,109.6200,10
34854167879041,09:40:54.167,109.6200,10
34854167879041,09:40:54.167,109.6200,10
34854167886134,09:40:54.167,109.6200,10
34854167890961,09:40:54.167,109.6200,10
34854167899901,09:40:54.167,109.6200,3
34854168094059,09:40:54.168,109.6200,10
34858542538800,09:40:58.542,109.6500,21
34859114400029,09:40:59.114,109.6500,10
34862720406799,09:41:02.720,109.6300,100
34864232338005,09:41:04.232,109.6500,10
34869231144822,09:41:09.231,109.6300,100
34872964803519,09:41:12.964,109.6200,100
34872964803519,09:41:12.964,109.6200,5
34872964803519,09:41:12.964,109.6200,100
34873068159206,09:41:13.068,109.6400,200
34873071215232,09:41:13.071,109.6500,433
34873071606629,09:41:13.071,109.6500,115
34873071608640,09:41:13.071,109.6500,8
34873071644769,09:41:13.071,109.6500,20
34877671385135,09:41:17.671,109.6600,6
34880676179287,09:41:20.676,109.6600,200
34880676179287,09:41:20.676,109.6600,100
34880678713264,09:41:20.678,109.6300,47
34883653075295,09:41:23.653,109.6700,200
34886593679835,09:41:26.593,109.6400,6
34886593679835,09:41:26.593,109.6400,200
34886593679835,09:41:26.593,109.6400,100
34886620532416,09:41:26.620,109.6400,100
34888871097622,09:41:28.871,109.6600,10
34889064698121,09:41:29.064,109.6600,90
34889064698121,09:41:29.064,109.6600,100
34889067420585,09:41:29.067,109.6600,8
34889070227143,09:41:29.070,109.6600,7
34889071896000,09:41:29.071,109.6600,7
34891018569720,09:41:31.018,109.6500,100
34891018569720,09:41:31.018,109.6500,100
34891050098415,09:41:31.050,109.6300,100
34891050098415,09:41:31.050,109.6300,7
34891050722990,09:41:31.050,109.6100,95
34891527163656,09:41:31.527,109.6400,100
34893766171328,09:41:33.766,109.6400,78
34902393803404,09:41:42.393,109.6600,100
34902393803404,09:41:42.393,109.6600,200
34902393803404,09:41:42.393,109.6600,200
34902494755913,09:41:42.494,109.6500,100
34902495332776,09:41:42.495,109.6400,100
34905183483247,09:41:45.183,109.6800,100
34905184073957,09:41:45.184,109.6800,100
34905194033582,09:41:45.194,109.6700,200
34905394339163,09:41:45.394,109.6500,100
34911683038300,09:41:51.683,109.6500,100
34911683038300,09:41:51.683,109.6600,100
34911683094413,09:41:51.683,109.6600,100
34911683950386,09:41:51.683,109.6800,5
34911683978820,09:41:51.683,109.6800,95
34911685165328,09:41:51.685,109.6700,200
34911690353542,09:41:51.690,109.6700,100
34911706928633,09:41:51.706,109.6700,99
34911706953673,09:41:51.706,109.6700,1
34911707040713,09:41:51.707,109.6700,1
34911707040713,09:41:51.707,109.6700,100
34911707040713,09:41:51.707,109.6700,99
34911728626745,09:41:51.728,109.6900,1
34911728626745,09:41:51.728,109.7000,17
34911794202244,09:41:51.794,109.6600,100
34911794202244,09:41:51.794,109.6600,100
34917727340076,09:41:57.727,109.6700,100
34917728276932,09:41:57.728,109.6700,10
34924491019449,09:42:04.491,109.7150,100
34933302193089,09:42:13.302,109.7200,200
34939210743647,09:42:19.210,109.7100,400
34942832424636,09:42:22.832,109.7400,1
34944718507057,09:42:24.718,109.7200,30
34944718507057,09:42:24.718,109.7100,100
34944718507057,09:42:24.718,109.7100,100
34944718927820,09:42:24.718,109.7000,4
34944718927820,09:42:24.718,109.7000,100
34944718927820,09:42:24.718,109.7000,100
34944720296348,09:42:24.720,109.6900,100
34949786458476,09:42:29.786,109.7100,10
34949786485168,09:42:29.786,109.7100,70
34949786520335,09:42:29.786,109.7100,20
34954442956067,09:42:34.442,109.7500,55
34954442956067,09:42:34.442,109.7500,4
34954443838022,09:42:34.443,109.7400,100
34954443901580,09:42:34.443,109.7400,100
34954443920978,09:42:34.443,109.7400,100
34954443927650,09:42:34.443,109.7400,100
34954613902007,09:42:34.613,109.7400,100
34955292349004,09:42:35.292,109.7500,100
34955292349004,09:42:35.292,109.7500,200
34967288399350,09:42:47.288,109.7200,100
34969802094814,09:42:49.802,109.6900,87
34969802584501,09:42:49.802,109.7000,100
34969802584501,09:42:49.802,109.7000,200
34977155827077,09:42:57.155,109.7600,4
34979757267619,09:42:59.757,109.7800,100
34987151471843,09:43:07.151,109.7800,100
34987151471843,09:43:07.151,109.7800,10
34987151471843,09:43:07.151,109.7800,10
34987152127026,09:43:07.152,109.7800,87
34987152155849,09:43:07.152,109.7800,13
34987152530873,09:43:07.152,109.7800,87
34987152573321,09:43:07.152,109.7800,13
34989422280844,09:43:09.422,109.7800,100
34990085985073,09:43:10.085,109.7700,100
34990086901273,09:43:10.086,109.7600,100
34990086901273,09:43:10.086,109.7600,100
34994804396049,09:43:14.804,109.7600,100
34994804750626,09:43:14.804,109.7600,100
34994804750626,09:43:14.804,109.7600,100
35013772202787,09:43:33.772,109.7900,1
35025117006335,09:43:45.117,109.7800,100
35025120015067,09:43:45.120,109.8000,89
35025120039180,09:43:45.120,109.8000,200
35025120039180,09:43:45.120,109.8000,200
35025120089895,09:43:45.120,109.8000,200
35025120191309,09:43:45.120,109.8000,400
35025120363179,09:43:45.120,109.8000,100
35025120363179,09:43:45.120,109.8000,100
35025120501863,09:43:45.120,109.8000,100
35025120501863,09:43:45.120,109.8000,96
35025120541765,09:43:45.120,109.8000,4
35025120674290,09:43:45.120,109.7900,100
35025122499141,09:43:45.122,109.7800,100
35025122555980,09:43:45.122,109.7800,300
35025474516986,09:43:45.474,109.7900,13
35025474531833,09:43:45.474,109.7900,187
35025475069448,09:43:45.475,109.7900,100
35025476533832,09:43:45.476,109.7900,100
35027596515243,09:43:47.596,109.7900,100
35027596903081,09:43:47.596,109.7900,100
35036120543313,09:43:56.120,109.7800,100
35050125731387,09:44:10.125,109.8300,100
35055003520489,09:44:15.003,109.8200,98
35055003546019,09:44:15.003,109.8200,2
35055007037930,09:44:15.007,109.8100,100
35057704484197,09:44:17.704,109.7900,100
35068157408128,09:44:28.157,109.7900,100
35075798901791,09:44:35.798,109.8100,100
35086376345119,09:44:46.376,109.8200,200
35093936875637,09:44:53.936,109.8000,100
35093937195916,09:44:53.937,109.8000,100
35093938933350,09:44:53.938,109.8000,400
35093964193051,09:44:53.964,109.7900,100
35093964261537,09:44:53.964,109.7900,100
35094267046387,09:44:54.267,109.8000,100
35105326711550,09:45:05.326,109.8100,100
35105326711550,09:45:05.326,109.8100,100
35106582017750,09:45:06.582,109.8000,100
35107109490698,09:45:07.109,109.7900,100
35113826861975,09:45:13.826,109.7900,100
35113826861975,09:45:13.826,109.7900,100
35113826861975,09:45:13.826,109.7800,200
35113826861975,09:45:13.826,109.7800,100
35113826861975,09:45:13.826,109.7800,100
35113826861975,09:45:13.826,109.7800,100
35113826861975,09:45:13.826,109.7700,100
35113826861975,09:45:13.826,109.7700,100
35113827373817,09:45:13.827,109.7900,400
35113830288869,09:45:13.830,109.7800,400
35113830288869,09:45:13.830,109.7700,400
35113830288869,09:45:13.830,109.7700,10
35113830888456,09:45:13.830,109.7800,100
35113830948478,09:45:13.830,109.7800,30
35116702250516,09:45:16.702,109.7700,10
35116702569598,09:45:16.702,109.7700,10
35116702616770,09:45:16.702,109.7700,10
35116702663029,09:45:16.702,109.7700,10
35116702669259,09:45:16.702,109.7700,181
35116702701555,09:45:16.702,109.7700,10
35116702873736,09:45:16.702,109.7700,10
35116702915488,09:45:16.702,109.7700,10
35116702960576,09:45:16.702,109.7700,10
35116702970144,09:45:16.702,109.7700,10
35116702998347,09:45:16.702,109.7700,10
35116703296172,09:45:16.703,109.7700,10
35116703596781,09:45:16.703,109.7700,10
35116703894858,09:45:16.703,109.7700,10
35116704197797,09:45:16.704,109.7700,10
35116704497763,09:45:16.704,109.7700,10
35116704798025,09:45:16.704,109.7700,10
35116705098885,09:45:16.705,109.7700,10
35116705400522,09:45:16.705,109.7700,10
35117094107596,09:45:17.094,109.7700,6
35117094224435,09:45:17.094,109.7700,5
35122718487979,09:45:22.718,109.7700,110
35122719966156,09:45:22.719,109.7700,70
35122720967371,09:45:22.720,109.7700,48
35122720967371,09:45:22.720,109.7800,10
35122720967371,09:45:22.720,109.7800,100
35123454136343,09:45:23.454,109.7800,31
35125285198053,09:45:25.285,109.7700,11
35125286623410,09:45:25.286,109.7700,31
35125287822746,09:45:25.287,109.7700,11
35128390307986,09:45:28.390,109.7700,9
35128392840799,09:45:28.392,109.7700,9
35128395023804,09:45:28.395,109.7700,7
35128398290731,09:45:28.398,109.7700,5
35128401887049,09:45:28.401,109.7700,4
35128404384776,09:45:28.404,109.7700,4
35128406560868,09:45:28.406,109.7700,3
35128409051675,09:45:28.409,109.7700,3
35128411227004,09:45:28.411,109.7700,3
35128412876729,09:45:28.412,109.7700,3
35128462981862,09:45:28.462,109.7700,2
35128513215897,09:45:28.513,109.7700,2
35128513510146,09:45:28.513,109.7700,29
35128513535179,09:45:28.513,109.7700,5
35134419588722,09:45:34.419,109.7700,36
35139499905423,09:45:39.499,109.7700,100
35139500311953,09:45:39.500,109.7600,100
35139500311953,09:45:39.500,109.7600,100
35139501050420,09:45:39.501,109.7500,100
35139501050420,09:45:39.501,109.7500,100
35139507789870,09:45:39.507,109.7400,100
35139507832674,09:45:39.507,109.7400,100
35142327694637,09:45:42.327,109.7200,100
35143752006628,09:45:43.752,109.7100,100
35143752006628,09:45:43.752,109.7100,100
35149689984537,09:45:49.689,109.6800,31
35149689984537,09:45:49.689,109.6800,44
35149689984537,09:45:49.689,109.6800,56
35149689984537,09:45:49.689,109.6800,151
35149723689376,09:45:49.723,109.6800,100
35158041411790,09:45:58.041,109.7000,52
35158041438917,09:45:58.041,109.7000,48
35163112355321,09:46:03.112,109.7200,146
35163112382540,09:46:03.112,109.7200,54
35163112382540,09:46:03.112,109.7100,100
35163112382540,09:46:03.112,109.7100,46
35163112563490,09:46:03.112,109.7100,54
35163113262014,09:46:03.113,109.7100,100
35170400879431,09:46:10.400,109.7100,12
35175684639451,09:46:15.684,109.7500,100
35175689193030,09:46:15.689,109.7600,100
35176842872493,09:46:16.842,109.7700,100
35184245256310,09:46:24.245,109.7800,10
35205739956726,09:46:45.739,109.8000,12
35209871651473,09:46:49.871,109.8500,1
35209871651473,09:46:49.871,109.8500,1
35223268247386,09:47:03.268,109.8700,100
35224937023943,09:47:04.937,109.9000,1
35224937023943,09:47:04.937,109.9000,100
35229689986362,09:47:09.689,109.8800,200
35229689986362,09:47:09.689,109.8800,100
35229690479617,09:47:09.690,109.8700,100
35229690479617,09:47:09.690,109.8700,200
35229690479617,09:47:09.690,109.8700,12
35229690479617,09:47:09.690,109.8700,31
35229691075012,09:47:09.691,109.8600,100
35229691075012,09:47:09.691,109.8600,100
35229691179880,09:47:09.691,109.8700,100
35229978638714,09:47:09.978,109.8800,100
35233238296279,09:47:13.238,109.8700,100
35233238687082,09:47:13.238,109.8700,100
35233239602587,09:47:13.239,109.8700,100
35233240601617,09:47:13.240,109.8600,100
35235261265854,09:47:15.261,109.8800,100
35240737345297,09:47:20.737,109.8900,100
35240737345297,09:47:20.737,109.8900,100
35247958073043,09:47:27.958,109.9100,100
35248033028429,09:47:28.033,109.9000,100
35248034424152,09:47:28.034,109.8900,100
35250146323686,09:47:30.146,109.8800,100
35250146323686,09:47:30.146,109.8800,100
35250146323686,09:47:30.146,109.8800,100
35257428975865,09:47:37.428,109.9100,200
35257430241617,09:47:37.430,109.9200,30
35260203653261,09:47:40.203,109.9300,9
35261246523848,09:47:41.246,109.9400,200
35261246565856,09:47:41.246,109.9400,100
35265199224364,09:47:45.199,109.9500,100
35265199361149,09:47:45.199,109.9500,33
35265199388288,09:47:45.199,109.9500,67
35265199489581,09:47:45.199,109.9500,100
35265199805752,09:47:45.199,109.9500,69
35265206483558,09:47:45.206,109.9500,100
35265206483558,09:47:45.206,109.9500,46
35268403068012,09:47:48.403,109.9500,41
35278829695482,09:47:58.829,109.9600,2
35278832840360,09:47:58.832,109.9600,1
35278832866952,09:47:58.832,109.9600,97
35278832866952,09:47:58.832,109.9600,100
35278832866952,09:47:58.832,109.9600,12
35278833528951,09:47:58.833,109.9600,200
35278901662538,09:47:58.901,109.9600,400
35278914036087,09:47:58.914,109.9700,200
35278914036087,09:47:58.914,109.9700,200
35284723140478,09:48:04.723,109.9800,100
35286538146533,09:48:06.538,109.9900,46
35286538696454,09:48:06.538,110.0000,2
35286538696454,09:48:06.538,110.0000,153
35286538696454,09:48:06.538,110.0000,1509
35286538696454,09:48:06.538,110.0000,1132
35286538696454,09:48:06.538,110.0000,153
35286538696454,09:48:06.538,110.0000,906
35286538696454,09:48:06.538,110.0000,98
35286538696454,09:48:06.538,110.0000,604
35286538696454,09:48:06.538,110.0000,755
35286538696454,09:48:06.538,110.0000,53
35286538696454,09:48:06.538,110.0000,109
35286538696454,09:48:06.538,110.0000,53
35286538696454,09:48:06.538,110.0000,43
35286538696454,09:48:06.538,110.0000,98
35286538696454,09:48:06.538,110.0000,68
35286538696454,09:48:06.538,110.0000,72
35286538696454,09:48:06.538,110.0000,109
35286538696454,09:48:06.538,110.0000,1475
35286538696454,09:48:06.538,110.0000,89
35286538696454,09:48:06.538,110.0000,43
35286538696454,09:48:06.538,110.0000,1132
35286538696454,09:48:06.538,110.0000,125
35286538696454,09:48:06.538,110.0000,72
35286538696454,09:48:06.538,110.0000,153
35286538696454,09:48:06.538,110.0000,83
35286538696454,09:48:06.538,110.0000,83
35286538696454,09:48:06.538,110.0000,42
35286538696454,09:48:06.538,110.0000,53
35286538696454,09:48:06.538,110.0000,77
35286538696454,09:48:06.538,110.0000,43
35286538696454,09:48:06.538,110.0000,43
35286538696454,09:48:06.538,110.0000,72
35286538696454,09:48:06.538,110.0000,43
35286538696454,09:48:06.538,110.0000,89
35286538696454,09:48:06.538,110.0000,298
35286538696454,09:48:06.538,110.0000,12
35286538696454,09:48:06.538,110.0000,40
35286538696454,09:48:06.538,110.0000,30
35286538696454,09:48:06.538,110.0000,3
35286538696454,09:48:06.538,110.0000,247
35286538696454,09:48:06.538,110.0000,200
35286538696454,09:48:06.538,110.0000,151
35286538696454,09:48:06.538,110.0000,153
35286538696454,09:48:06.538,110.0000,200
35286538696454,09:48:06.538,110.0000,200
35286538725338,09:48:06.538,110.0000,878
35286538726790,09:48:06.538,110.0000,3922
35286538726790,09:48:06.538,110.0000,2500
35286538756927,09:48:06.538,110.0000,169
35286538774133,09:48:06.538,110.0000,100
35286538776910,09:48:06.538,110.0000,200
35286538936052,09:48:06.538,110.0000,200
35286538936052,09:48:06.538,110.0000,27
35286565023232,09:48:06.565,110.0200,200
35286565441199,09:48:06.565,110.0200,100
35286575554404,09:48:06.575,110.0000,300
35286575700643,09:48:06.575,110.0000,78
35286575727313,09:48:06.575,110.0000,222
35287367011138,09:48:07.367,110.0200,1
35287367011138,09:48:07.367,110.0200,33
35287367515631,09:48:07.367,110.0300,200
35290310477177,09:48:10.310,110.0500,100
35290409420778,09:48:10.409,110.0500,200
35290409420778,09:48:10.409,110.0500,3
35290409420778,09:48:10.409,110.0500,4
35290409420778,09:48:10.409,110.0500,93
35290409451086,09:48:10.409,110.0500,54
35290410820798,09:48:10.410,110.0500,248
35291977948905,09:48:11.977,110.0400,100
35291977948905,09:48:11.977,110.0400,200
35291978104867,09:48:11.978,110.0500,100
35295150426505,09:48:15.150,110.0500,200
35295398518239,09:48:15.398,110.0500,200
35295644794331,09:48:15.644,110.0600,100
35295647140119,09:48:15.647,110.0700,100
35295648364266,09:48:15.648,110.0700,100
35295676261061,09:48:15.676,110.0600,100
35296451119156,09:48:16.451,110.0700,100
35296451119156,09:48:16.451,110.0700,200
35296708103710,09:48:16.708,110.0800,200
35296708103710,09:48:16.708,110.0800,100
35296710486561,09:48:16.710,110.0800,1
35298203055209,09:48:18.203,110.0700,100
35303045834585,09:48:23.045,110.0800,77
35303045834585,09:48:23.045,110.0800,23
35306174282511,09:48:26.174,110.0500,100
35306174282511,09:48:26.174,110.0500,200
35306174282511,09:48:26.174,110.0500,12
35306297026529,09:48:26.297,110.0400,100
35309277272165,09:48:29.277,110.0300,100
35309277272165,09:48:29.277,110.0300,100
35309277364062,09:48:29.277,110.0200,121
35309277393044,09:48:29.277,110.0200,3
35309282246086,09:48:29.282,110.0200,100
35309304062277,09:48:29.304,110.0300,10
35309304062277,09:48:29.304,110.0300,90
35309304155432,09:48:29.304,110.0200,10
35309304900443,09:48:29.304,110.0200,200
35309403842597,09:48:29.403,110.0400,200
35314443959406,09:48:34.443,110.0600,100
35314443959406,09:48:34.443,110.0600,200
35314444038787,09:48:34.444,110.0600,100
35315010107008,09:48:35.010,110.0600,1
35317784076942,09:48:37.784,110.0700,200
35317835070115,09:48:37.835,110.0700,72
35317836744872,09:48:37.836,110.0700,4
35317836744872,09:48:37.836,110.0800,200
35317836744872,09:48:37.836,110.0800,96
35317838781065,09:48:37.838,110.0900,200
35320868864047,09:48:40.868,110.0800,11
35320869877072,09:48:40.869,110.1000,100
35320869877072,09:48:40.869,110.0800,89
35320869909705,09:48:40.869,110.1000,100
35320870119697,09:48:40.870,110.0800,100
35324204346988,09:48:44.204,110.0800,75
35324204375172,09:48:44.204,110.0800,25
35324315475858,09:48:44.315,110.0800,100
35324315503632,09:48:44.315,110.0800,100
35325398864215,09:48:45.398,110.0700,100
35325398864215,09:48:45.398,110.0700,100
35325398948931,09:48:45.398,110.0700,100
35325402361673,09:48:45.402,110.0600,100
35328572830156,09:48:48.572,110.0500,22
35328573612996,09:48:48.573,110.0500,20
35328574096128,09:48:48.574,110.0500,24
35330634639418,09:48:50.634,110.0500,34
35330634639418,09:48:50.634,110.0500,100
35330639106128,09:48:50.639,110.0400,53
35330639148219,09:48:50.639,110.0400,53
35330650072592,09:48:50.650,110.0200,100
35330654383584,09:48:50.654,110.0300,100
35330704101592,09:48:50.704,110.0500,100
35330804318738,09:48:50.804,110.0600,100
35334558138810,09:48:54.558,110.0900,200
35334754189106,09:48:54.754,110.0900,5
35334754189106,09:48:54.754,110.0900,95
35334754248014,09:48:54.754,110.0900,5
35334754248014,09:48:54.754,110.0900,35
35334774096061,09:48:54.774,110.0800,10
35339790620259,09:48:59.790,110.0700,100
35339790620259,09:48:59.790,110.0700,100
35341204516083,09:49:01.204,110.0600,100
35343381676099,09:49:03.381,110.0600,10
35345778159619,09:49:05.778,110.0900,46
35345779670585,09:49:05.779,110.1000,1
35345779670585,09:49:05.779,110.1000,100
35345779670585,09:49:05.779,110.1000,200
35346441041994,09:49:06.441,110.1000,100
35346441041994,09:49:06.441,110.1000,41
35346441070352,09:49:06.441,110.1000,59
35346441070352,09:49:06.441,110.1000,100
35346441136323,09:49:06.441,110.1000,100
35346441138100,09:49:06.441,110.1000,100
35346441170112,09:49:06.441,110.1000,100
35346441342167,09:49:06.441,110.1000,99
35349650241557,09:49:09.650,110.0800,100
35349650241557,09:49:09.650,110.0800,100
35355105070198,09:49:15.105,110.1000,100
35355105070198,09:49:15.105,110.1000,46
35355105070198,09:49:15.105,110.1000,46
35355221708004,09:49:15.221,110.1100,17
35356897589209,09:49:16.897,110.1100,33
35356898002280,09:49:16.898,110.1100,400
35356898002280,09:49:16.898,110.1100,100
35356898029649,09:49:16.898,110.1100,100
35356923833727,09:49:16.923,110.1100,100
35360562341494,09:49:20.562,110.1200,100
35360562341494,09:49:20.562,110.1200,100
35360562341494,09:49:20.562,110.1200,46
35360563329872,09:49:20.563,110.1200,100
35360569773653,09:49:20.569,110.1200,100
35360599777987,09:49:20.599,110.1300,100
35362100230771,09:49:22.100,110.1100,20
35367429529246,09:49:27.429,110.1100,46
35368569594372,09:49:28.569,110.1300,200
35368573168940,09:49:28.573,110.1300,10
35368573168940,09:49:28.573,110.1400,190
35373075312810,09:49:33.075,110.1200,46
35381489169644,09:49:41.489,110.1500,500
35381489169644,09:49:41.489,110.1500,46
35381489555524,09:49:41.489,110.1600,53
35382733648119,09:49:42.733,110.1600,100
35385105527444,09:49:45.105,110.1700,100
35385105527444,09:49:45.105,110.1700,100
35385105527444,09:49:45.105,110.1700,100
35385105942317,09:49:45.105,110.1600,2
35385105971415,09:49:45.105,110.1600,2
35385105981561,09:49:45.105,110.1600,96
35386083225723,09:49:46.083,110.1700,100
35386646538578,09:49:46.646,110.1700,56
35386646567219,09:49:46.646,110.1700,44
35386646567219,09:49:46.646,110.1700,100
35387016297116,09:49:47.016,110.1700,95
35387168279453,09:49:47.168,110.1700,12
35391382527245,09:49:51.382,110.1800,2
35391382527245,09:49:51.382,110.1800,200
35391382527245,09:49:51.382,110.1800,46
35391382527245,09:49:51.382,110.1800,4
35391382527245,09:49:51.382,110.1800,100
35393318829801,09:49:53.318,110.2000,591
35393318855155,09:49:53.318,110.2000,637
35393318915824,09:49:53.318,110.2000,7774
35393341912522,09:49:53.341,110.2200,200
35400150948348,09:50:00.150,110.2200,200
35400150948348,09:50:00.150,110.2200,100
35400150948348,09:50:00.150,110.2200,100
35400150948348,09:50:00.150,110.2200,100
35400150948348,09:50:00.150,110.2200,400
35400150948348,09:50:00.150,110.2200,100
35400150948348,09:50:00.150,110.2100,100
35400150948348,09:50:00.150,110.2100,200
35400150948348,09:50:00.150,110.2100,100
35400150948348,09:50:00.150,110.2000,200
35402728851963,09:50:02.728,110.2000,100
35402728851963,09:50:02.728,110.2000,100
35402728851963,09:50:02.728,110.2000,100
35402728905227,09:50:02.728,110.2000,90
35402735693447,09:50:02.735,110.2000,100
35406247615690,09:50:06.247,110.1900,100
35406247615690,09:50:06.247,110.1900,100
35406247642313,09:50:06.247,110.1900,100
35407102077696,09:50:07.102,110.1700,100
35407102077696,09:50:07.102,110.1700,100
35407102077696,09:50:07.102,110.1700,100
35407102077696,09:50:07.102,110.1700,100
35407102193259,09:50:07.102,110.1700,100
35407108281955,09:50:07.108,110.1800,10
35412310029762,09:50:12.310,110.1600,100
35412310029762,09:50:12.310,110.1600,100
35412310029762,09:50:12.310,110.1600,200
35412310029762,09:50:12.310,110.1600,100
35412310413642,09:50:12.310,110.1500,5
35412310437220,09:50:12.310,110.1500,95
35412310437220,09:50:12.310,110.1500,3
35412316431700,09:50:12.316,110.1600,100
35412341176873,09:50:12.341,110.1600,300
35412341176873,09:50:12.341,110.1600,100
35412509095880,09:50:12.509,110.1700,100
35416180524199,09:50:16.180,110.1600,100
35416180524199,09:50:16.180,110.1600,100
35416180524199,09:50:16.180,110.1600,100
35422123499002,09:50:22.123,110.1400,200
35422123499002,09:50:22.123,110.1400,100
35422123499002,09:50:22.123,110.1400,100
35422123499002,09:50:22.123,110.1400,200
35422123499002,09:50:22.123,110.1400,100
35423793541277,09:50:23.793,110.1300,9
35425144670530,09:50:25.144,110.1400,100
35426982666441,09:50:26.982,110.1700,100
35429537115609,09:50:29.537,110.1600,100
35429537115609,09:50:29.537,110.1600,100
35429537115609,09:50:29.537,110.1600,100
35429537214140,09:50:29.537,110.1600,100
35430210715973,09:50:30.210,110.1500,100
35430361105313,09:50:30.361,110.1500,100
35430362544668,09:50:30.362,110.1500,100
35434512753854,09:50:34.512,110.1700,100
35434512753854,09:50:34.512,110.1700,100
35434529779932,09:50:34.529,110.1600,100
35446470643142,09:50:46.470,110.1900,100
35446470643142,09:50:46.470,110.1900,100
35446473264620,09:50:46.473,110.2000,5
35446473292554,09:50:46.473,110.2000,95
35446473939267,09:50:46.473,110.2000,100
35446474764776,09:50:46.474,110.2100,48
35446474764776,09:50:46.474,110.2100,52
35448004978153,09:50:48.004,110.2000,100
35449911287646,09:50:49.911,110.1800,100
35455915986421,09:50:55.915,110.1800,54
35455916265190,09:50:55.916,110.1700,200
35455916418799,09:50:55.916,110.1700,11
35455917366476,09:50:55.917,110.1700,189
35455917366476,09:50:55.917,110.1700,11
35456046945466,09:50:56.046,110.1900,100
35456047258106,09:50:56.047,110.2000,100
35456157052490,09:50:56.157,110.2000,100
35459350544655,09:50:59.350,110.1900,100
35463110563234,09:51:03.110,110.2000,46
35463110563234,09:51:03.110,110.2000,54
35468020165032,09:51:08.020,110.1800,100
35473200538674,09:51:13.200,110.1800,100
35473200538674,09:51:13.200,110.1800,100
35480064524969,09:51:20.064,110.2100,19
35480067126995,09:51:20.067,110.2100,19
35480069309245,09:51:20.069,110.2100,15
35480072888742,09:51:20.072,110.2100,12
35480076479133,09:51:20.076,110.2100,10
35480076526281,09:51:20.076,110.2100,155
35481160161894,09:51:21.160,110.2100,20
35481160188074,09:51:21.160,110.2100,80
35481160188074,09:51:21.160,110.2100,200
35482925255943,09:51:22.925,110.2100,100
35485317752488,09:51:25.317,110.2100,100
35485318060912,09:51:25.318,110.2100,100
35485986902815,09:51:25.986,110.2100,100
35485987005018,09:51:25.987,110.2100,100
35486352048641,09:51:26.352,110.2000,12
35486788916503,09:51:26.788,110.1900,100
35486788916503,09:51:26.788,110.1900,6
35486789472599,09:51:26.789,110.1900,100
35486789472599,09:51:26.789,110.1900,100
35486789472599,09:51:26.789,110.1900,100
35486789708407,09:51:26.789,110.1900,90
35489119230129,09:51:29.119,110.2000,100
35494931207280,09:51:34.931,110.2100,100
35497349587394,09:51:37.349,110.2200,100
35497349587394,09:51:37.349,110.2200,100
35498650874238,09:51:38.650,110.2300,100
35498650874238,09:51:38.650,110.2300,95
35501391773301,09:51:41.391,110.2200,54
35501391781555,09:51:41.391,110.2200,100
35501391806302,09:51:41.391,110.2200,46
35502273547126,09:51:42.273,110.2200,100
35502273586056,09:51:42.273,110.2200,10
35502273791462,09:51:42.273,110.2200,36
35502273791462,09:51:42.273,110.2200,60
35502273841062,09:51:42.273,110.2200,40
35502295518376,09:51:42.295,110.2300,100
35502295518376,09:51:42.295,110.2300,100
35502328165531,09:51:42.328,110.2400,100
35506420276106,09:51:46.420,110.2500,604
35506420276106,09:51:46.420,110.2500,72
35506420276106,09:51:46.420,110.2500,400
35506420525638,09:51:46.420,110.2600,12
35506839736176,09:51:46.839,110.2500,100
35511728784496,09:51:51.728,110.2700,49
35511728784496,09:51:51.728,110.2700,51
35511736524037,09:51:51.736,110.2700,37
35513725564277,09:51:53.725,110.2700,100
35513725589030,09:51:53.725,110.2700,100
35514527749287,09:51:54.527,110.2800,100
35514528195272,09:51:54.528,110.2800,46
35515613206663,09:51:55.613,110.2800,100
35515613206663,09:51:55.613,110.2800,100
35515614722850,09:51:55.614,110.2800,13
35517572595295,09:51:57.572,110.3000,100
35517572595295,09:51:57.572,110.3000,100
35517574815253,09:51:57.574,110.3100,394
35517574815253,09:51:57.574,110.3100,106
35517575149822,09:51:57.575,110.3100,43
35517726018546,09:51:57.726,110.3200,100
35521724894622,09:52:01.724,110.3200,100
35521724894622,09:52:01.724,110.3200,100
35521724894622,09:52:01.724,110.3200,100
35521809586140,09:52:01.809,110.3000,100
35525616842621,09:52:05.616,110.3100,100
35525616842621,09:52:05.616,110.3100,100
35526026183824,09:52:06.026,110.2800,100
35526026183824,09:52:06.026,110.2800,100
35526026183824,09:52:06.026,110.2800,100
35526672077417,09:52:06.672,110.2900,100
35527071615693,09:52:07.071,110.2800,100
35527071615693,09:52:07.071,110.2800,100
35531815075171,09:52:11.815,110.2900,200
35531815075171,09:52:11.815,110.2900,100
35531815075171,09:52:11.815,110.2900,100
35531815075171,09:52:11.815,110.2900,100
35531897916155,09:52:11.897,110.2800,100
35533276615007,09:52:13.276,110.2600,100
35534487002042,09:52:14.487,110.2500,100
35534487002042,09:52:14.487,110.2500,42
35535389703366,09:52:15.389,110.2500,100
35535390465641,09:52:15.390,110.2400,100
35535390492518,09:52:15.390,110.2400,100
35536276072594,09:52:16.276,110.2300,200
35536276572692,09:52:16.276,110.2400,400
35536276946423,09:52:16.276,110.2300,100
35536276946423,09:52:16.276,110.2300,10
35536645483248,09:52:16.645,110.2400,10
35536647224775,09:52:16.647,110.2500,200
35538186688834,09:52:18.186,110.2500,100
35538186688834,09:52:18.186,110.2400,100
35538186688834,09:52:18.186,110.2400,100
35539004441210,09:52:19.004,110.2300,100
35539004441210,09:52:19.004,110.2300,100
35539416136942,09:52:19.416,110.2300,100
35539815401841,09:52:19.815,110.2200,100
35546147012913,09:52:26.147,110.3000,200
35547381524651,09:52:27.381,110.3100,400
35547381524651,09:52:27.381,110.3100,100
35547382018196,09:52:27.382,110.3000,400
35553210470581,09:52:33.210,110.3300,100
35556737550858,09:52:36.737,110.3500,100
35556737550858,09:52:36.737,110.3500,100
35557242489000,09:52:37.242,110.3500,27
35557242855481,09:52:37.242,110.3500,73
35558000001734,09:52:38.000,110.3500,100
35558520686411,09:52:38.520,110.3400,98
35560678016382,09:52:40.678,110.3600,100
35566383356477,09:52:46.383,110.3800,28
35566383383100,09:52:46.383,110.3800,72
35566383383100,09:52:46.383,110.3800,100
35566636036383,09:52:46.636,110.4000,28
35566641476863,09:52:46.641,110.4000,28
35570392128226,09:52:50.392,110.4000,100
35570392128226,09:52:50.392,110.3900,2
35570392128226,09:52:50.392,110.3900,100
35570392128226,09:52:50.392,110.3900,100
35570392128226,09:52:50.392,110.3900,100
35570392128226,09:52:50.392,110.3900,98
35570392160274,09:52:50.392,110.3900,2
35570392160274,09:52:50.392,110.3900,100
35570392163811,09:52:50.392,110.3900,100
35570392163811,09:52:50.392,110.3900,2
35570392629032,09:52:50.392,110.3900,98
35570393272007,09:52:50.393,110.3900,100
35570393399690,09:52:50.393,110.3900,100
35571185507105,09:52:51.185,110.3900,100
35571186221737,09:52:51.186,110.3800,100
35571685395823,09:52:51.685,110.3800,1
35580744346089,09:53:00.744,110.3800,17
35583307341398,09:53:03.307,110.3800,83
35583307341398,09:53:03.307,110.3800,17
35583307371688,09:53:03.307,110.3800,83
35583307371688,09:53:03.307,110.3800,46
35586277821618,09:53:06.277,110.3900,200
35586277821618,09:53:06.277,110.3900,100
35588242299281,09:53:08.242,110.3800,100
35588242299281,09:53:08.242,110.3800,12
35588268334835,09:53:08.268,110.3600,64
35598380075510,09:53:18.380,110.3900,100
35598383826183,09:53:18.383,110.4000,2
35598383826183,09:53:18.383,110.4000,3
35598383826183,09:53:18.383,110.4000,100
35605723654314,09:53:25.723,110.3800,100
35612611112919,09:53:32.611,110.3800,79
35612611112919,09:53:32.611,110.3800,200
35612611112919,09:53:32.611,110.3800,200
35612611695310,09:53:32.611,110.3800,112
35612611813716,09:53:32.611,110.3800,88
35619299094333,09:53:39.299,110.3800,100
35619478412910,09:53:39.478,110.3800,100
35619478412910,09:53:39.478,110.3800,46
35628151578236,09:53:48.151,110.3800,100
35628152649245,09:53:48.152,110.3700,100
35628152649245,09:53:48.152,110.3700,100
35628152816537,09:53:48.152,110.3700,400
35628152816537,09:53:48.152,110.3700,100
35628152816537,09:53:48.152,110.3700,100
35628152816537,09:53:48.152,110.3700,100
35628718234076,09:53:48.718,110.3700,100
35630126806514,09:53:50.126,110.3700,6
35634556772808,09:53:54.556,110.3700,94
35645550047015,09:54:05.550,110.3900,100
35645550047015,09:54:05.550,110.3900,100
35645550076827,09:54:05.550,110.3900,50
35645550097467,09:54:05.550,110.3900,50
35646571261642,09:54:06.571,110.4000,100
35646571261642,09:54:06.571,110.4000,100
35646571261642,09:54:06.571,110.4000,100
35649268724231,09:54:09.268,110.4000,100
35649268724231,09:54:09.268,110.4000,100
35649268724231,09:54:09.268,110.4000,100
35649268724231,09:54:09.268,110.4000,100
35649334600006,09:54:09.334,110.4000,100
35650024188558,09:54:10.024,110.3900,100
35650204788728,09:54:10.204,110.3900,100
35650204788728,09:54:10.204,110.3900,100
35651730897745,09:54:11.730,110.3900,100
35651730925468,09:54:11.730,110.3900,100
35652042238256,09:54:12.042,110.4000,9
35652042265306,09:54:12.042,110.4000,991
35655658071689,09:54:15.658,110.4200,100
35655658071689,09:54:15.658,110.4100,100
35655658071689,09:54:15.658,110.4100,105
35655658325251,09:54:15.658,110.4100,100
35655659042599,09:54:15.659,110.4100,100
35664058337805,09:54:24.058,110.3900,100
35664058337805,09:54:24.058,110.3800,100
35664058337805,09:54:24.058,110.3800,11
35664058337805,09:54:24.058,110.3800,29
35664058441662,09:54:24.058,110.3800,71
35664058441662,09:54:24.058,110.3800,100
35664058441662,09:54:24.058,110.3800,45
35664058694808,09:54:24.058,110.3800,55
35664058694808,09:54:24.058,110.3800,276
35664058721081,09:54:24.058,110.3800,24
35664181510184,09:54:24.181,110.3800,400
35664181510184,09:54:24.181,110.3800,200
35665024213156,09:54:25.024,110.3800,50
35665305933505,09:54:25.305,110.3800,50
35665305933505,09:54:25.305,110.3800,50
35666073650531,09:54:26.073,110.3800,100
35666074187980,09:54:26.074,110.3700,100
35666074187980,09:54:26.074,110.3700,50
35676120580467,09:54:36.120,110.3900,100
35676120580467,09:54:36.120,110.3900,100
35681416779448,09:54:41.416,110.4000,100
35681416779448,09:54:41.416,110.4000,100
35681416858019,09:54:41.416,110.4000,100
35685861950169,09:54:45.861,110.4000,144
35685862321234,09:54:45.862,110.4000,100
35688039316838,09:54:48.039,110.3900,400
35688639009851,09:54:48.639,110.3850,100
35691117635680,09:54:51.117,110.3800,100
35693540472515,09:54:53.540,110.3600,43
35693540498449,09:54:53.540,110.3600,57
35695307776659,09:54:55.307,110.3600,100
35695480609373,09:54:55.480,110.3700,200
35695483904445,09:54:55.483,110.3600,100
35695483904445,09:54:55.483,110.3600,200
35701933091238,09:55:01.933,110.3600,200
35701933091238,09:55:01.933,110.3600,100
35703477008107,09:55:03.477,110.3800,300
35703680208240,09:55:03.680,110.3700,200
35703680208240,09:55:03.680,110.3700,100
35703680208240,09:55:03.680,110.3700,100
35705449599340,09:55:05.449,110.3700,400
35707226140989,09:55:07.226,110.3700,200
35707226140989,09:55:07.226,110.3700,400
35709287654572,09:55:09.287,110.3700,100
35713769503352,09:55:13.769,110.3800,200
35714397495261,09:55:14.397,110.3900,300
35714397495261,09:55:14.397,110.3900,100
35714976591119,09:55:14.976,110.3800,100
35721190017266,09:55:21.190,110.3800,300
35721191178926,09:55:21.191,110.3700,100
35721191178926,09:55:21.191,110.3700,100
35721192383851,09:55:21.192,110.3600,122
35721192403508,09:55:21.192,110.3600,78
35721192403508,09:55:21.192,110.3600,12
35724531021824,09:55:24.531,110.3600,100
35744561660593,09:55:44.561,110.3700,14
35745135029450,09:55:45.135,110.3800,100
35746954010434,09:55:46.954,110.3800,300
35748014678835,09:55:48.014,110.3700,46
35748014894757,09:55:48.014,110.3700,32
35748014894757,09:55:48.014,110.3700,53
35756500833757,09:55:56.500,110.3700,33
35756501002459,09:55:56.501,110.3700,67
35756992238705,09:55:56.992,110.3600,100
35756992238705,09:55:56.992,110.3600,100
35767008020461,09:56:07.008,110.3600,300
35767227802557,09:56:07.227,110.3500,100
35767227802557,09:56:07.227,110.3500,100
35767227802557,09:56:07.227,110.3500,94
35767227827086,09:56:07.227,110.3500,6
35767227827086,09:56:07.227,110.3500,100
35767227827086,09:56:07.227,110.3500,42
35767227830044,09:56:07.227,110.3500,58
35767227885135,09:56:07.227,110.3500,100
35767927056240,09:56:07.927,110.3400,100
35767927056240,09:56:07.927,110.3400,100
35768533272200,09:56:08.533,110.3300,12
35768675923933,09:56:08.675,110.3300,200
35768675923933,09:56:08.675,110.3300,100
35774867442792,09:56:14.867,110.3400,46
35778377843430,09:56:18.377,110.3500,100
35781294646286,09:56:21.294,110.3600,200
35781303060882,09:56:21.303,110.3500,98
35781303110008,09:56:21.303,110.3500,2
35782350090991,09:56:22.350,110.3600,69
35782388920852,09:56:22.388,110.3500,100
35785219329305,09:56:25.219,110.3400,100
35785219329305,09:56:25.219,110.3400,11
35785452048182,09:56:25.452,110.3300,6
35786135406345,09:56:26.135,110.3400,1
35786135477036,09:56:26.135,110.3400,99
35786135477036,09:56:26.135,110.3400,31
35789450021985,09:56:29.450,110.3500,300
35802934117483,09:56:42.934,110.3400,100
35802934517424,09:56:42.934,110.3300,100
35802934517424,09:56:42.934,110.3300,100
35803935574996,09:56:43.935,110.3300,100
35804487801961,09:56:44.487,110.3400,100
35804487801961,09:56:44.487,110.3400,200
35805985077108,09:56:45.985,110.3500,55
35806716303292,09:56:46.716,110.3500,45
35806958024963,09:56:46.958,110.3450,300
35807496948993,09:56:47.496,110.3600,15
35815422759198,09:56:55.422,110.3400,45
35815422786348,09:56:55.422,110.3400,155
35815423468727,09:56:55.423,110.3300,24
35816263060831,09:56:56.263,110.3300,100
35816263087936,09:56:56.263,110.3300,100
35817400811385,09:56:57.400,110.3400,100
35817400866956,09:56:57.400,110.3400,46
35818867025492,09:56:58.867,110.3450,300
35829816073886,09:57:09.816,110.3300,40
35829816103216,09:57:09.816,110.3300,60
35829816103216,09:57:09.816,110.3300,100
35832890219875,09:57:12.890,110.3200,200
35832890245317,09:57:12.890,110.3200,400
35832890245317,09:57:12.890,110.3200,100
35832890627971,09:57:12.890,110.3100,47
35832956022668,09:57:12.956,110.3150,200
35833547664710,09:57:13.547,110.3100,100
35834988852704,09:57:14.988,110.2900,53
35835100426016,09:57:15.100,110.2900,37
35841247461037,09:57:21.247,110.2900,63
35841247461037,09:57:21.247,110.2900,32
35841247488855,09:57:21.247,110.2900,268
35841247488855,09:57:21.247,110.2900,100
35841247872662,09:57:21.247,110.2900,100
35841247943278,09:57:21.247,110.2900,196
35841247967428,09:57:21.247,110.2900,104
35841248415086,09:57:21.248,110.2900,100
35844251167356,09:57:24.251,110.2900,100
35844251167356,09:57:24.251,110.2900,100
35844251167356,09:57:24.251,110.2900,100
35850863669678,09:57:30.863,110.3100,80
35850863694067,09:57:30.863,110.3100,20
35850863694067,09:57:30.863,110.3100,142
35855570958136,09:57:35.570,110.3300,100
35857239146105,09:57:37.239,110.3400,100
35858565448156,09:57:38.565,110.3500,100
35862897198400,09:57:42.897,110.3300,12
35862897198400,09:57:42.897,110.3300,100
35862897198400,09:57:42.897,110.3300,100
35862956388587,09:57:42.956,110.3100,100
35881410680400,09:58:01.410,110.3100,100
35881410680400,09:58:01.410,110.3100,100
35884028572795,09:58:04.028,110.3100,47
35884028572795,09:58:04.028,110.3100,3
35897099091099,09:58:17.099,110.3300,24
35903343870417,09:58:23.343,110.3200,96
35903343870417,09:58:23.343,110.3200,4
35903343872040,09:58:23.343,110.3200,96
35906556660854,09:58:26.556,110.3100,26
35906557106743,09:58:26.557,110.3100,71
35906557106743,09:58:26.557,110.3100,29
35906557304403,09:58:26.557,110.3100,71
35906557304403,09:58:26.557,110.3100,100
35906558079364,09:58:26.558,110.3000,100
35906558079364,09:58:26.558,110.3000,97
35914371032456,09:58:34.371,110.3100,100
35915971532530,09:58:35.971,110.3100,100
35915971640532,09:58:35.971,110.3100,100
35919087890827,09:58:39.087,110.3300,12
35921506652026,09:58:41.506,110.3500,100
35921506652026,09:58:41.506,110.3500,200
35922195969957,09:58:42.195,110.3400,100
35927762450108,09:58:47.762,110.3400,95
35931444703087,09:58:51.444,110.3300,100
35931800083981,09:58:51.800,110.3200,50
35931800110170,09:58:51.800,110.3200,50
35932445676530,09:58:52.445,110.3300,100
35933857778422,09:58:53.857,110.3100,11
35933858077132,09:58:53.858,110.3100,89
35938721628620,09:58:58.721,110.3100,100
35938721628620,09:58:58.721,110.3100,100
35944882817910,09:59:04.882,110.3100,101
35948002319759,09:59:08.002,110.3100,100
35948002319759,09:59:08.002,110.3100,5
35951598662935,09:59:11.598,110.3200,100
35953398755108,09:59:13.398,110.3400,27
35953398755108,09:59:13.398,110.3400,2
35953534852183,09:59:13.534,110.3300,100
35954265739034,09:59:14.265,110.3300,100
35954265739034,09:59:14.265,110.3300,97
35954265814203,09:59:14.265,110.3300,3
35962507860174,09:59:22.507,110.3200,600
35964130997654,09:59:24.130,110.3200,100
35964130997654,09:59:24.130,110.3200,100
35965486891816,09:59:25.486,110.3300,100
35965985275398,09:59:25.985,110.3300,100
35969800907851,09:59:29.800,110.3200,100
35969805070752,09:59:29.805,110.3100,100
35969805070752,09:59:29.805,110.3100,100
35971636065788,09:59:31.636,110.2900,111
35987734545157,09:59:47.734,110.3000,50
35987734545157,09:59:47.734,110.3000,100
35987734545157,09:59:47.734,110.3000,100
35999069754861,09:59:59.069,110.3200,200
35999069754861,09:59:59.069,110.3200,100
35999069754861,09:59:59.069,110.3300,100
35999095693779,09:59:59.095,110.3400,100
35999095693779,09:59:59.095,110.3400,62
35999819043165,09:59:59.819,110.3200,100
36000010022222,10:00:00.010,110.3000,100
36000010685419,10:00:00.010,110.2800,49
36000722005856,10:00:00.722,110.2900,100
36005346699204,10:00:05.346,110.2800,51
36005346699204,10:00:05.346,110.2800,6
36005347377485,10:00:05.347,110.2700,400
36008140207736,10:00:08.140,110.2700,100
36010862943544,10:00:10.862,110.2600,100
36013149553001,10:00:13.149,110.2500,12
36013149553001,10:00:13.149,110.2400,100
36013151067893,10:00:13.151,110.2400,2
36013152046283,10:00:13.152,110.2200,20
36013152046283,10:00:13.152,110.2200,54
36015201229129,10:00:15.201,110.2200,20
36015201445592,10:00:15.201,110.2200,20
36015201809405,10:00:15.201,110.2200,12
36015202284455,10:00:15.202,110.2200,48
36015202284455,10:00:15.202,110.2000,52
36016403020056,10:00:16.403,110.2000,100
36016403628297,10:00:16.403,110.1900,100
36016403628297,10:00:16.403,110.1900,66
36017401468568,10:00:17.401,110.1800,100
36017401468568,10:00:17.401,110.1800,100
36017778808529,10:00:17.778,110.2100,31
36020341523800,10:00:20.341,110.2200,100
36020341693870,10:00:20.341,110.2200,100
36020342049130,10:00:20.342,110.2200,100
36020344786021,10:00:20.344,110.2300,100
36024997730480,10:00:24.997,110.2500,200
36028094717384,10:00:28.094,110.2700,100
36028094717384,10:00:28.094,110.2700,100
36028094717384,10:00:28.094,110.2700,100
36028094717384,10:00:28.094,110.2700,100
36028094717384,10:00:28.094,110.2700,100
36028094966405,10:00:28.094,110.2700,8
36028097589851,10:00:28.097,110.2700,43
36028097589851,10:00:28.097,110.2700,36
36028103097074,10:00:28.103,110.2900,100
36047144214184,10:00:47.144,110.2800,100
36047144214184,10:00:47.144,110.2800,500
36047144214184,10:00:47.144,110.2800,100
36047144288457,10:00:47.144,110.2800,69
36047144328652,10:00:47.144,110.2800,31
36047144341307,10:00:47.144,110.2800,31
36047144449407,10:00:47.144,110.2800,69
36051212357459,10:00:51.212,110.2600,100
36056613294308,10:00:56.613,110.2600,94
36056623348961,10:00:56.623,110.2600,100
36056623348961,10:00:56.623,110.2600,100
36057166382974,10:00:57.166,110.2600,300
36057166409326,10:00:57.166,110.2600,200
36062868000127,10:01:02.868,110.2600,100
36062868055994,10:01:02.868,110.2600,64
36067884678005,10:01:07.884,110.2600,100
36067884701598,10:01:07.884,110.2600,100
36067884701598,10:01:07.884,110.2600,100
36071243500766,10:01:11.243,110.2500,200
36071243500766,10:01:11.243,110.2500,200
36071243500766,10:01:11.243,110.2500,20
36079321048075,10:01:19.321,110.2700,30
36079321104526,10:01:19.321,110.2700,30
36079321351333,10:01:19.321,110.2700,70
36079321351333,10:01:19.321,110.2700,200
36079489538787,10:01:19.489,110.2700,9
36079489579172,10:01:19.489,110.2700,6
36079489582585,10:01:19.489,110.2700,85
36089014343801,10:01:29.014,110.2600,100
36089014370807,10:01:29.014,110.2600,100
36089522385088,10:01:29.522,110.2600,100
36089522385088,10:01:29.522,110.2600,100
36089523130684,10:01:29.523,110.2700,100
36089523642362,10:01:29.523,110.2800,100
36089524387704,10:01:29.524,110.2900,100
36089524831229,10:01:29.524,110.2900,100
36089525006261,10:01:29.525,110.2900,100
36089526148335,10:01:29.526,110.3000,100
36089526150144,10:01:29.526,110.3000,9
36089526172495,10:01:29.526,110.3000,91
36089526172495,10:01:29.526,110.3000,9
36089526173257,10:01:29.526,110.3000,100
36089694936296,10:01:29.694,110.3100,100
36089694936296,10:01:29.694,110.3100,100
36089699232039,10:01:29.699,110.3100,1
36089699255917,10:01:29.699,110.3100,99
36091946389466,10:01:31.946,110.3000,100
36091946389466,10:01:31.946,110.3000,100
36096038042114,10:01:36.038,110.3100,100
36099326828293,10:01:39.326,110.3100,100
36099326828293,10:01:39.326,110.3100,100
36099326828293,10:01:39.326,110.3100,100
36099493259608,10:01:39.493,110.3100,100
36105773066542,10:01:45.773,110.3100,100
36105773066542,10:01:45.773,110.3100,10
36107349078102,10:01:47.349,110.3100,90
36111831426298,10:01:51.831,110.3100,50
36111885017747,10:01:51.885,110.3200,200
36112026304950,10:01:52.026,110.3300,9
36112026304950,10:01:52.026,110.3300,49
36126895818813,10:02:06.895,110.3200,100
36126895843422,10:02:06.895,110.3200,100
36128508022938,10:02:08.508,110.3200,75
36128509422088,10:02:08.509,110.3300,200
36128509422088,10:02:08.509,110.3300,100
36128509422088,10:02:08.509,110.3300,200
36128926638234,10:02:08.926,110.3300,100
36128926638234,10:02:08.926,110.3200,384
36128926670457,10:02:08.926,110.3200,16
36128926670457,10:02:08.926,110.3200,100
36128926670457,10:02:08.926,110.3200,100
36128926670457,10:02:08.926,110.3200,100
36128943064278,10:02:08.943,110.3100,200
36128943416933,10:02:08.943,110.3100,200
36128943444008,10:02:08.943,110.3100,200
36142890203421,10:02:22.890,110.3100,100
36143458495701,10:02:23.458,110.3100,100
36143458495701,10:02:23.458,110.3100,100
36143458749687,10:02:23.458,110.3100,100
36143458749687,10:02:23.458,110.3100,100
36143784284633,10:02:23.784,110.3100,100
36146765173252,10:02:26.765,110.3000,40
36146765200010,10:02:26.765,110.3000,140
36146765201519,10:02:26.765,110.3000,220
36146765201519,10:02:26.765,110.3000,100
36146765811215,10:02:26.765,110.2900,56
36146766207719,10:02:26.766,110.2900,16
36146776788847,10:02:26.776,110.2900,128
36147453562444,10:02:27.453,110.2700,100
36156604449744,10:02:36.604,110.2600,200
36156604567315,10:02:36.604,110.2600,100
36156607132146,10:02:36.607,110.2700,100
36156607185152,10:02:36.607,110.2700,10
36158256730238,10:02:38.256,110.2600,105
36162039878890,10:02:42.039,110.2600,195
36162039878890,10:02:42.039,110.2600,26
36162039878890,10:02:42.039,110.2600,100
36162140696186,10:02:42.140,110.2500,100
36162140696186,10:02:42.140,110.2500,300
36162141268353,10:02:42.141,110.2500,400
36162141268353,10:02:42.141,110.2500,100
36162741022230,10:02:42.741,110.2500,100
36163920935165,10:02:43.920,110.2400,400
36163951175522,10:02:43.951,110.2400,37
36166688204616,10:02:46.688,110.1900,94
36166689394898,10:02:46.689,110.1900,106
36166689394898,10:02:46.689,110.1900,100
36166698025554,10:02:46.698,110.1800,100
36166698367104,10:02:46.698,110.1800,100
36168270960805,10:02:48.270,110.1900,4
36170974528953,10:02:50.974,110.2000,100
36174168820715,10:02:54.168,110.2300,100
36174566421404,10:02:54.566,110.2200,100
36176204219700,10:02:56.204,110.2300,100
36182198079746,10:03:02.198,110.2400,100
36182198079746,10:03:02.198,110.2400,200
36195199206270,10:03:15.199,110.2700,100
36207397258460,10:03:27.397,110.2900,100
36207398354918,10:03:27.398,110.2900,100
36207398354918,10:03:27.398,110.2900,82
36209265813469,10:03:29.265,110.3200,42
36209265813469,10:03:29.265,110.3200,200
36213744607828,10:03:33.744,110.3100,200
36213744607828,10:03:33.744,110.3100,100
36213744626830,10:03:33.744,110.3100,2
36216867509360,10:03:36.867,110.3100,100
36225023733975,10:03:45.023,110.3100,50
36230707447657,10:03:50.707,110.3300,300
36230708170530,10:03:50.708,110.3300,300
36231026316087,10:03:51.026,110.3300,100
36233882025393,10:03:53.882,110.3200,100
36233882025393,10:03:53.882,110.3200,200
36233882148059,10:03:53.882,110.3200,200
36233882170656,10:03:53.882,110.3200,100
36233882935199,10:03:53.882,110.3200,100
36235329504585,10:03:55.329,110.3000,197
36235329530639,10:03:55.329,110.3000,3
36235329937386,10:03:55.329,110.3000,100
36236883766064,10:03:56.883,110.3100,100
36238843093182,10:03:58.843,110.3100,100
36242773936336,10:04:02.773,110.3200,200
36242773936336,10:04:02.773,110.3200,100
36245060016561,10:04:05.060,110.3400,300
36246735471951,10:04:06.735,110.3400,100
36250891204651,10:04:10.891,110.3300,100
36250891204651,10:04:10.891,110.3300,73
36250891281070,10:04:10.891,110.3300,27
36251892203321,10:04:11.892,110.3300,4
36252383300046,10:04:12.383,110.3500,100
36252383300046,10:04:12.383,110.3500,200
36254816073814,10:04:14.816,110.3400,100
36254816073814,10:04:14.816,110.3400,43
36254816134859,10:04:14.816,110.3400,57
36254816134859,10:04:14.816,110.3400,100
36257747003284,10:04:17.747,110.3700,100
36257867983042,10:04:17.867,110.3700,100
36257867983042,10:04:17.867,110.3700,100
36257882076128,10:04:17.882,110.3700,62
36257882119716,10:04:17.882,110.3700,38
36257882119716,10:04:17.882,110.3700,100
36257882491455,10:04:17.882,110.3700,100
36257933072019,10:04:17.933,110.3700,77
36257969614813,10:04:17.969,110.3700,23
36258394703176,10:04:18.394,110.3800,100
36258562968492,10:04:18.562,110.3800,100
36258903069550,10:04:18.903,110.3800,23
36259055067443,10:04:19.055,110.3800,23
36260050932593,10:04:20.050,110.3800,54
36260051280074,10:04:20.051,110.3800,100
36260051370055,10:04:20.051,110.3800,100
36260051439847,10:04:20.051,110.3800,100
36260051467329,10:04:20.051,110.3800,88
36261142552828,10:04:21.142,110.3800,12
36261143072314,10:04:21.143,110.3800,256
36261143119061,10:04:21.143,110.3800,44
36261670475722,10:04:21.670,110.4000,64
36262784822010,10:04:22.784,110.3900,100
36262784822010,10:04:22.784,110.3900,100
36262787068187,10:04:22.787,110.3900,46
36263254729068,10:04:23.254,110.3800,61
36266300621324,10:04:26.300,110.3900,46
36266300683605,10:04:26.300,110.3900,8
36266952444239,10:04:26.952,110.3900,91
36267196020061,10:04:27.196,110.3950,200
36267916564934,10:04:27.916,110.4000,46
36267919007661,10:04:27.919,110.4000,46
36267919336769,10:04:27.919,110.4000,8
36268297014967,10:04:28.297,110.4100,100
36270330533603,10:04:30.330,110.4000,9
36275632293482,10:04:35.632,110.4200,1
36275632324573,10:04:35.632,110.4100,150
36275632503586,10:04:35.632,110.4200,8
36275632503586,10:04:35.632,110.4200,16
36275632526307,10:04:35.632,110.4150,140
36282751153240,10:04:42.751,110.4150,100
36285043844171,10:04:45.043,110.4150,100
36285043844171,10:04:45.043,110.4200,84
36285875640742,10:04:45.875,110.4150,100
36287328723110,10:04:47.328,110.4150,100
36287810374243,10:04:47.810,110.4200,100
36287810490690,10:04:47.810,110.4200,100
36287810516648,10:04:47.810,110.4200,100
36289809508352,10:04:49.809,110.4250,100
36289809623393,10:04:49.809,110.4250,100
36289809967623,10:04:49.809,110.4200,100
36293682553962,10:04:53.682,110.4100,6
36293682672214,10:04:53.682,110.4100,194
36293682672214,10:04:53.682,110.4100,100
36294517377077,10:04:54.517,110.4100,100
36306016475388,10:05:06.016,110.4100,18
36306016514555,10:05:06.016,110.4100,82
36309857957463,10:05:09.857,110.4200,15
36309860608820,10:05:09.860,110.4200,15
36309862754157,10:05:09.862,110.4200,12
36309865962894,10:05:09.865,110.4200,10
36313348647406,10:05:13.348,110.4200,48
36313348647406,10:05:13.348,110.4200,100
36313348647406,10:05:13.348,110.4200,152
36313348678757,10:05:13.348,110.4200,48
36314726180936,10:05:14.726,110.4200,48
36314726180936,10:05:14.726,110.4200,152
36316235175352,10:05:16.235,110.4200,100
36316542758931,10:05:16.542,110.4200,48
36316547609079,10:05:16.547,110.4200,28
36320761382310,10:05:20.761,110.4100,25
36320761668369,10:05:20.761,110.4100,75
36320761668369,10:05:20.761,110.4100,100
36323014412587,10:05:23.014,110.4000,100
36323573144467,10:05:23.573,110.4000,100
36323573287997,10:05:23.573,110.4000,100
36324693225642,10:05:24.693,110.4000,100
36324693225642,10:05:24.693,110.4000,100
36324693661973,10:05:24.693,110.4000,100
36331128044750,10:05:31.128,110.4100,100
36331128071069,10:05:31.128,110.4100,100
36331128071069,10:05:31.128,110.4100,32
36331128071069,10:05:31.128,110.4100,100
36331128071069,10:05:31.128,110.4100,100
36334490740505,10:05:34.490,110.4100,100
36335521708298,10:05:35.521,110.4000,200
36335521708298,10:05:35.521,110.4000,100
36335522673581,10:05:35.522,110.3900,243
36336935480007,10:05:36.935,110.3800,100
36336935480007,10:05:36.935,110.3800,100
36336936812630,10:05:36.936,110.3700,56
36336936829549,10:05:36.936,110.3700,44
36336936829549,10:05:36.936,110.3700,200
36336936829549,10:05:36.936,110.3700,100
36336936829549,10:05:36.936,110.3700,117
36336937620504,10:05:36.937,110.3700,83
36336937713482,10:05:36.937,110.3700,100
36337326224078,10:05:37.326,110.3700,100
36339283198726,10:05:39.283,110.3700,258
36340189861567,10:05:40.189,110.3500,100
36340189861567,10:05:40.189,110.3500,100
36340325543028,10:05:40.325,110.3600,100
36340325665196,10:05:40.325,110.3600,200
36340325665196,10:05:40.325,110.3600,100
36340325811757,10:05:40.325,110.3500,10
36340557961859,10:05:40.557,110.3600,100
36344271404232,10:05:44.271,110.3500,17
36344271472722,10:05:44.271,110.3500,27
36344271520419,10:05:44.271,110.3500,256
36344271520419,10:05:44.271,110.3500,100
36344275023419,10:05:44.275,110.3400,100
36344275023419,10:05:44.275,110.3500,400
36346346236599,10:05:46.346,110.3600,100
36364708566147,10:06:04.708,110.3700,6
36364708631920,10:06:04.708,110.3700,140
36364708653989,10:06:04.708,110.3700,54
36366269729842,10:06:06.269,110.3700,100
36366269783620,10:06:06.269,110.3700,4
36374211722162,10:06:14.211,110.3600,157
36380026539225,10:06:20.026,110.3700,100
36380026539225,10:06:20.026,110.3700,100
36381010546482,10:06:21.010,110.3700,100
36381010546482,10:06:21.010,110.3700,100
36384031857640,10:06:24.031,110.3700,100
36384031857640,10:06:24.031,110.3700,100
36384031857640,10:06:24.031,110.3700,200
36386239022140,10:06:26.239,110.3600,43
36386239022140,10:06:26.239,110.3600,157
36398103744716,10:06:38.103,110.3800,100
36398103744716,10:06:38.103,110.3800,100
36399300762803,10:06:39.300,110.3800,100
36405308907182,10:06:45.308,110.3900,14
36405411074457,10:06:45.411,110.4000,100
36407740031966,10:06:47.740,110.4200,100
36407740031966,10:06:47.740,110.4200,100
36408719993475,10:06:48.719,110.4200,100
36413089897596,10:06:53.089,110.4100,100
36413089931256,10:06:53.089,110.4100,100
36413089957348,10:06:53.089,110.4100,100
36418252712587,10:06:58.252,110.4200,100
36418252712587,10:06:58.252,110.4200,100
36421115006885,10:07:01.115,110.4150,200
36425481073468,10:07:05.481,110.4000,100
36425481073468,10:07:05.481,110.4000,2
36425481073468,10:07:05.481,110.4000,100
36426483071143,10:07:06.483,110.4000,100
36426917328042,10:07:06.917,110.3900,100
36426917328042,10:07:06.917,110.3900,100
36437143930933,10:07:17.143,110.3900,100
36437145144695,10:07:17.145,110.3800,100
36437145144695,10:07:17.145,110.3800,100
36438242938689,10:07:18.242,110.3700,69
36444630001619,10:07:24.630,110.3950,100
36453196855969,10:07:33.196,110.3900,300
36453196905551,10:07:33.196,110.3900,4
36453196934747,10:07:33.196,110.3900,96
36454164110648,10:07:34.164,110.3800,100
36468272972487,10:07:48.272,110.3900,100
36468272972487,10:07:48.272,110.3900,200
36476411487751,10:07:56.411,110.4000,35
36483033321276,10:08:03.033,110.4100,40
36488400753635,10:08:08.400,110.4000,100
36489370206197,10:08:09.370,110.4000,100
36489370206197,10:08:09.370,110.4000,100
36489370236675,10:08:09.370,110.4000,100
36489370236675,10:08:09.370,110.4000,4
36489377287068,10:08:09.377,110.4000,100
36501323122944,10:08:21.323,110.4100,100
36501323241486,10:08:21.323,110.4100,100
36501323331617,10:08:21.323,110.4100,100
36501323410628,10:08:21.323,110.4100,100
36501323431922,10:08:21.323,110.4100,560
36501323431922,10:08:21.323,110.4100,42
36501323459490,10:08:21.323,110.4100,58
36501323459490,10:08:21.323,110.4100,100
36501323459490,10:08:21.323,110.4100,200
36501323459490,10:08:21.323,110.4100,100
36501492431416,10:08:21.492,110.4200,100
36503345398284,10:08:23.345,110.4300,100
36505626054543,10:08:25.626,110.4350,200
36508738801033,10:08:28.738,110.4200,100
36508738801033,10:08:28.738,110.4200,200
36524971733598,10:08:44.971,110.4100,100
36524971733598,10:08:44.971,110.4100,100
36529016929878,10:08:49.016,110.4200,100
36536181355023,10:08:56.181,110.4100,34
36536196417247,10:08:56.196,110.4100,66
36537547932931,10:08:57.547,110.4200,100
36537547932931,10:08:57.547,110.4200,100
36543699816684,10:09:03.699,110.4200,100
36543699816684,10:09:03.699,110.4200,1
36549548088769,10:09:09.548,110.4400,100
36549548316555,10:09:09.548,110.4400,66
36551238713457,10:09:11.238,110.4400,1
36551597801359,10:09:11.597,110.4400,100
36551597825036,10:09:11.597,110.4400,33
36551597825036,10:09:11.597,110.4400,100
36552868942804,10:09:12.868,110.4400,100
36555003400339,10:09:15.003,110.4300,100
36555003400339,10:09:15.003,110.4300,200
36555003400339,10:09:15.003,110.4300,100
36555003499791,10:09:15.003,110.4300,8
36560203596632,10:09:20.203,110.4500,100
36560203596632,10:09:20.203,110.4500,9
36571937397516,10:09:31.937,110.4550,100
36573948634487,10:09:33.948,110.4550,200
36574963004407,10:09:34.963,110.4550,300
36580728439653,10:09:40.728,110.4600,200
36589509293809,10:09:49.509,110.4600,200
36590694351848,10:09:50.694,110.4500,100
36590694351848,10:09:50.694,110.4500,100
36590694351848,10:09:50.694,110.4500,100
36598672994468,10:09:58.672,110.4400,41
36598673022071,10:09:58.673,110.4400,159
36598673022071,10:09:58.673,110.4400,100
36598673032440,10:09:58.673,110.4400,200
36598673065689,10:09:58.673,110.4400,200
36598673079409,10:09:58.673,110.4400,200
36598673084407,10:09:58.673,110.4400,200
36598673136004,10:09:58.673,110.4400,100
36600614212273,10:10:00.614,110.4500,186
36600614553071,10:10:00.614,110.4500,1
36600614570349,10:10:00.614,110.4500,6
36601826074639,10:10:01.826,110.4500,100
36606540820378,10:10:06.540,110.4500,100
36607455820019,10:10:07.455,110.4600,4
36610499287685,10:10:10.499,110.4500,89
36611089942181,10:10:11.089,110.4500,11
36613229701846,10:10:13.229,110.4500,32
36613229728072,10:10:13.229,110.4500,268
36616477660502,10:10:16.477,110.4400,100
36616477660502,10:10:16.477,110.4400,100
36616477660502,10:10:16.477,110.4400,100
36618320770914,10:10:18.320,110.4300,200
36619307721941,10:10:19.307,110.4100,100
36619307721941,10:10:19.307,110.4100,100
36621399276309,10:10:21.399,110.3900,100
36625076920320,10:10:25.076,110.3800,200
36625090363929,10:10:25.090,110.3800,37
36625090363929,10:10:25.090,110.3800,12
36625090363929,10:10:25.090,110.3600,51
36630464543815,10:10:30.464,110.3500,300
36630464543815,10:10:30.464,110.3500,100
36630464543815,10:10:30.464,110.3500,100
36630464630198,10:10:30.464,110.3500,100
36630464828207,10:10:30.464,110.3500,100
36631005947111,10:10:31.005,110.3500,200
36634719531548,10:10:34.719,110.3500,100
36634720403452,10:10:34.720,110.3600,400
36634720403452,10:10:34.720,110.3600,15
36634720999953,10:10:34.720,110.3600,24
36634764928063,10:10:34.764,110.3600,100
36634765038972,10:10:34.765,110.3600,76
36634765038972,10:10:34.765,110.3600,24
36636851757917,10:10:36.851,110.3900,9
36636852496462,10:10:36.852,110.3900,237
36648551781447,10:10:48.551,110.3900,100
36656674002309,10:10:56.674,110.4150,100
36658222001634,10:10:58.222,110.4250,100
36663624172823,10:11:03.624,110.4000,5
36663624172823,10:11:03.624,110.4000,45
36663624204682,10:11:03.624,110.4000,55
36667208608515,10:11:07.208,110.3900,100
36682613254421,10:11:22.613,110.3900,200
36683805514257,10:11:23.805,110.4000,100
36692706004852,10:11:32.706,110.3900,51
36692706034550,10:11:32.706,110.3900,49
36692706034550,10:11:32.706,110.3900,100
36692706271190,10:11:32.706,110.3900,59
36696440034523,10:11:36.440,110.3900,100
36696988278428,10:11:36.988,110.4000,100
36705453776235,10:11:45.453,110.4000,100
36705453776235,10:11:45.453,110.4000,100
36706684002079,10:11:46.684,110.4100,100
36706914996346,10:11:46.914,110.4100,100
36706938350241,10:11:46.938,110.4100,100
36708444301409,10:11:48.444,110.4200,100
36708697219207,10:11:48.697,110.4500,41
36709897204970,10:11:49.897,110.4400,41
36709900834581,10:11:49.900,110.4400,34
36709904332247,10:11:49.904,110.4400,25
36711894381366,10:11:51.894,110.4200,26
36712298028969,10:11:52.298,110.4200,74
36712298028969,10:11:52.298,110.4200,100
36712298028969,10:11:52.298,110.4200,100
36712298444378,10:11:52.298,110.4200,100
36712298444378,10:11:52.298,110.4200,100
36722248324049,10:12:02.248,110.3800,100
36722250720362,10:12:02.250,110.3700,18
36725882249429,10:12:05.882,110.3700,82
36730274062097,10:12:10.274,110.3500,300
36730274158302,10:12:10.274,110.3500,400
36730274158302,10:12:10.274,110.3500,100
36730274246269,10:12:10.274,110.3500,12
36731323345854,10:12:11.323,110.3500,100
36731323345854,10:12:11.323,110.3500,100
36731323345854,10:12:11.323,110.3500,100
36731323345854,10:12:11.323,110.3500,4
36736985927063,10:12:16.985,110.3700,200
36743880608255,10:12:23.880,110.3800,17
36747761906145,10:12:27.761,110.3900,100
36747761931122,10:12:27.761,110.3900,100
36751243464820,10:12:31.243,110.4000,300
36758922123998,10:12:38.922,110.4000,100
36758922201748,10:12:38.922,110.4000,59
36762331130891,10:12:42.331,110.3900,14
36762331198904,10:12:42.331,110.3900,86
36762331198904,10:12:42.331,110.3900,100
36768271320218,10:12:48.271,110.3800,100
36771782837876,10:12:51.782,110.3800,100
36771784065890,10:12:51.784,110.3800,100
36774121213885,10:12:54.121,110.3800,10
36778544136127,10:12:58.544,110.3800,14
36778544841575,10:12:58.544,110.3800,76
36778544841575,10:12:58.544,110.3800,100
36778560411503,10:12:58.560,110.3600,100
36782742158079,10:13:02.742,110.3700,400
36782742158079,10:13:02.742,110.3700,100
36788889749690,10:13:08.889,110.3800,100
36788889749690,10:13:08.889,110.3800,37
36788889749690,10:13:08.889,110.3800,100
36788889749690,10:13:08.889,110.3800,1
36788889749690,10:13:08.889,110.3800,10
36792526781222,10:13:12.526,110.3900,100
36792526781222,10:13:12.526,110.3900,100
36792584736056,10:13:12.584,110.3900,85
36802118579813,10:13:22.118,110.3900,50
36802118579813,10:13:22.118,110.3900,100
36802118585642,10:13:22.118,110.3900,15
36824063931654,10:13:44.063,110.4000,10
36824063931654,10:13:44.063,110.4100,190
36824063959793,10:13:44.063,110.4100,10
36824063959793,10:13:44.063,110.4100,9
36829274379591,10:13:49.274,110.4100,10
36829274379591,10:13:49.274,110.4100,10
36832265615171,10:13:52.265,110.4200,100
36844659837751,10:14:04.659,110.4300,4
36844659837751,10:14:04.659,110.4300,200
36844659837751,10:14:04.659,110.4300,100
36844698222272,10:14:04.698,110.4400,100
36845154414623,10:14:05.154,110.4100,300
36845154414623,10:14:05.154,110.4100,100
36846992271345,10:14:06.992,110.4000,100
36869640003014,10:14:29.640,110.4100,100
36869640003014,10:14:29.640,110.4100,100
36869641312796,10:14:29.641,110.4100,41
36870938012828,10:14:30.938,110.4200,200
36872215014079,10:14:32.215,110.4200,100
36879375460294,10:14:39.375,110.4200,100
36879375744394,10:14:39.375,110.4200,100
36879613636717,10:14:39.613,110.4200,100
36884822124204,10:14:44.822,110.4100,100
36884822124204,10:14:44.822,110.4100,100
36884822124204,10:14:44.822,110.4100,80
36884822220497,10:14:44.822,110.4100,20
36885364455017,10:14:45.364,110.4100,100
36893179026397,10:14:53.179,110.4000,100
36895875855491,10:14:55.875,110.4000,100
36895875855491,10:14:55.875,110.4000,400
36896076868971,10:14:56.076,110.4000,18
36901749836235,10:15:01.749,110.4000,200
36901749836235,10:15:01.749,110.4000,42
36901750273371,10:15:01.750,110.4000,58
36902648566257,10:15:02.648,110.3900,100
36902648566257,10:15:02.648,110.3900,100
36902648566257,10:15:02.648,110.3900,100
36902648566257,10:15:02.648,110.3900,1
36910016332238,10:15:10.016,110.3900,100
36910162710336,10:15:10.162,110.3900,100
36920298132286,10:15:20.298,110.3800,200
36920299165115,10:15:20.299,110.3800,100
36920299296225,10:15:20.299,110.3800,100
36924123500318,10:15:24.123,110.3750,100
36924123680296,10:15:24.123,110.3800,100
36934668875158,10:15:34.668,110.3800,29
36934668875158,10:15:34.668,110.3900,100
36934668875158,10:15:34.668,110.3900,71
36934668907393,10:15:34.668,110.3900,29
36934668907393,10:15:34.668,110.3900,200
36934668907393,10:15:34.668,110.3900,100
36937423910193,10:15:37.423,110.3900,100
36938642866418,10:15:38.642,110.4000,100
36938642866418,10:15:38.642,110.4000,100
36938642928615,10:15:38.642,110.4000,100
36938642928615,10:15:38.642,110.4000,34
36939373634952,10:15:39.373,110.4100,100
36941477192985,10:15:41.477,110.4100,100
36943523481373,10:15:43.523,110.4000,120
36943523505283,10:15:43.523,110.4000,80
36943523863224,10:15:43.523,110.4000,400
36943523863224,10:15:43.523,110.4000,100
36957398248144,10:15:57.398,110.3900,12
36957398403456,10:15:57.398,110.3900,38
36957398447238,10:15:57.398,110.3900,50
36957398447238,10:15:57.398,110.3900,24
36957398820160,10:15:57.398,110.3900,76
36967395032447,10:16:07.395,110.3800,24
36967395445673,10:16:07.395,110.3800,76
36972324150216,10:16:12.324,110.3800,11
36977822726417,10:16:17.822,110.3800,10
36977825166895,10:16:17.825,110.3800,10
36977827275163,10:16:17.827,110.3800,8
36977830752338,10:16:17.830,110.3800,6
36979101443364,10:16:19.101,110.3800,55
36979101443364,10:16:19.101,110.3800,100
36979101443364,10:16:19.101,110.3800,59
36979101443364,10:16:19.101,110.3800,103
36979101819900,10:16:19.101,110.3800,97
36982630259690,10:16:22.630,110.3700,100
36982630259690,10:16:22.630,110.3700,100
36983861824113,10:16:23.861,110.3700,100
36994913117417,10:16:34.913,110.3800,100
37004973475112,10:16:44.973,110.3800,100
37004998979458,10:16:44.998,110.3800,100
37018555931332,10:16:58.555,110.3700,5
37018558501457,10:16:58.558,110.3700,5
37018561610150,10:16:58.561,110.3700,4
37018569000332,10:16:58.569,110.3700,386
37018844588409,10:16:58.844,110.3700,100
37018844588409,10:16:58.844,110.3700,100
37021045241300,10:17:01.045,110.3800,100
37021045270154,10:17:01.045,110.3800,100
37021045270154,10:17:01.045,110.3800,4
37021045270154,10:17:01.045,110.3800,71
37021258770108,10:17:01.258,110.3900,100
37022259954651,10:17:02.259,110.3900,100
37023260920713,10:17:03.260,110.3900,100
37038870778440,10:17:18.870,110.4000,100
37038870807660,10:17:18.870,110.4000,100
37039090853121,10:17:19.090,110.4100,100
37039090853121,10:17:19.090,110.4100,100
37039451231364,10:17:19.451,110.4100,200
37039451329741,10:17:19.451,110.4100,300
37039547933783,10:17:19.547,110.4100,100
37039547933783,10:17:19.547,110.4100,100
37039547982542,10:17:19.547,110.4100,100
37040223923399,10:17:20.223,110.4000,1
37040223963568,10:17:20.223,110.4000,8
37040224003295,10:17:20.224,110.4000,36
37040224079479,10:17:20.224,110.4000,55
37040224079479,10:17:20.224,110.4000,17
37040224272158,10:17:20.224,110.4000,283
37040224272158,10:17:20.224,110.4000,100
37040226449895,10:17:20.226,110.3900,36
37040227751983,10:17:20.227,110.3900,36
37040362356235,10:17:20.362,110.3900,28
37040362356235,10:17:20.362,110.3900,8
37041840707283,10:17:21.840,110.3900,78
37042003013994,10:17:22.003,110.4000,200
37042599557748,10:17:22.599,110.4000,89
37045071311363,10:17:25.071,110.4200,100
37046123727515,10:17:26.123,110.4300,100
37046367510249,10:17:26.367,110.4200,94
37048658224645,10:17:28.658,110.4200,400
37048658224645,10:17:28.658,110.4200,100
37048658224645,10:17:28.658,110.4200,100
37048658224645,10:17:28.658,110.4200,100
37048757559576,10:17:28.757,110.4300,100
37050024583238,10:17:30.024,110.4400,100
37050024583238,10:17:30.024,110.4400,200
37056293947112,10:17:36.293,110.4400,100
37063200326368,10:17:43.200,110.4500,100
37063200326368,10:17:43.200,110.4500,200
37063200326368,10:17:43.200,110.4500,100
37063618356740,10:17:43.618,110.4600,100
37063618356740,10:17:43.618,110.4600,100
37063618386680,10:17:43.618,110.4600,100
37067675099689,10:17:47.675,110.4500,100
37067675099689,10:17:47.675,110.4500,200
37067675099689,10:17:47.675,110.4500,100
37069187137691,10:17:49.187,110.4500,59
37069187137691,10:17:49.187,110.4500,100
37072241110008,10:17:52.241,110.4500,100
37072241218063,10:17:52.241,110.4500,100
37077295889701,10:17:57.295,110.4500,400
37077295889701,10:17:57.295,110.4500,100
37077296001176,10:17:57.296,110.4500,100
37080558390136,10:18:00.558,110.4400,9
37086566777578,10:18:06.566,110.4400,91
37086566777578,10:18:06.566,110.4400,300
37086618320002,10:18:06.618,110.4300,100
37087383738517,10:18:07.383,110.4200,100
37087383738517,10:18:07.383,110.4200,100
37087387159681,10:18:07.387,110.4100,100
37093250588836,10:18:13.250,110.4000,4
37093250792969,10:18:13.250,110.4000,96
37093250792969,10:18:13.250,110.4000,89
37093250824243,10:18:13.250,110.4000,11
37093253068694,10:18:13.253,110.4100,100
37100020795655,10:18:20.020,110.4100,100
37100020795655,10:18:20.020,110.4100,50
37100020825744,10:18:20.020,110.4100,2
37100299567003,10:18:20.299,110.4100,48
37102684204153,10:18:22.684,110.4100,100
37104663278839,10:18:24.663,110.4000,100
37105030798756,10:18:25.030,110.4000,100
37107614810860,10:18:27.614,110.4000,100
37107614810860,10:18:27.614,110.4000,200
37108494244717,10:18:28.494,110.3900,14
37108494244717,10:18:28.494,110.3900,66
37108494264048,10:18:28.494,110.3900,1
37108494267419,10:18:28.494,110.3900,33
37108494267419,10:18:28.494,110.3900,100
37108494267419,10:18:28.494,110.3900,7
37108853437175,10:18:28.853,110.3900,93
37119468137600,10:18:39.468,110.3900,4
37119468137600,10:18:39.468,110.3900,100
37119468137600,10:18:39.468,110.3900,96
37119468167867,10:18:39.468,110.3900,4
37125770990098,10:18:45.770,110.3800,100
37131949807981,10:18:51.949,110.3800,100
37140384151319,10:19:00.384,110.4000,100
37141385120987,10:19:01.385,110.4000,100
37144465960175,10:19:04.465,110.4100,100
37144466304657,10:19:04.466,110.4200,200
37144654258206,10:19:04.654,110.4300,100
37145681209266,10:19:05.681,110.4200,100
37145681209266,10:19:05.681,110.4200,100
37145681209266,10:19:05.681,110.4200,200
37147644823145,10:19:07.644,110.4300,100
37149351687278,10:19:09.351,110.4500,9
37154173859262,10:19:14.173,110.4500,100
37155023313457,10:19:15.023,110.4500,50
37164658677189,10:19:24.658,110.4400,300
37166262080757,10:19:26.262,110.4300,100
37166262080757,10:19:26.262,110.4300,100
37166262107080,10:19:26.262,110.4300,100
37166269969444,10:19:26.269,110.4300,100
37167745652189,10:19:27.745,110.4300,100
37167745652189,10:19:27.745,110.4300,100
37170035181694,10:19:30.035,110.4200,100
37173681134165,10:19:33.681,110.4300,3
37173681360325,10:19:33.681,110.4300,97
37173681360325,10:19:33.681,110.4300,100
37191303250010,10:19:51.303,110.4300,92
37191303346257,10:19:51.303,110.4300,108
37199265425808,10:19:59.265,110.4300,100
37199265425808,10:19:59.265,110.4300,100
37199265425808,10:19:59.265,110.4300,100
37199265889807,10:19:59.265,110.4300,100
37206784410438,10:20:06.784,110.4500,5
37207763894414,10:20:07.763,110.4400,100
37207776237032,10:20:07.776,110.4300,100
37207776331339,10:20:07.776,110.4300,103
37210020144603,10:20:10.020,110.4300,50
37210020247632,10:20:10.020,110.4300,103
37210020572547,10:20:10.020,110.4300,144
37210020572547,10:20:10.020,110.4300,100
37210020572547,10:20:10.020,110.4300,200
37210071800754,10:20:10.071,110.4300,100
37210401970969,10:20:10.401,110.4200,100
37210402021298,10:20:10.402,110.4200,100
37210402021298,10:20:10.402,110.4200,100
37210402021298,10:20:10.402,110.4200,100
37210402056791,10:20:10.402,110.4200,100
37211373672193,10:20:11.373,110.4100,100
37211373672193,10:20:11.373,110.4100,100
37211373947902,10:20:11.373,110.4100,34
37215025546817,10:20:15.025,110.4000,100
37215026416973,10:20:15.026,110.4000,100
37219903897637,10:20:19.903,110.3900,100
37220049154234,10:20:20.049,110.4000,100
37220049154234,10:20:20.049,110.4000,100
37220051762299,10:20:20.051,110.4000,24
37220052039137,10:20:20.052,110.4000,76
37220448463598,10:20:20.448,110.3900,100
37220448463598,10:20:20.448,110.3900,100
37220450743887,10:20:20.450,110.3900,100
37221953109081,10:20:21.953,110.4000,50
37226579600649,10:20:26.579,110.3900,100
37226580130607,10:20:26.580,110.3800,35
37232531648471,10:20:32.531,110.3800,200
37234042485153,10:20:34.042,110.3700,2
37234044837302,10:20:34.044,110.3700,160
37234044875670,10:20:34.044,110.3700,2
37234044914436,10:20:34.044,110.3700,36
37234044914436,10:20:34.044,110.3700,90
37234045018329,10:20:34.045,110.3700,10
37234045066826,10:20:34.045,110.3700,38
37234074707510,10:20:34.074,110.3600,2
37234076333192,10:20:34.076,110.3600,2
37234079381058,10:20:34.079,110.3600,1
37234081001541,10:20:34.081,110.3600,1
37234160886102,10:20:34.160,110.3600,1
37234160929791,10:20:34.160,110.3600,13
37234396934618,10:20:34.396,110.3500,100
37239406792864,10:20:39.406,110.3300,100
37245394246399,10:20:45.394,110.3400,200
37246112463869,10:20:46.112,110.3500,100
37246112487101,10:20:46.112,110.3500,100
37246112487101,10:20:46.112,110.3500,100
37246112652613,10:20:46.112,110.3500,400
37246112652613,10:20:46.112,110.3500,400
37246112679768,10:20:46.112,110.3500,100
37246112679768,10:20:46.112,110.3500,100
37246112679768,10:20:46.112,110.3500,100
37250544411361,10:20:50.544,110.3400,100
37250545927129,10:20:50.545,110.3400,100
37253627352818,10:20:53.627,110.3400,200
37273300810978,10:21:13.300,110.3400,200
37273302329223,10:21:13.302,110.3400,100
37273302329223,10:21:13.302,110.3400,100
37274304909314,10:21:14.304,110.3350,200
37279981107243,10:21:19.981,110.3500,22
37279981430962,10:21:19.981,110.3500,100
37282216815629,10:21:22.216,110.3400,100
37282216976497,10:21:22.216,110.3400,100
37283126313756,10:21:23.126,110.3400,100
37287504920392,10:21:27.504,110.3400,100
37287504920392,10:21:27.504,110.3400,24
37287504920392,10:21:27.504,110.3400,76
37288815943455,10:21:28.815,110.3400,100
37294910089509,10:21:34.910,110.3300,95
37294910109599,10:21:34.910,110.3300,5
37296502302426,10:21:36.502,110.3000,3
37296502302426,10:21:36.502,110.3000,97
37296502346349,10:21:36.502,110.3000,3
37300677043507,10:21:40.677,110.2900,5
37311195327082,10:21:51.195,110.2800,6
37311195327082,10:21:51.195,110.2800,100
37311195327082,10:21:51.195,110.2800,100
37313218629568,10:21:53.218,110.2800,100
37314267113137,10:21:54.267,110.2900,100
37320064079834,10:22:00.064,110.2800,100
37320064079834,10:22:00.064,110.2800,100
37320715841561,10:22:00.715,110.2800,100
37324745418386,10:22:04.745,110.2700,25
37329071461235,10:22:09.071,110.2800,40
