timestamp,time,price,volume
32470032452737,09:01:10.032,50.0000,1
32478453930383,09:01:18.453,50.0000,9
32881485320642,09:08:01.485,50.0600,64
34080114757331,09:28:00.114,49.0000,300
34080115752304,09:28:00.115,49.0000,30
34200926790935,09:30:00.926,0.0000,0
34292415603290,09:31:32.415,47.8400,100
34654405607033,09:37:34.405,47.6000,5
34654405627798,09:37:34.405,47.5900,100
34654406271015,09:37:34.406,47.5900,100
34654406499618,09:37:34.406,47.5900,100
34654539819246,09:37:34.539,47.5600,100
34783797259907,09:39:43.797,47.0800,63
34980212005951,09:43:00.212,47.4000,97
34980212005951,09:43:00.212,47.4000,80
34980212070790,09:43:00.212,47.4100,33
34980212078783,09:43:00.212,47.4100,50
34980212415936,09:43:00.212,47.4100,17
34980212415936,09:43:00.212,47.4100,20
34980212447684,09:43:00.212,47.4100,80
34980212447684,09:43:00.212,47.4100,20
34980212519144,09:43:00.212,47.4100,80
34980212612471,09:43:00.212,47.4000,100
35131344839206,09:45:31.344,47.4000,100
35131592475133,09:45:31.592,47.4000,40
35236080229027,09:47:16.080,47.5000,92
35236080266091,09:47:16.080,47.5000,8
35297499340073,09:48:17.499,47.3100,7
35483154300170,09:51:23.154,47.5000,100
35483155113004,09:51:23.155,47.5000,100
35586688411753,09:53:06.688,47.3900,7
35829824301875,09:57:09.824,47.5000,100
35838966871284,09:57:18.966,47.3800,100
35841352199540,09:57:21.352,47.4100,100
35859562960757,09:57:39.562,47.5700,100
36029229500515,10:00:29.229,47.5600,100
36029229500515,10:00:29.229,47.5900,100
36029229500515,10:00:29.229,47.6000,95
36029229500515,10:00:29.229,47.6000,600
36029229500515,10:00:29.229,47.6000,700
36029229500515,10:00:29.229,47.6000,100
36029229500515,10:00:29.229,47.6000,300
36029229500515,10:00:29.229,47.6000,100
36120985151098,10:02:00.985,47.5200,100
36121005862851,10:02:01.005,47.5800,100
36158807983751,10:02:38.807,47.6200,100
36158807983751,10:02:38.807,47.6200,100
36361690538790,10:06:01.690,47.6400,30
36361690564907,10:06:01.690,47.6400,70
36361690564907,10:06:01.690,47.6400,31
36361693598754,10:06:01.693,47.6650,100
36496685359366,10:08:16.685,47.6800,7
36558548507320,10:09:18.548,47.7550,100
36558548695967,10:09:18.548,47.6800,100
36558550572887,10:09:18.550,47.6700,100
36558550572887,10:09:18.550,47.6700,100
36558551011694,10:09:18.551,47.6700,100
36562711210291,10:09:22.711,47.6500,15
36564908840980,10:09:24.908,47.5600,75
36564908840980,10:09:24.908,47.5500,25
36564908977689,10:09:24.908,47.5500,75
36567604937021,10:09:27.604,47.5500,100
36567604937021,10:09:27.604,47.5600,100
36586664484482,10:09:46.664,47.6300,100
36595926506916,10:09:55.926,47.6400,100
36612110375446,10:10:12.110,47.6800,13
36744303274078,10:12:24.303,47.8000,100
36797024127822,10:13:17.024,47.6900,7
37001003170903,10:16:41.003,47.6800,38
37099614159057,10:18:19.614,47.6000,7
37176814694738,10:19:36.814,47.6300,100
37176814694738,10:19:36.814,47.6400,100
37228573896499,10:20:28.573,47.7400,100
37389232868970,10:23:09.232,47.6900,6
37707999698215,10:28:27.999,47.6600,7
37969356786313,10:32:49.356,47.8100,100
37969358701099,10:32:49.358,47.8300,100
37969359061825,10:32:49.359,47.8300,71
37969359081211,10:32:49.359,47.8300,29
38027969404499,10:33:47.969,47.7700,41
38222737525849,10:37:02.737,47.8500,100
38222739673053,10:37:02.739,47.8900,100
38222746118225,10:37:02.746,47.9100,100
38265334289118,10:37:45.334,47.8500,13
38298113250601,10:38:18.113,47.7900,7
38578990213331,10:42:58.990,47.7800,7
38680787669922,10:44:40.787,47.7800,100
38891565449738,10:48:11.565,47.7600,7
39003371640806,10:50:03.371,47.8300,100
39003371640806,10:50:03.371,47.7600,93
39003371640806,10:50:03.371,47.7600,100
39003374618832,10:50:03.374,47.7600,100
39173167740362,10:52:53.167,47.8000,25
39193161348371,10:53:13.161,47.7600,7
39195867872560,10:53:15.867,47.7600,78
39195867876883,10:53:15.867,47.7500,100
39289707849767,10:54:49.707,47.7000,100
39730169520298,11:02:10.169,47.6600,114
39730169544689,11:02:10.169,47.6600,386
39730172343819,11:02:10.172,47.6700,100
39906074902110,11:05:06.074,47.7500,1
40085304093128,11:08:05.304,47.6300,7
40342709993619,11:12:22.709,47.6500,100
40377094371345,11:12:57.094,47.5900,100
40384577334367,11:13:04.577,47.5500,7
40502325990867,11:15:02.325,47.6150,100
40690221383492,11:18:10.221,47.5500,7
41006332077816,11:23:26.332,47.6100,7
41030373134505,11:23:50.373,47.6200,31
41285905390078,11:28:05.905,47.6700,300
41285905414317,11:28:05.905,47.6700,200
41285906659022,11:28:05.906,47.6900,100
41331510814319,11:28:51.510,47.6700,68
41331510857533,11:28:51.510,47.7350,100
41467398352414,11:31:07.398,47.9500,100
41509498358458,11:31:49.498,48.0600,100
41509711362567,11:31:49.711,48.0300,100
41509711362567,11:31:49.711,48.0300,86
41509712679095,11:31:49.712,48.0000,100
41509712704186,11:31:49.712,48.0000,100
41527708929265,11:32:07.708,48.0000,200
41537591189970,11:32:17.591,48.0500,100
41880227151047,11:38:00.227,48.1200,7
42024941371676,11:40:24.941,48.1400,15
42024942248948,11:40:24.942,48.1400,15
42024942273589,11:40:24.942,48.1700,100
42024942447631,11:40:24.942,48.1400,15
42031274846154,11:40:31.274,48.1450,100
42051851418754,11:40:51.851,48.1300,15
42051851418754,11:40:51.851,48.1300,60
42123602960857,11:42:03.602,48.2200,100
42205545379616,11:43:25.545,48.1900,7
42291949858296,11:44:51.949,48.1900,100
42291950932256,11:44:51.950,48.1500,14
42291950932256,11:44:51.950,48.1500,86
42302057094848,11:45:02.057,48.1300,65
42302058943753,11:45:02.058,48.1300,35
42304503242404,11:45:04.503,48.1300,65
42304503404602,11:45:04.503,48.0900,95
42304503404602,11:45:04.503,48.0900,100
42501533734856,11:48:21.533,48.1300,7
42532095518335,11:48:52.095,48.1200,31
42532095543299,11:48:52.095,48.1200,69
42532095543299,11:48:52.095,48.1200,70
42651157368350,11:50:51.157,48.0000,200
42651157368350,11:50:51.157,48.0000,100
42793494726987,11:53:13.494,47.7600,7
43095483592891,11:58:15.483,47.7700,7
43273664836188,12:01:13.664,47.8600,100
43273667550313,12:01:13.667,47.9000,100
43390223406791,12:03:10.223,47.8500,7
43456385946103,12:04:16.385,47.9800,19
43456385946103,12:04:16.385,47.9800,81
43456453256791,12:04:16.453,47.9700,100
43556094051728,12:05:56.094,47.9450,100
43575265550088,12:06:15.265,47.9100,100
43716244477231,12:08:36.244,47.8800,7
43804072840486,12:10:04.072,47.9300,100
44001166103429,12:13:21.166,47.9600,7
44060146136090,12:14:20.146,48.0100,100
44301750913654,12:18:21.750,48.0900,7
44386661458595,12:19:46.661,48.1700,100
44389037079016,12:19:49.037,48.2100,100
44490788987653,12:21:30.788,48.2500,41
44551656031209,12:22:31.656,48.2600,100
44551664457190,12:22:31.664,48.2800,85
44551664914319,12:22:31.664,48.2800,15
44592522138455,12:23:12.522,48.2500,10
44592522162360,12:23:12.522,48.2500,90
44598091828178,12:23:18.091,48.1300,100
44629666669269,12:23:49.666,48.0000,50
44847749534103,12:27:27.749,48.0400,100
44847749534103,12:27:27.749,48.0400,100
44897804849064,12:28:17.804,47.9900,7
44981172378708,12:29:41.172,48.0500,50
44981172434360,12:29:41.172,48.0500,150
45132099151672,12:32:12.099,48.0600,100
45132099583818,12:32:12.099,48.0500,51
45132099592183,12:32:12.099,48.0500,52
45132099862462,12:32:12.099,48.0500,197
45216931838677,12:33:36.931,47.9700,7
45498360635044,12:38:18.360,47.9900,7
45574639474491,12:39:34.639,47.9900,51
45585248228390,12:39:45.248,47.9800,100
45585248228390,12:39:45.248,47.9800,10
45585249425613,12:39:45.249,47.9600,100
45586151183125,12:39:46.151,47.9700,100
45586151183125,12:39:46.151,48.0000,100
45601157502461,12:40:01.157,48.1100,100
45601158170796,12:40:01.158,48.1100,100
45601169056963,12:40:01.169,48.1500,100
45601169056963,12:40:01.169,48.1800,100
45601658915255,12:40:01.658,48.1900,100
45601658915255,12:40:01.658,48.1900,100
45601658937077,12:40:01.658,48.1900,100
45601658960628,12:40:01.658,48.1900,100
45716592066702,12:41:56.592,48.3000,88
45770275438522,12:42:50.275,48.2700,100
45770810304690,12:42:50.810,48.2500,100
45770810304690,12:42:50.810,48.2500,100
45770810380119,12:42:50.810,48.2400,50
45770810743053,12:42:50.810,48.2400,3
45770810751183,12:42:50.810,48.2400,47
45775604991181,12:42:55.604,48.1900,79
45775605429887,12:42:55.605,48.1900,121
45779160899857,12:42:59.160,48.1700,7
45838139553367,12:43:58.139,48.1700,93
45848999515493,12:44:08.999,48.1000,100
45848999952693,12:44:08.999,48.0900,9
45849001338757,12:44:09.001,48.0900,191
45921409750100,12:45:21.409,48.0600,100
45921409750100,12:45:21.409,48.0900,100
45921410241882,12:45:21.410,48.1000,100
45921410934259,12:45:21.410,48.1300,100
45921661275009,12:45:21.661,48.1500,100
45921912240156,12:45:21.912,48.1500,100
45931931100555,12:45:31.931,48.1600,6
45931931100555,12:45:31.931,48.1800,100
45931932231201,12:45:31.932,48.2200,100
46082249908869,12:48:02.249,48.3400,7
46254291481845,12:50:54.291,48.4200,100
46256841193647,12:50:56.841,48.3800,100
46260007826261,12:51:00.007,48.3400,100
46260007845170,12:51:00.007,48.3400,70
46260009711754,12:51:00.009,48.3100,100
46367037554606,12:52:47.037,48.2800,100
46392117776804,12:53:12.117,48.2000,7
46554950306209,12:55:54.950,48.1800,99
46689646319618,12:58:09.646,48.1400,7
46713270227833,12:58:33.270,48.2700,100
46895142464185,13:01:35.142,48.3400,1
46895142464185,13:01:35.142,48.3500,99
46895142554231,13:01:35.142,48.3500,1
46895142554231,13:01:35.142,48.3500,2
46895142874256,13:01:35.142,48.3700,5
46895142874256,13:01:35.142,48.3700,1
46903344115381,13:01:43.344,48.3200,40
46915119322115,13:01:55.119,48.2600,63
46916477694591,13:01:56.477,48.2600,100
46916477694591,13:01:56.477,48.2600,100
46916479891720,13:01:56.479,48.2400,300
46976146626665,13:02:56.146,48.1800,41
46987600246546,13:03:07.600,48.1800,59
47008353727275,13:03:28.353,48.1300,7
47210936401134,13:06:50.936,48.2800,100
47298387161365,13:08:18.387,48.2500,7
47330233625405,13:08:50.233,48.2500,73
47330233625405,13:08:50.233,48.2300,3
47330233625405,13:08:50.233,48.2300,27
47339345879189,13:08:59.345,48.2200,81
47376803809716,13:09:36.803,48.2700,31
47429257077556,13:10:29.257,48.2700,69
47558716809577,13:12:38.716,48.3600,100
47558716809577,13:12:38.716,48.3700,100
48050666507352,13:20:50.666,48.3400,4
48050666507352,13:20:50.666,48.3400,80
48057633078518,13:20:57.633,48.2650,27
48057679032164,13:20:57.679,48.2650,33
48067749981918,13:21:07.749,48.2550,100
48186440796184,13:23:06.440,48.2000,7
48211305287622,13:23:31.305,48.2600,100
48211305313999,13:23:31.305,48.2600,100
48211305313999,13:23:31.305,48.2600,100
48211308370051,13:23:31.308,48.3200,100
48247390027581,13:24:07.390,48.3200,100
48271216141005,13:24:31.216,48.3400,10
48271216201790,13:24:31.216,48.3500,10
48276376888780,13:24:36.376,48.3600,20
48276376888780,13:24:36.376,48.3700,10
48380261119208,13:26:20.261,48.3900,10
48380261119208,13:26:20.261,48.3900,10
48422273001620,13:27:02.273,48.4000,100
48422273035544,13:27:02.273,48.4000,10
48422273736843,13:27:02.273,48.4100,2
48448244525038,13:27:28.244,48.4200,10
48448247698306,13:27:28.247,48.4300,10
48500733407352,13:28:20.733,48.3500,7
48574840713480,13:29:34.840,48.3300,100
48574842517809,13:29:34.842,48.3000,100
48574842541574,13:29:34.842,48.3000,100
48574842835891,13:29:34.842,48.2900,100
48580256913151,13:29:40.256,48.3700,100
48580256913151,13:29:40.256,48.3800,200
48673164960596,13:31:13.164,48.4400,3
48673164960596,13:31:13.164,48.4400,97
48673165006383,13:31:13.165,48.4400,3
48673166607585,13:31:13.166,48.4600,10
48673166666295,13:31:13.166,48.4700,10
48673167010289,13:31:13.167,48.4800,10
48673168072960,13:31:13.168,48.4900,10
48673170133610,13:31:13.170,48.4900,100
48673192201196,13:31:13.192,48.5000,10
48673192201196,13:31:13.192,48.5000,10
48673192279946,13:31:13.192,48.5100,9
48673192279946,13:31:13.192,48.5100,1
48674241400551,13:31:14.241,48.5200,10
48674241400551,13:31:14.241,48.5200,10
48674241400551,13:31:14.241,48.5200,61
48674242495120,13:31:14.242,48.5300,10
48674243553099,13:31:14.243,48.5400,10
48674244608515,13:31:14.244,48.5500,10
48674245668256,13:31:14.245,48.5700,10
48674580856251,13:31:14.580,48.5800,10
48674581932381,13:31:14.581,48.5900,20
48674582986721,13:31:14.582,48.6000,10
48676898109204,13:31:16.898,48.6200,6
48784447471344,13:33:04.447,48.5700,100
49061395181601,13:37:41.395,48.5400,100
49061395181601,13:37:41.395,48.5400,22
49061395538827,13:37:41.395,48.5300,21
49061395566747,13:37:41.395,48.5300,79
49069341916306,13:37:49.341,48.5800,100
49069341916306,13:37:49.341,48.5800,100
49069341916306,13:37:49.341,48.5800,60
49075976386463,13:37:55.976,48.5900,60
49179264436435,13:39:39.264,48.5700,100
49218238053291,13:40:18.238,48.5500,100
49237148501940,13:40:37.148,48.6200,100
49237148561925,13:40:37.148,48.6200,100
49237149655997,13:40:37.149,48.6300,10
49237149655997,13:40:37.149,48.6300,10
49237154424987,13:40:37.154,48.6400,10
49237154424987,13:40:37.154,48.6400,10
49237154424987,13:40:37.154,48.6500,10
49237154424987,13:40:37.154,48.6500,10
49237154424987,13:40:37.154,48.6500,60
49237154484614,13:40:37.154,48.6500,40
49237163026056,13:40:37.163,48.6700,10
49237163026056,13:40:37.163,48.6900,10
49237173166216,13:40:37.173,48.6600,100
49254193791005,13:40:54.193,48.6700,90
49255593776678,13:40:55.593,48.6200,100
49255595532416,13:40:55.595,48.6100,100
49255601717535,13:40:55.601,48.6200,100
49255601717535,13:40:55.601,48.6300,100
49339264578563,13:42:19.264,48.4900,100
49339264578563,13:42:19.264,48.4800,22
49339264604684,13:42:19.264,48.4800,78
49339264604684,13:42:19.264,48.4800,200
49349287440331,13:42:29.287,48.5800,1000
49349287440331,13:42:29.287,48.5800,100
49349287936624,13:42:29.287,48.6000,100
49349287966528,13:42:29.287,48.6000,100
49458323346807,13:44:18.323,48.5300,100
49505213880102,13:45:05.213,48.6100,100
49505213929332,13:45:05.213,48.6100,100
49530152469771,13:45:30.152,48.6000,3
49530152469771,13:45:30.152,48.6000,97
49530152481459,13:45:30.152,48.6000,3
49530152481459,13:45:30.152,48.6000,100
49662760739953,13:47:42.760,48.5400,98
49688305675367,13:48:08.305,48.5400,2
49838266832011,13:50:38.266,48.5700,100
49838266832011,13:50:38.266,48.5800,31
49838266832011,13:50:38.266,48.5800,100
49838267997518,13:50:38.267,48.6000,100
49838268050545,13:50:38.268,48.6000,100
49895367348826,13:51:35.367,48.5700,100
49895367348826,13:51:35.367,48.5800,100
49944129805469,13:52:24.129,48.5500,100
49944129805469,13:52:24.129,48.5600,100
49944129805469,13:52:24.129,48.5600,100
49944129805469,13:52:24.129,48.5600,100
49944129805469,13:52:24.129,48.5600,100
49944129805469,13:52:24.129,48.5600,100
49992914931535,13:53:12.914,48.4200,7
50113637667035,13:55:13.637,48.4000,4
50194698887203,13:56:34.698,48.3300,25
50408994840679,14:00:08.994,48.3800,100
50408994840679,14:00:08.994,48.3900,50
50408994946589,14:00:08.994,48.3900,50
50408995222331,14:00:08.995,48.3900,100
50409005008113,14:00:09.005,48.3900,100
50409006090862,14:00:09.006,48.3900,68
50464517717290,14:01:04.517,48.4900,100
50680339689588,14:04:40.339,48.5700,2
50686635800200,14:04:46.635,48.6100,7
50686635832267,14:04:46.635,48.6100,13
50700245948269,14:05:00.245,48.6200,10
50704163967092,14:05:04.163,48.6300,10
50704167835647,14:05:04.167,48.6400,100
50778875097606,14:06:18.875,48.6500,10
50778875861694,14:06:18.875,48.6800,90
50886176251366,14:08:06.176,48.6300,7
50886176281238,14:08:06.176,48.6300,93
50886176281238,14:08:06.176,48.6200,100
50886176281238,14:08:06.176,48.6200,7
50886176897958,14:08:06.176,48.6200,93
50886176919300,14:08:06.176,48.6100,10
50886176973083,14:08:06.176,48.6100,50
50886177383005,14:08:06.177,48.6100,40
50887784082829,14:08:07.784,48.5900,100
50887784082829,14:08:07.784,48.5900,100
50889887761607,14:08:09.887,48.5600,100
50889887761607,14:08:09.887,48.5600,96
50889887829566,14:08:09.887,48.5800,100
50889887876933,14:08:09.887,48.5800,15
50889887900874,14:08:09.887,48.5800,85
50889888252291,14:08:09.888,48.5600,15
50889888252291,14:08:09.888,48.5600,85
51136054700180,14:12:16.054,48.5700,82
51136054726109,14:12:16.054,48.5700,18
51182537565024,14:13:02.537,48.5700,100
51182537565024,14:13:02.537,48.5700,1
51275811259553,14:14:35.811,48.6900,10
51275811259980,14:14:35.811,48.6900,10
51372549467563,14:16:12.549,48.7300,100
51404634859390,14:16:44.634,48.6600,100
51406856133288,14:16:46.856,48.6500,100
51406856133288,14:16:46.856,48.6500,100
51406856133288,14:16:46.856,48.6500,1
51406856136811,14:16:46.856,48.6500,100
51471276930728,14:17:51.276,48.7400,9
51471278220429,14:17:51.278,48.7500,100
51471278220429,14:17:51.278,48.7500,200
51471278310185,14:17:51.278,48.7500,100
51471278336916,14:17:51.278,48.7500,100
51471279782022,14:17:51.279,48.7500,200
51471279782022,14:17:51.279,48.7500,100
51543237871318,14:19:03.237,48.7000,100
51543870802419,14:19:03.870,48.6800,100
51543871714049,14:19:03.871,48.6600,100
51543872214462,14:19:03.872,48.6400,25
51544562099851,14:19:04.562,48.6400,75
51793758403917,14:23:13.758,48.6700,100
51793758403917,14:23:13.758,48.6700,76
51793758431420,14:23:13.758,48.6700,24
51960932520150,14:26:00.932,48.6700,4
51960932647579,14:26:00.932,48.6400,37
51960932648142,14:26:00.932,48.6400,31
51960941034212,14:26:00.941,48.6400,200
51960941100705,14:26:00.941,48.6400,32
51972201333450,14:26:12.201,48.6200,10
52081775472897,14:28:01.775,48.5700,7
52209863600092,14:30:09.863,48.5900,100
52370782999502,14:32:50.782,48.5700,91
52370783003036,14:32:50.783,48.5700,26
52370783029328,14:32:50.783,48.5700,28
52370783220012,14:32:50.783,48.5400,100
52378225115866,14:32:58.225,48.5000,100
52378244570980,14:32:58.244,48.5400,100
52378244570980,14:32:58.244,48.5500,100
52383771916202,14:33:03.771,48.5000,95
52384503804024,14:33:04.503,48.5000,5
52389693267360,14:33:09.693,48.5300,2
52410848252938,14:33:30.848,48.5400,7
52564434395267,14:36:04.434,48.6100,1
52564434755174,14:36:04.434,48.5900,100
52689618871617,14:38:09.618,48.5500,7
52821506061662,14:40:21.506,48.5900,200
52821506658919,14:40:21.506,48.6000,100
52821507258181,14:40:21.507,48.6000,100
52821508329942,14:40:21.508,48.6100,100
52822330773035,14:40:22.330,48.6200,100
52895973972980,14:41:35.973,48.5500,4
52982004114851,14:43:02.004,48.5400,4
52982004114851,14:43:02.004,48.5400,3
52999960461457,14:43:19.960,48.5700,100
52999962025930,14:43:19.962,48.5900,100
52999962430170,14:43:19.962,48.6100,100
53000010758462,14:43:20.010,48.6150,100
53004743843115,14:43:24.743,48.6700,100
53004744897895,14:43:24.744,48.6700,100
53004895436636,14:43:24.895,48.7000,1
53004895436636,14:43:24.895,48.7000,1
53004897180522,14:43:24.897,48.7200,1
53004897180522,14:43:24.897,48.7200,1
53032019905722,14:43:52.019,48.7300,1
53032019905722,14:43:52.019,48.7300,1
53032019973483,14:43:52.019,48.7400,1
53032019973483,14:43:52.019,48.7400,1
53032019973483,14:43:52.019,48.7400,98
53032020053520,14:43:52.020,48.7400,2
53032020115693,14:43:52.020,48.7500,2
53090251005237,14:44:50.251,48.7600,1
53090251005237,14:44:50.251,48.7600,1
53090251005237,14:44:50.251,48.7600,3
53090251364441,14:44:50.251,48.7700,2
53090251364441,14:44:50.251,48.7700,98
53090251428006,14:44:50.251,48.7700,2
53090251428006,14:44:50.251,48.7700,3
53097742628612,14:44:57.742,48.7800,1
53097742628612,14:44:57.742,48.7800,1
53097742628612,14:44:57.742,48.7800,8
53097742628612,14:44:57.742,48.7900,1
53097742628612,14:44:57.742,48.7900,4
53156033007397,14:45:56.033,48.8200,31
53218446314845,14:46:58.446,48.8300,1
53218446314845,14:46:58.446,48.8300,4
53218464790113,14:46:58.464,48.8400,1
53218464790113,14:46:58.464,48.8400,4
53524268358774,14:52:04.268,48.8400,100
53538134686151,14:52:18.134,48.8500,100
53555488693956,14:52:35.488,48.8600,100
53555488693956,14:52:35.488,48.8600,100
53555488693956,14:52:35.488,48.8600,5
53557796170514,14:52:37.796,48.8800,5
53557796170514,14:52:37.796,48.8900,1
53557796170514,14:52:37.796,48.8900,1
53557796170514,14:52:37.796,48.8900,3
53557796170514,14:52:37.796,48.8900,5
53571788486553,14:52:51.788,48.9000,1
53571788486553,14:52:51.788,48.9000,4
53571788486553,14:52:51.788,48.9000,15
53596149564246,14:53:16.149,48.9200,1
53596149564246,14:53:16.149,48.9200,3
53596149564246,14:53:16.149,48.9200,6
53596153503490,14:53:16.153,48.9300,10
53607448998958,14:53:27.448,48.9100,100
53608018800636,14:53:28.018,48.9400,5
53802796017456,14:56:42.796,48.9500,2
53802796017456,14:56:42.796,48.9700,2
53802796017456,14:56:42.796,48.9800,2
53802796017456,14:56:42.796,48.9900,53
53802796125933,14:56:42.796,48.9300,100
53804274213788,14:56:44.274,48.9200,100
53879532427755,14:57:59.532,48.8700,7
53879663330415,14:57:59.663,48.9200,100
53879663330415,14:57:59.663,48.9200,100
54088525874754,15:01:28.525,48.8500,100
54088525874754,15:01:28.525,48.8500,42
54088525900226,15:01:28.525,48.8500,58
54088525951615,15:01:28.525,48.8500,58
54088526316385,15:01:28.526,48.8500,42
54088526316385,15:01:28.526,48.8500,4
54088527521555,15:01:28.527,48.8500,96
54088674678153,15:01:28.674,48.8400,100
54088676793735,15:01:28.676,48.8400,100
54088679032098,15:01:28.679,48.8400,100
54199016108842,15:03:19.016,48.8400,7
54206616954231,15:03:26.616,48.8400,101
54236230721663,15:03:56.230,48.8400,154
54236231380667,15:03:56.231,48.8300,54
54236231380667,15:03:56.231,48.8300,100
54236811793074,15:03:56.811,48.8200,5
54236811793074,15:03:56.811,48.8200,95
54238674379544,15:03:58.674,48.8500,10
54238674379544,15:03:58.674,48.8500,43
54238674406122,15:03:58.674,48.8500,57
54238704968134,15:03:58.704,48.8700,100
54238706147752,15:03:58.706,48.8900,100
54243797313688,15:04:03.797,48.9200,100
54247796881799,15:04:07.796,48.9600,100
54303562868704,15:05:03.562,48.9700,1
54327712298379,15:05:27.712,48.9100,100
54327715927015,15:05:27.715,48.9100,54
54327715951811,15:05:27.715,48.9100,46
54327718978477,15:05:27.718,48.9100,100
54327729103115,15:05:27.729,48.9100,100
54327729215917,15:05:27.729,48.9100,27
54327729252173,15:05:27.729,48.9100,50
54361695750540,15:06:01.695,48.9100,4
54394584881180,15:06:34.584,48.9200,2
54394587006703,15:06:34.587,48.9300,100
54428169390166,15:07:08.169,48.9100,10
54510112405780,15:08:30.112,48.9100,7
54566769849473,15:09:26.769,48.8800,45
54567527181385,15:09:27.527,48.8800,55
54637837089933,15:10:37.837,48.8500,100
54640505709159,15:10:40.505,48.8200,100
54640567850677,15:10:40.567,48.8200,100
54640569820492,15:10:40.569,48.8200,5
54710796238485,15:11:50.796,48.7600,100
54716235633265,15:11:56.235,48.7600,100
54723711730220,15:12:03.711,48.7400,100
54742834050630,15:12:22.834,48.7200,100
54742872114653,15:12:22.872,48.7200,100
54742926174659,15:12:22.926,48.7200,100
54744797428696,15:12:24.797,48.7200,100
54745395495220,15:12:25.395,48.7200,100
54788863262249,15:13:08.863,48.7200,7
54809868474344,15:13:29.868,48.7100,100
54809868474344,15:13:29.868,48.7100,69
54809868500343,15:13:29.868,48.7100,31
54836801179606,15:13:56.801,48.7000,100
54907795666199,15:15:07.795,48.7300,100
54930644006821,15:15:30.644,48.6900,100
54933343798240,15:15:33.343,48.7000,100
54933344175237,15:15:33.344,48.7000,100
54933344355790,15:15:33.344,48.7000,100
54933344355790,15:15:33.344,48.7000,100
54951796280578,15:15:51.796,48.7000,5
54951796280578,15:15:51.796,48.7000,95
54994598954141,15:16:34.598,48.6800,10
54994598979171,15:16:34.598,48.6800,190
54994598980893,15:16:34.598,48.6800,100
54994599964014,15:16:34.599,48.6700,100
54995796467721,15:16:35.796,48.6700,100
55052274148861,15:17:32.274,48.6000,100
55091520866497,15:18:11.520,48.5500,7
55120259478901,15:18:40.259,48.5500,100
55134896968052,15:18:54.896,48.5400,100
55139146945103,15:18:59.146,48.5300,100
55167034720649,15:19:27.034,48.5200,100
55167796808572,15:19:27.796,48.5600,100
55167796808572,15:19:27.796,48.5600,5
55202949695967,15:20:02.949,48.6300,5
55202950059015,15:20:02.950,48.6400,10
55204796570789,15:20:04.796,48.6500,5
55204796570789,15:20:04.796,48.6600,95
55204798226549,15:20:04.798,48.6600,5
55213774154893,15:20:13.774,48.6900,5
55232387053381,15:20:32.387,48.6600,100
55232387083504,15:20:32.387,48.6600,100
55232387386392,15:20:32.387,48.6600,95
55232387386392,15:20:32.387,48.6600,5
55232387411629,15:20:32.387,48.6600,95
55242392880966,15:20:42.392,48.6800,73
55242392930718,15:20:42.392,48.6800,27
55242801932949,15:20:42.801,48.7100,10
55242801932949,15:20:42.801,48.7100,100
55245796377880,15:20:45.796,48.7400,5
55288710690262,15:21:28.710,48.7000,100
55288710690262,15:21:28.710,48.7000,69
55288710994544,15:21:28.710,48.7000,100
55288711380663,15:21:28.711,48.7000,31
55347345221826,15:22:27.345,48.7000,100
55347346625874,15:22:27.346,48.7000,5
55381639599681,15:23:01.639,48.6700,7
55390160738685,15:23:10.160,48.6700,19
55464589028219,15:24:24.589,48.7000,100
55464589028219,15:24:24.589,48.7000,100
55464589430091,15:24:24.589,48.7100,100
55467797547850,15:24:27.797,48.7400,5
55534599491626,15:25:34.599,48.7600,100
55534599491626,15:25:34.599,48.7600,100
55534599626364,15:25:34.599,48.7600,100
55647291659224,15:27:27.291,48.7200,100
55681735489447,15:28:01.735,48.7500,100
55681735660318,15:28:01.735,48.7600,95
55681735665057,15:28:01.735,48.7600,5
55684797641527,15:28:04.797,48.7700,100
55742795897516,15:29:02.795,48.8300,2
55770327506181,15:29:30.327,48.7800,100
55797152711416,15:29:57.152,48.7800,1
55797152711416,15:29:57.152,48.7700,99
55797152747074,15:29:57.152,48.7700,1
55819206273675,15:30:19.206,48.7500,100
55819206370470,15:30:19.206,48.7500,100
55835804461469,15:30:35.804,48.7900,5
55835804461469,15:30:35.804,48.7900,95
55835804488636,15:30:35.804,48.7900,5
55877478975586,15:31:17.478,48.7800,11
55889393914506,15:31:29.393,48.7800,89
55889393914506,15:31:29.393,48.7800,100
55889393914506,15:31:29.393,48.7800,45
55892797540970,15:31:32.797,48.8100,1
55892798503922,15:31:32.798,48.8200,100
55892798529334,15:31:32.798,48.8200,100
55897025838364,15:31:37.025,48.8400,2
55923942715848,15:32:03.942,48.8300,55
55987401445836,15:33:07.401,48.8200,100
55987401681093,15:33:07.401,48.8200,4
55987401809593,15:33:07.401,48.8200,96
55987401809593,15:33:07.401,48.8200,4
56003997361546,15:33:23.997,48.8700,2
56004100961049,15:33:24.100,48.8800,2
56004100977473,15:33:24.100,48.8900,2
56004100987988,15:33:24.100,48.9000,2
56004101948868,15:33:24.101,48.8900,100
56015381541954,15:33:35.381,48.9200,5
56017203797592,15:33:37.203,48.9200,100
56017203797592,15:33:37.203,48.9200,100
56017203797592,15:33:37.203,48.9200,50
56017204472808,15:33:37.204,48.9300,5
56020796231526,15:33:40.796,48.9500,1
56020796231526,15:33:40.796,48.9500,6
56025797321650,15:33:45.797,48.9600,1
56027015945251,15:33:47.015,48.9500,95
56027015945251,15:33:47.015,48.9500,2
56027588570694,15:33:47.588,48.9200,100
56027589705893,15:33:47.589,48.9000,100
56035796158554,15:33:55.796,48.9200,100
56035796158554,15:33:55.796,48.9300,100
56061087371755,15:34:21.087,48.8900,155
56061087437828,15:34:21.087,48.8900,45
56061087821677,15:34:21.087,48.8800,100
56061090603408,15:34:21.090,48.8800,9
56061831885335,15:34:21.831,48.8800,100
56061836294169,15:34:21.836,48.8800,50
56064796420271,15:34:24.796,48.9000,100
56073796346639,15:34:33.796,48.9300,100
56076796509689,15:34:36.796,48.9400,100
56163893204508,15:36:03.893,48.9300,100
56164345533158,15:36:04.345,48.9100,100
56173798098887,15:36:13.798,48.8900,100
56173799037684,15:36:13.799,48.8800,100
56173799076687,15:36:13.799,48.8800,100
56174812250888,15:36:14.812,48.8700,100
56175826349842,15:36:15.826,48.8700,100
56175826349842,15:36:15.826,48.8700,100
56175826583949,15:36:15.826,48.8700,75
56197674368211,15:36:37.674,48.8300,204
56197674434463,15:36:37.674,48.8200,37
56197674771433,15:36:37.674,48.8200,13
56197674786005,15:36:37.674,48.8200,37
56197674808722,15:36:37.674,48.8200,9
56197674808722,15:36:37.674,48.8200,41
56197674819282,15:36:37.674,48.8200,59
56197674819282,15:36:37.674,48.8200,41
56199091849184,15:36:39.091,48.8200,100
56201932259448,15:36:41.932,48.8600,100
56201932259448,15:36:41.932,48.8600,5
56204795693092,15:36:44.795,48.9100,70
56232796369791,15:37:12.796,48.9000,70
56233948372571,15:37:13.948,48.9300,4
56234948750552,15:37:14.948,48.9600,100
56234950585095,15:37:14.950,48.9700,100
56235797062188,15:37:15.797,48.9800,2
56235832545050,15:37:15.832,48.9850,100
56237947366721,15:37:17.947,49.0000,300
56237947366721,15:37:17.947,49.0000,1
56237947366721,15:37:17.947,49.0000,1
56237948211776,15:37:17.948,49.0100,2
56239948560837,15:37:19.948,49.0300,2
56240154262375,15:37:20.154,49.0500,2
56244796753760,15:37:24.796,49.0700,2
56244796753760,15:37:24.796,49.0800,2
56247796534291,15:37:27.796,49.1000,2
56247796534291,15:37:27.796,49.1100,2
56247796534291,15:37:27.796,49.1200,2
56276391716549,15:37:56.391,49.0200,100
56276391842318,15:37:56.391,49.0200,100
56359991545112,15:39:19.991,48.9700,100
56359991657904,15:39:19.991,48.9700,100
56359992342219,15:39:19.992,48.9700,100
56360761005476,15:39:20.761,48.9700,100
56371590381259,15:39:31.590,48.9600,100
56371590381259,15:39:31.590,48.9600,100
56371590381259,15:39:31.590,48.9600,100
56371590381259,15:39:31.590,48.9600,100
56377795703425,15:39:37.795,48.9500,100
56467458951391,15:41:07.458,48.8800,41
56467459049279,15:41:07.459,48.8800,59
56467459049279,15:41:07.459,48.8800,41
56472449276040,15:41:12.449,48.8800,59
56472449509886,15:41:12.449,48.8800,59
56490681169547,15:41:30.681,48.8700,100
56490681169547,15:41:30.681,48.8700,60
56490681411989,15:41:30.681,48.8700,100
56490682001175,15:41:30.682,48.8700,18
56589853887710,15:43:09.853,48.8500,92
56589854061419,15:43:09.854,48.8500,8
56589854061419,15:43:09.854,48.8500,100
56589854061419,15:43:09.854,48.8500,92
56612230785462,15:43:32.230,48.8900,200
56612230811938,15:43:32.230,48.8900,300
56612231386475,15:43:32.231,48.9000,33
56612231392512,15:43:32.231,48.9000,50
56612231396922,15:43:32.231,48.9000,17
56646141278710,15:44:06.141,48.8700,100
56646141278710,15:44:06.141,48.8700,100
56646142045006,15:44:06.142,48.8800,100
56646143412022,15:44:06.143,48.8900,20
56646143412022,15:44:06.143,48.8900,100
56652798428898,15:44:12.798,48.9000,100
56690855257195,15:44:50.855,48.9100,100
56690855257195,15:44:50.855,48.9100,100
56690855909309,15:44:50.855,48.9100,1
56690856027498,15:44:50.856,48.9200,100
56690856027498,15:44:50.856,48.9200,200
56691584482802,15:44:51.584,48.9100,17
56691584917780,15:44:51.584,48.9100,79
56691584948706,15:44:51.584,48.9100,4
56691585285632,15:44:51.585,48.9100,49
56691585311840,15:44:51.585,48.9100,51
56695045443216,15:44:55.045,48.9200,100
56695045528662,15:44:55.045,48.9200,17
56695046161557,15:44:55.046,48.9200,83
56696796413358,15:44:56.796,48.9300,100
56698697254971,15:44:58.697,48.9300,100
56699197274134,15:44:59.197,48.9400,100
56699198185988,15:44:59.198,48.9400,100
56700106809201,15:45:00.106,48.9700,4
56704797520095,15:45:04.797,48.9800,100
56707795663292,15:45:07.795,49.0100,100
56708917012255,15:45:08.917,48.9500,100
56722796932439,15:45:22.796,48.9900,197
56727157785653,15:45:27.157,48.9600,45
56727157785653,15:45:27.157,48.9600,20
56727158754863,15:45:27.158,48.9500,100
56730119376216,15:45:30.119,48.9200,100
56732796288070,15:45:32.796,48.9200,3
56732796288070,15:45:32.796,48.9200,97
56740796738012,15:45:40.796,48.9200,3
56740796738012,15:45:40.796,48.9300,97
56744118923315,15:45:44.118,48.9000,100
56744119096942,15:45:44.119,48.9000,100
56744119096942,15:45:44.119,48.9000,100
56756267303192,15:45:56.267,48.9200,9
56756795581220,15:45:56.795,48.9300,100
56756795791941,15:45:56.795,48.9300,100
56770150310082,15:46:10.150,48.9300,200
56782291092837,15:46:22.291,48.9200,100
56800797357722,15:46:40.797,48.9400,3
56816796910059,15:46:56.796,48.9500,100
56830253389363,15:47:10.253,48.9400,165
56830253428301,15:47:10.253,48.9400,35
56830253728589,15:47:10.253,48.9400,100
56837902678934,15:47:17.902,48.9200,42
56837903353754,15:47:17.903,48.9200,58
56837903353754,15:47:17.903,48.9200,42
56839379679222,15:47:19.379,48.9200,3
56840922714566,15:47:20.922,48.9300,100
56853866365796,15:47:33.866,48.9200,76
56871796977248,15:47:51.796,48.9100,100
56871798033696,15:47:51.798,48.9200,100
56871798465298,15:47:51.798,48.9200,10
56871798465298,15:47:51.798,48.9200,100
56918796163009,15:48:38.796,48.9300,3
56927796703333,15:48:47.796,48.9200,100
56930796750250,15:48:50.796,48.9300,100
56932952016816,15:48:52.952,48.9200,100
56932952125606,15:48:52.952,48.9100,100
56932952402986,15:48:52.952,48.9100,100
56933003385744,15:48:53.003,48.9000,100
56933795762379,15:48:53.795,48.9100,100
56933795909991,15:48:53.795,48.9100,100
56956877831351,15:49:16.877,48.9450,100
56956877848805,15:49:16.877,48.9500,21
56956877856883,15:49:16.877,48.9500,60
56956877858689,15:49:16.877,48.9500,19
56956878326119,15:49:16.878,48.9600,81
56957636035477,15:49:17.636,48.9400,100
56957636035477,15:49:17.636,48.9400,100
56969904487584,15:49:29.904,48.9300,100
56969905821801,15:49:29.905,48.9300,42
57009882387172,15:50:09.882,48.9100,100
57010753814172,15:50:10.753,48.8900,200
57010753814172,15:50:10.753,48.8900,100
57010753864179,15:50:10.753,48.8900,100
57010754387789,15:50:10.754,48.8800,29
57010754409201,15:50:10.754,48.8800,71
57012508533878,15:50:12.508,48.8500,100
57015118808303,15:50:15.118,48.8400,50
57015141908546,15:50:15.141,48.8400,50
57020496535110,15:50:20.496,48.8500,100
57020496564120,15:50:20.496,48.8500,100
57075865834040,15:51:15.865,48.8400,4
57075866900402,15:51:15.866,48.8300,100
57075866900402,15:51:15.866,48.8300,100
57075867003462,15:51:15.867,48.8300,100
57087791898500,15:51:27.791,48.8200,46
57087792355032,15:51:27.792,48.8200,48
57087792390860,15:51:27.792,48.8200,6
57087792390860,15:51:27.792,48.8200,61
57087792705873,15:51:27.792,48.8200,39
57087792705873,15:51:27.792,48.8200,42
57091967188968,15:51:31.967,48.8100,100
57091967188968,15:51:31.967,48.8100,100
57120751735204,15:52:00.751,48.8000,1
57133861830148,15:52:13.861,48.7900,10
57133861830148,15:52:13.861,48.7900,100
57133866252462,15:52:13.866,48.7900,28
57160688148615,15:52:40.688,48.7800,100
57160688148615,15:52:40.688,48.7800,100
57160688148615,15:52:40.688,48.7800,100
57160689113095,15:52:40.689,48.7800,100
57180796312448,15:53:00.796,48.7900,100
57180796312448,15:53:00.796,48.7900,15
57180796341278,15:53:00.796,48.7900,85
57180796341278,15:53:00.796,48.7900,200
57180796341278,15:53:00.796,48.7900,100
57180796359281,15:53:00.796,48.7900,94
57180796362540,15:53:00.796,48.7900,126
57180796404940,15:53:00.796,48.7900,100
57180796558197,15:53:00.796,48.7900,100
57180796936889,15:53:00.796,48.7900,100
57180797124598,15:53:00.797,48.7900,80
57193017514566,15:53:13.017,48.7900,100
57193017514566,15:53:13.017,48.7900,9
57193017514566,15:53:13.017,48.7900,100
57193018221919,15:53:13.018,48.7800,100
57193018221919,15:53:13.018,48.7800,100
57193018521196,15:53:13.018,48.7800,100
57193018521196,15:53:13.018,48.7800,100
57193018997403,15:53:13.018,48.7700,94
57193018998693,15:53:13.018,48.7700,6
57193168789549,15:53:13.168,48.7800,100
57204438557165,15:53:24.438,48.7600,20
57213064756453,15:53:33.064,48.7500,4
57217968099182,15:53:37.968,48.7500,100
57217968186637,15:53:37.968,48.7500,100
57217968221534,15:53:37.968,48.7500,100
57293072529741,15:54:53.072,48.7400,100
57293072557695,15:54:53.072,48.7400,100
57293072563803,15:54:53.072,48.7400,92
57293072573514,15:54:53.072,48.7400,8
57293072842428,15:54:53.072,48.7400,46
57293072845666,15:54:53.072,48.7400,54
57293072845666,15:54:53.072,48.7400,46
57293073012570,15:54:53.073,48.7400,54
57293073012570,15:54:53.073,48.7400,46
57293073233196,15:54:53.073,48.7400,54
57293073590611,15:54:53.073,48.7300,100
57296127582904,15:54:56.127,48.7400,100
57296127582904,15:54:56.127,48.7400,100
57296127627128,15:54:56.127,48.7500,48
57296127629157,15:54:56.127,48.7500,50
57296127653288,15:54:56.127,48.7500,2
57296127653288,15:54:56.127,48.7500,48
57296130707758,15:54:56.130,48.7500,52
57296140525833,15:54:56.140,48.7500,24
57298790186570,15:54:58.790,48.7600,100
57298791762419,15:54:58.791,48.7700,100
57300080063128,15:55:00.080,48.7800,22
57300080090379,15:55:00.080,48.7800,78
57309104094237,15:55:09.104,48.8300,3
57310087735248,15:55:10.087,48.8200,100
57352214463141,15:55:52.214,48.8300,6
57352214504320,15:55:52.214,48.8200,50
57352214505579,15:55:52.214,48.8200,2
57352214505579,15:55:52.214,48.8200,94
57352214514244,15:55:52.214,48.8200,6
57352214514244,15:55:52.214,48.8200,100
57400988642938,15:56:40.988,48.8300,6
57400988642938,15:56:40.988,48.8300,17
57400988959938,15:56:40.988,48.8300,83
57400988959938,15:56:40.988,48.8300,17
57405555435531,15:56:45.555,48.8400,73
57405874260462,15:56:45.874,48.8500,100
57405874275985,15:56:45.874,48.8500,100
57420799028574,15:57:00.799,48.8600,100
57421237311806,15:57:01.237,48.8500,100
57421237482565,15:57:01.237,48.8500,100
57427734261899,15:57:07.734,48.8400,100
57431155076611,15:57:11.155,48.8300,100
57431155783138,15:57:11.155,48.8200,15
57431155783138,15:57:11.155,48.8200,10
57437527758746,15:57:17.527,48.8200,100
57437527881081,15:57:17.527,48.8200,100
57437528407620,15:57:17.528,48.8200,100
57437553226856,15:57:17.553,48.8200,79
57439224817486,15:57:19.224,48.8200,58
57440322451777,15:57:20.322,48.8100,100
57440322602150,15:57:20.322,48.8100,100
57440322602150,15:57:20.322,48.8100,100
57440324580991,15:57:20.324,48.8100,3
57440324942436,15:57:20.324,48.8100,7
57440324942436,15:57:20.324,48.8100,10
57442748314399,15:57:22.748,48.8100,60
57452593007917,15:57:32.593,48.8000,200
57452593007917,15:57:32.593,48.8000,6
57452593007917,15:57:32.593,48.8000,100
57452595160512,15:57:32.595,48.7900,100
57452595160512,15:57:32.595,48.7900,100
57471789722026,15:57:51.789,48.7900,16
57479995538090,15:57:59.995,48.7900,50
57479995538090,15:57:59.995,48.8000,100
57479998296003,15:57:59.998,48.8100,4
57479998296003,15:57:59.998,48.8100,96
57491335908601,15:58:11.335,48.7600,100
57491335908601,15:58:11.335,48.7600,100
57491357107883,15:58:11.357,48.7600,100
57491357107883,15:58:11.357,48.7600,100
57495089441146,15:58:15.089,48.7700,16
57500187781855,15:58:20.187,48.7700,100
57500396948057,15:58:20.396,48.7600,200
57500396995014,15:58:20.396,48.7600,100
57512827416694,15:58:32.827,48.7700,100
57512832471459,15:58:32.832,48.7700,54
57512832495666,15:58:32.832,48.7700,46
57512832552135,15:58:32.832,48.7700,50
57512832583947,15:58:32.832,48.7700,50
57515072966260,15:58:35.072,48.7700,100
57534394261286,15:58:54.394,48.7700,100
57534394743031,15:58:54.394,48.7600,100
57534394780885,15:58:54.394,48.7600,100
57534627524593,15:58:54.627,48.7600,100
57534627524593,15:58:54.627,48.7600,13
57542340174006,15:59:02.340,48.7700,100
57542340575128,15:59:02.340,48.7700,100
57545739762858,15:59:05.739,48.7600,100
57545739762858,15:59:05.739,48.7600,347
57555057921355,15:59:15.057,48.7900,50
57570953656570,15:59:30.953,48.8600,100
57590104126721,15:59:50.104,48.7900,35
57597701182400,15:59:57.701,48.7900,9
57600758258654,16:00:00.758,0.0000,0
61102006457236,16:58:22.006,49.9500,10
