timestamp,time,price,volume
33364221432772,09:16:04.221,27.4500,26
33722750510441,09:22:02.750,27.4900,2
34095906769400,09:28:15.906,27.4900,1
34135016992799,09:28:55.016,27.2200,100
34200041285887,09:30:00.041,27.4900,197
34200352217359,09:30:00.352,0.0000,0
34203435413443,09:30:03.435,27.4200,87
34203435413443,09:30:03.435,27.4200,13
34203435858460,09:30:03.435,27.4200,76
34203436202653,09:30:03.436,27.4600,100
34203486408579,09:30:03.486,27.4200,100
34203486408579,09:30:03.486,27.4200,100
34204319710142,09:30:04.319,27.4200,100
34212314538800,09:30:12.314,27.4400,100
34212314583268,09:30:12.314,27.4400,51
34212314911022,09:30:12.314,27.4400,49
34212314911022,09:30:12.314,27.4400,51
34212320429338,09:30:12.320,27.4400,100
34212320562453,09:30:12.320,27.4400,30
34212320562453,09:30:12.320,27.4400,44
34222034499923,09:30:22.034,27.4200,100
34227569688243,09:30:27.569,27.4000,27
34227569688243,09:30:27.569,27.3900,73
34227734392168,09:30:27.734,27.3900,27
34230182394699,09:30:30.182,27.3700,10
34230182485383,09:30:30.182,27.3700,78
34230182503752,09:30:30.182,27.3700,22
34231029654767,09:30:31.029,27.3000,100
34231260407147,09:30:31.260,27.3100,100
34245004807144,09:30:45.004,27.2800,33
34245224173115,09:30:45.224,27.3200,100
34245224207955,09:30:45.224,27.3200,100
34267283433278,09:31:07.283,27.2900,200
34273062017983,09:31:13.062,27.2900,300
34277120638434,09:31:17.120,27.2500,100
34277120691982,09:31:17.120,27.2500,100
34277120861667,09:31:17.120,27.2300,100
34277121463753,09:31:17.121,27.2300,100
34277121558073,09:31:17.121,27.2200,100
34278157682307,09:31:18.157,27.2100,100
34278863839923,09:31:18.863,27.1800,10
34318231672178,09:31:58.231,27.0900,100
34324185659539,09:32:04.185,27.1500,100
34324186521165,09:32:04.186,27.1600,50
34324186527895,09:32:04.186,27.1600,250
34324186667861,09:32:04.186,27.1500,1084
34324186707799,09:32:04.186,27.1500,100
34324186787389,09:32:04.186,27.1500,100
34324186787389,09:32:04.186,27.1500,100
34324186791356,09:32:04.186,27.1500,50
34324186881581,09:32:04.186,27.1500,50
34324187096499,09:32:04.187,27.1500,400
34324187266050,09:32:04.187,27.1600,100
34324187266050,09:32:04.187,27.1700,19
34324187266050,09:32:04.187,27.1700,100
34324187775786,09:32:04.187,27.1700,30
34324187775786,09:32:04.187,27.1700,100
34324362708596,09:32:04.362,27.1700,100
34324369817936,09:32:04.369,27.1700,51
34324385004769,09:32:04.385,27.1800,119
34324474286531,09:32:04.474,27.1800,119
34324816670281,09:32:04.816,27.1800,200
34324816697917,09:32:04.816,27.1800,62
34324919228314,09:32:04.919,27.2000,100
34324920397936,09:32:04.920,27.2000,100
34324920397936,09:32:04.920,27.2000,185
34324920476347,09:32:04.920,27.2000,15
34324920476347,09:32:04.920,27.2000,81
34324923303860,09:32:04.923,27.2000,100
34324923328321,09:32:04.923,27.2000,100
34324923382371,09:32:04.923,27.2100,100
34324927054431,09:32:04.927,27.2200,100
34324934841220,09:32:04.934,27.2200,100
34324934841220,09:32:04.934,27.2200,100
34324934869148,09:32:04.934,27.2200,100
34324934869148,09:32:04.934,27.2200,100
34324934869148,09:32:04.934,27.2200,100
34324956310724,09:32:04.956,27.2300,100
34325456459878,09:32:05.456,27.2500,100
34326226901508,09:32:06.226,27.2500,200
34326226928016,09:32:06.226,27.2500,140
34326226944712,09:32:06.226,27.2500,200
34327012070736,09:32:07.012,27.2800,100
34327012070736,09:32:07.012,27.2800,60
34327035943112,09:32:07.035,27.2900,100
34327036041569,09:32:07.036,27.2900,100
34327036525589,09:32:07.036,27.3000,100
34327036649879,09:32:07.036,27.2900,100
34327043078801,09:32:07.043,27.2900,100
34327053707974,09:32:07.053,27.2900,100
34329050084017,09:32:09.050,27.2800,100
34329050084017,09:32:09.050,27.2800,300
34329050164801,09:32:09.050,27.2700,100
34329050401268,09:32:09.050,27.2600,100
34329050401268,09:32:09.050,27.2600,100
34329050401268,09:32:09.050,27.2600,100
34329050446119,09:32:09.050,27.2500,100
34329050446119,09:32:09.050,27.2500,100
34329050446119,09:32:09.050,27.2500,100
34329050455072,09:32:09.050,27.2400,100
34329074437810,09:32:09.074,27.2200,100
34329075249499,09:32:09.075,27.2200,100
34329075671328,09:32:09.075,27.2100,200
34329149506851,09:32:09.149,27.2100,100
34329149506851,09:32:09.149,27.2100,100
34329149506851,09:32:09.149,27.2100,590
34329149506851,09:32:09.149,27.2200,10
34329154605021,09:32:09.154,27.2200,90
34329154605021,09:32:09.154,27.2200,10
34329157297764,09:32:09.157,27.2200,90
34329157297764,09:32:09.157,27.2300,10
34329158949151,09:32:09.158,27.2300,90
34329174674100,09:32:09.174,27.2600,100
34353052593906,09:32:33.052,27.2500,100
34353052671400,09:32:33.052,27.2400,100
34353055920403,09:32:33.055,27.2600,100
34360220573050,09:32:40.220,27.2400,100
34364267366151,09:32:44.267,27.2900,76
34369123771174,09:32:49.123,27.2700,100
34378383344600,09:32:58.383,27.2900,100
34378384198446,09:32:58.384,27.3100,100
34378419209251,09:32:58.419,27.2900,100
34382678731072,09:33:02.678,27.3100,300
34382679255163,09:33:02.679,27.3100,100
34384014920704,09:33:04.014,27.3400,300
34384015868120,09:33:04.015,27.3400,200
34387036741149,09:33:07.036,27.3700,500
34387041384611,09:33:07.041,27.4000,2
34387041902942,09:33:07.041,27.4000,100
34403403026040,09:33:23.403,27.4100,100
34403403026040,09:33:23.403,27.4100,100
34403403026040,09:33:23.403,27.4100,100
34403403133911,09:33:23.403,27.4200,2
34403417529862,09:33:23.417,27.4200,100
34403417529862,09:33:23.417,27.4200,100
34404444239015,09:33:24.444,27.3500,100
34404489759893,09:33:24.489,27.3300,200
34405030680970,09:33:25.030,27.3000,200
34405227204486,09:33:25.227,27.2900,100
34405227432752,09:33:25.227,27.2900,100
34405227791418,09:33:25.227,27.3000,100
34405227791418,09:33:25.227,27.3000,100
34405484100484,09:33:25.484,27.3000,100
34405484100484,09:33:25.484,27.3000,100
34416836542901,09:33:36.836,27.2700,100
34425026639176,09:33:45.026,27.2500,100
34440105135362,09:34:00.105,27.2600,43
34440138236900,09:34:00.138,27.2600,100
34440138394073,09:34:00.138,27.2600,57
34441050693584,09:34:01.050,27.2600,200
34441051304969,09:34:01.051,27.2600,400
34460023116875,09:34:20.023,27.2200,100
34460023628545,09:34:20.023,27.2000,100
34460023708497,09:34:20.023,27.1900,100
34460023712250,09:34:20.023,27.2200,100
34460023761024,09:34:20.023,27.2200,100
34460023761024,09:34:20.023,27.2200,100
34460720312421,09:34:20.720,27.2400,300
34460720581659,09:34:20.720,27.2400,100
34460720581659,09:34:20.720,27.2400,100
34465024162351,09:34:25.024,27.2200,36
34479041331010,09:34:39.041,27.2600,100
34479041369383,09:34:39.041,27.2600,100
34479041399544,09:34:39.041,27.2900,100
34498886725694,09:34:58.886,27.3500,15
34500052404834,09:35:00.052,27.3300,100
34500102654249,09:35:00.102,27.3300,100
34500283977009,09:35:00.283,27.3300,100
34501148388544,09:35:01.148,27.3300,100
34501148845406,09:35:01.148,27.3400,100
34504015896072,09:35:04.015,27.3500,2
34504206393023,09:35:04.206,27.3300,100
34504206393023,09:35:04.206,27.3300,100
34504206393023,09:35:04.206,27.3300,100
34504206401478,09:35:04.206,27.3200,100
34504206404997,09:35:04.206,27.3200,100
34509891268161,09:35:09.891,27.3000,100
34509891300807,09:35:09.891,27.3000,100
34510024873193,09:35:10.024,27.2800,100
34510024934556,09:35:10.024,27.2800,11
34510325245471,09:35:10.325,27.2800,100
34510325245471,09:35:10.325,27.2800,100
34510325245471,09:35:10.325,27.2800,100
34510325245471,09:35:10.325,27.2800,76
34510325254761,09:35:10.325,27.2800,24
34510325254761,09:35:10.325,27.2800,100
34510325259553,09:35:10.325,27.2800,100
34517901412716,09:35:17.901,27.3000,100
34518049787679,09:35:18.049,27.3100,100
34541062883316,09:35:41.062,27.3100,2
34541062883316,09:35:41.062,27.3100,100
34547648449579,09:35:47.648,27.3400,100
34555027090191,09:35:55.027,27.3200,100
34555028515957,09:35:55.028,27.3100,100
34555029013307,09:35:55.029,27.3000,100
34555030075201,09:35:55.030,27.3000,10
34560024995534,09:36:00.024,27.3000,100
34570982664049,09:36:10.982,27.2800,100
34570982664049,09:36:10.982,27.2800,100
34581820998829,09:36:21.820,27.2300,1
34581936860441,09:36:21.936,27.2500,2
34597416724902,09:36:37.416,27.2500,94
34597419435248,09:36:37.419,27.2700,100
34601018594327,09:36:41.018,27.2700,22
34601018813517,09:36:41.018,27.2600,50
34601018819370,09:36:41.018,27.2600,50
34601018819370,09:36:41.018,27.2600,100
34623022009829,09:37:03.022,27.3400,100
34623022655258,09:37:03.022,27.3400,100
34623022753104,09:37:03.022,27.3600,100
34623022974722,09:37:03.022,27.3700,35
34623022980170,09:37:03.022,27.3700,65
34623023556293,09:37:03.023,27.3500,100
34623023556293,09:37:03.023,27.3500,100
34623023556293,09:37:03.023,27.3500,100
34623023556293,09:37:03.023,27.3500,100
34623023819209,09:37:03.023,27.3500,94
34623023973658,09:37:03.023,27.3500,6
34623023973658,09:37:03.023,27.3500,94
34623024845798,09:37:03.024,27.3400,100
34623024845798,09:37:03.024,27.3400,100
34623024845798,09:37:03.024,27.3400,100
34623025787793,09:37:03.025,27.3400,100
34623027879883,09:37:03.027,27.3400,100
34623027879883,09:37:03.027,27.3400,6
34623027879883,09:37:03.027,27.3400,94
34623027953747,09:37:03.027,27.3400,6
34623027953747,09:37:03.027,27.3400,100
34623027953747,09:37:03.027,27.3400,100
34623027953747,09:37:03.027,27.3400,100
34623027953747,09:37:03.027,27.3400,100
34623027953747,09:37:03.027,27.3400,445
34623158831094,09:37:03.158,27.3400,100
34623158831094,09:37:03.158,27.3400,2
34623161809011,09:37:03.161,27.3300,4
34632991074400,09:37:12.991,27.3200,185
34632991122559,09:37:12.991,27.3200,516
34652192609583,09:37:32.192,27.3350,300
34654424935009,09:37:34.424,27.3350,300
34654425408021,09:37:34.425,27.3350,200
34656180746411,09:37:36.180,27.3200,100
34656180746411,09:37:36.180,27.3200,35
34656180865413,09:37:36.180,27.3300,100
34656180865413,09:37:36.180,27.3300,100
34656180865413,09:37:36.180,27.3300,100
34656180940950,09:37:36.180,27.3300,100
34656180940950,09:37:36.180,27.3300,100
34656180951028,09:37:36.180,27.3300,100
34656180951028,09:37:36.180,27.3300,100
34656181354811,09:37:36.181,27.3200,100
34656181457851,09:37:36.181,27.3200,300
34656182255920,09:37:36.182,27.3300,100
34656184804904,09:37:36.184,27.3200,100
34656191557612,09:37:36.191,27.3200,35
34656672909571,09:37:36.672,27.3100,200
34656672943532,09:37:36.672,27.3100,6
34656674034090,09:37:36.674,27.3000,100
34656674034090,09:37:36.674,27.3000,50
34656674038417,09:37:36.674,27.3000,50
34656674038417,09:37:36.674,27.3000,100
34656675255427,09:37:36.675,27.3000,70
34656675255427,09:37:36.675,27.3000,30
34657902172922,09:37:37.902,27.2900,3
34660025733670,09:37:40.025,27.2700,6
34660025835961,09:37:40.025,27.2800,100
34660025884745,09:37:40.025,27.2800,699
34660026006972,09:37:40.026,27.2900,2
34660026006972,09:37:40.026,27.2900,4
34660028923816,09:37:40.028,27.2900,79
34660034995509,09:37:40.034,27.2900,66
34660789056110,09:37:40.789,27.2800,100
34660789056110,09:37:40.789,27.2800,100
34660789287919,09:37:40.789,27.2800,23
34660789287919,09:37:40.789,27.2800,10
34664355726883,09:37:44.355,27.2700,3
34680728380043,09:38:00.728,27.2700,2
34693962476851,09:38:13.962,27.2900,100
34693964199964,09:38:13.964,27.3000,100
34693979376718,09:38:13.979,27.3000,99
34694191753385,09:38:14.191,27.3000,101
34694191753385,09:38:14.191,27.3100,99
34695179743462,09:38:15.179,27.3000,100
34695179743462,09:38:15.179,27.3000,100
34699584596291,09:38:19.584,27.2900,100
34700026002467,09:38:20.026,27.2800,100
34753979379881,09:39:13.979,27.2900,1
34753979439273,09:39:13.979,27.3000,47
34753979464044,09:39:13.979,27.3000,53
34753979464044,09:39:13.979,27.3000,100
34753979465518,09:39:13.979,27.3000,100
34753979977514,09:39:13.979,27.3200,100
34753979977514,09:39:13.979,27.3200,100
34753996417976,09:39:13.996,27.3200,100
34753996523226,09:39:13.996,27.3200,100
34753996523226,09:39:13.996,27.3200,100
34753997172764,09:39:13.997,27.3200,100
34754102018614,09:39:14.102,27.3200,100
34754104183876,09:39:14.104,27.3100,100
34754375141894,09:39:14.375,27.2900,100
34754648911589,09:39:14.648,27.3000,100
34759150651936,09:39:19.150,27.3000,1
34759151338942,09:39:19.151,27.3000,100
34761297426445,09:39:21.297,27.3100,100
34773401576305,09:39:33.401,27.3200,100
34785501177509,09:39:45.501,27.3300,100
34790948945423,09:39:50.948,27.3100,300
34790948945423,09:39:50.948,27.3100,100
34790950032873,09:39:50.950,27.3000,100
34790952581287,09:39:50.952,27.3000,2
34790952616485,09:39:50.952,27.3000,98
34813603175645,09:40:13.603,27.3200,100
34859609812798,09:40:59.609,27.3400,100
34862582781027,09:41:02.582,27.3600,100
34862582976949,09:41:02.582,27.3600,100
34862583171155,09:41:02.583,27.3500,13
34862583171155,09:41:02.583,27.3500,100
34862583171155,09:41:02.583,27.3500,100
34862583242248,09:41:02.583,27.3500,100
34862583242914,09:41:02.583,27.3500,100
34862583307738,09:41:02.583,27.3500,100
34862583881713,09:41:02.583,27.3500,100
34862603665980,09:41:02.603,27.3500,1
34862603665980,09:41:02.603,27.3500,74
34862901031276,09:41:02.901,27.3500,100
34862901031276,09:41:02.901,27.3500,100
34867602019731,09:41:07.602,27.3500,100
34867602069435,09:41:07.602,27.3500,100
34867602069435,09:41:07.602,27.3500,25
34867602712801,09:41:07.602,27.3500,100
34867602712801,09:41:07.602,27.3500,100
34867650352012,09:41:07.650,27.3500,100
34867650934594,09:41:07.650,27.3500,100
34867731605161,09:41:07.731,27.3700,100
34868190251474,09:41:08.190,27.3700,100
34868204023660,09:41:08.204,27.3800,100
34869732480222,09:41:09.732,27.3900,100
34880674431924,09:41:20.674,27.3900,100
34880674602864,09:41:20.674,27.4000,100
34880674873248,09:41:20.674,27.4000,100
34883181575459,09:41:23.181,27.3900,100
34886927987361,09:41:26.927,27.3900,100
34888800912588,09:41:28.800,27.4000,100
34888801409828,09:41:28.801,27.4000,100
34889192622356,09:41:29.192,27.3900,100
34902897262483,09:41:42.897,27.3900,100
34902897262483,09:41:42.897,27.3900,188
34902897353275,09:41:42.897,27.4000,100
34902897645618,09:41:42.897,27.3900,100
34904643582392,09:41:44.643,27.3800,300
34904643582392,09:41:44.643,27.3800,100
34904672764008,09:41:44.672,27.3700,100
34905025642370,09:41:45.025,27.3700,1
34905036264870,09:41:45.036,27.3700,100
34905036264870,09:41:45.036,27.3700,100
34906084134717,09:41:46.084,27.3800,100
34906084134717,09:41:46.084,27.3800,100
34915026564581,09:41:55.026,27.3600,1
34915026564581,09:41:55.026,27.3600,99
34915026590161,09:41:55.026,27.3600,1
34935774329541,09:42:15.774,27.3400,100
34935774329541,09:42:15.774,27.3400,100
34935774656293,09:42:15.774,27.3400,100
34935774656293,09:42:15.774,27.3400,100
34935774839372,09:42:15.774,27.3400,100
34935774839372,09:42:15.774,27.3400,100
34935775041327,09:42:15.775,27.3300,100
34935775041327,09:42:15.775,27.3300,100
34935776295305,09:42:15.776,27.3300,100
34935776295305,09:42:15.776,27.3300,100
34935825165995,09:42:15.825,27.3300,4
34935855931624,09:42:15.855,27.3300,100
34936302597255,09:42:16.302,27.3300,100
34943610490030,09:42:23.610,27.3200,200
34943610516201,09:42:23.610,27.3200,1
34949418890393,09:42:29.418,27.3200,100
34949418890393,09:42:29.418,27.3200,300
34949421861388,09:42:29.421,27.3300,100
34949422637481,09:42:29.422,27.3300,100
34949423674356,09:42:29.423,27.3100,100
34949423693539,09:42:29.423,27.3100,25
34949423693539,09:42:29.423,27.3100,100
34949635506159,09:42:29.635,27.3000,100
34951485244463,09:42:31.485,27.3000,100
34951487423498,09:42:31.487,27.2900,100
34951492631707,09:42:31.492,27.2700,100
34951496824038,09:42:31.496,27.2700,1
34951968382909,09:42:31.968,27.2900,100
34958061806445,09:42:38.061,27.2800,100
34962667595401,09:42:42.667,27.2900,100
34967135316781,09:42:47.135,27.3000,100
34967135316781,09:42:47.135,27.3000,100
34967135316781,09:42:47.135,27.3000,100
34967970092291,09:42:47.970,27.3200,100
34967970092291,09:42:47.970,27.3200,200
34967970092291,09:42:47.970,27.3200,300
34967970092291,09:42:47.970,27.3200,100
34970736210322,09:42:50.736,27.3000,100
34970737863679,09:42:50.737,27.2900,200
34973759011423,09:42:53.759,27.2800,23
34973765993073,09:42:53.765,27.2700,100
34973765993073,09:42:53.765,27.2700,100
34974176553674,09:42:54.176,27.2800,100
34980055952717,09:43:00.055,27.2600,1
34983122000294,09:43:03.122,27.2300,100
34983122173451,09:43:03.122,27.2200,100
34983857410537,09:43:03.857,27.2100,100
34983857824957,09:43:03.857,27.2000,100
34983858149276,09:43:03.858,27.1900,100
34983858149276,09:43:03.858,27.1900,27
34983858158164,09:43:03.858,27.1900,73
34986099386002,09:43:06.099,27.2100,38
34986099386002,09:43:06.099,27.2100,62
34986099409624,09:43:06.099,27.2100,38
34986109693909,09:43:06.109,27.2000,62
34986109719230,09:43:06.109,27.2000,38
34986110056248,09:43:06.110,27.2000,100
34986110056248,09:43:06.110,27.2000,100
34986110056248,09:43:06.110,27.2000,100
34986530613380,09:43:06.530,27.2200,100
34987736610489,09:43:07.736,27.2200,100
34987738209786,09:43:07.738,27.2200,100
34987786817593,09:43:07.786,27.2100,100
34991478596750,09:43:11.478,27.2100,100
34991478596750,09:43:11.478,27.2100,100
34992265496618,09:43:12.265,27.2300,100
34993021997358,09:43:13.021,27.2200,800
35004880764619,09:43:24.880,27.2400,200
35004908640992,09:43:24.908,27.2300,1
35006114922587,09:43:26.114,27.2300,4
35006114922587,09:43:26.114,27.2300,96
35006115155721,09:43:26.115,27.2300,4
35007076841214,09:43:27.076,27.2200,100
35007087513954,09:43:27.087,27.2200,100
35007170415033,09:43:27.170,27.2400,100
35012305600234,09:43:32.305,27.2400,800
35012356890812,09:43:32.356,27.2400,5
35018249601611,09:43:38.249,27.2300,100
35020021960412,09:43:40.021,27.2100,100
35020164819750,09:43:40.164,27.2200,100
35047808413489,09:44:07.808,27.2100,100
35047810797547,09:44:07.810,27.2100,100
35047813257702,09:44:07.813,27.2100,100
35047813257702,09:44:07.813,27.2100,100
35047827413198,09:44:07.827,27.2100,100
35047912996213,09:44:07.912,27.2100,100
35049041045959,09:44:09.041,27.2000,100
35049043436631,09:44:09.043,27.1900,200
35051483423522,09:44:11.483,27.2000,100
35051483515885,09:44:11.483,27.2000,100
35051483628866,09:44:11.483,27.2000,100
35051568651237,09:44:11.568,27.2000,100
35051568704291,09:44:11.568,27.2000,1
35055290690695,09:44:15.290,27.1800,200
35055750243330,09:44:15.750,27.1900,100
35055851959418,09:44:15.851,27.1900,100
35067868882076,09:44:27.868,27.1700,400
35067972350718,09:44:27.972,27.1700,100
35067974383250,09:44:27.974,27.1700,100
35074230761515,09:44:34.230,27.1800,100
35075468816169,09:44:35.468,27.1800,100
35075468852438,09:44:35.468,27.1800,100
35075468856756,09:44:35.468,27.1700,100
35083709237956,09:44:43.709,27.1700,100
35091604001571,09:44:51.604,27.1900,100
35091614429495,09:44:51.614,27.2100,100
35100325696054,09:45:00.325,27.2300,100
35105143452684,09:45:05.143,27.2500,4
35113854037984,09:45:13.854,27.2500,100
35113854488465,09:45:13.854,27.2500,100
35113854488465,09:45:13.854,27.2500,100
35113855338345,09:45:13.855,27.2500,100
35113904340062,09:45:13.904,27.2500,100
35121997539497,09:45:21.997,27.2600,100
35124100943215,09:45:24.100,27.2600,100
35124100943215,09:45:24.100,27.2600,100
35124127978842,09:45:24.127,27.2600,100
35124127978842,09:45:24.127,27.2600,100
35124364480249,09:45:24.364,27.2700,100
35124364480249,09:45:24.364,27.2700,100
35124369043532,09:45:24.369,27.2800,100
35124369043532,09:45:24.369,27.2800,100
35148713044773,09:45:48.713,27.2700,100
35148713044773,09:45:48.713,27.2700,200
35157779750907,09:45:57.779,27.3100,100
35157779750907,09:45:57.779,27.3100,117
35157779819937,09:45:57.779,27.3100,83
35157779907762,09:45:57.779,27.3100,83
35157779941667,09:45:57.779,27.3100,17
35157788328016,09:45:57.788,27.3300,1
35159122007452,09:45:59.122,27.3200,100
35160871694834,09:46:00.871,27.3300,100
35160872402060,09:46:00.872,27.3300,500
35160872402060,09:46:00.872,27.3300,100
35160893172342,09:46:00.893,27.3400,6
35161551996234,09:46:01.551,27.3300,100
35163079116967,09:46:03.079,27.3300,100
35163552591189,09:46:03.552,27.3300,100
35163552591189,09:46:03.552,27.3300,100
35168017297233,09:46:08.017,27.3300,100
35168017297233,09:46:08.017,27.3300,100
35168101265607,09:46:08.101,27.3400,100
35168144932915,09:46:08.144,27.3500,100
35168144932915,09:46:08.144,27.3500,55
35168355473561,09:46:08.355,27.3600,1
35168355557057,09:46:08.355,27.3600,100
35168385484744,09:46:08.385,27.3600,3
35169583313970,09:46:09.583,27.3500,100
35169583313970,09:46:09.583,27.3500,100
35169753435360,09:46:09.753,27.3500,100
35169753435360,09:46:09.753,27.3500,100
35170019997329,09:46:10.019,27.3500,100
35170019997329,09:46:10.019,27.3500,100
35174972269277,09:46:14.972,27.3800,100
35181073158275,09:46:21.073,27.4000,100
35181213551078,09:46:21.213,27.4100,100
35181213898175,09:46:21.213,27.4100,200
35181663480089,09:46:21.663,27.4100,100
35181663509038,09:46:21.663,27.4100,4
35182908505553,09:46:22.908,27.4100,90
35183556340850,09:46:23.556,27.4100,100
35183556340850,09:46:23.556,27.4100,90
35183856471429,09:46:23.856,27.4100,14
35185674522454,09:46:25.674,27.4200,300
35185674522454,09:46:25.674,27.4200,200
35185840949377,09:46:25.840,27.4200,100
35185858381711,09:46:25.858,27.4200,100
35185858381711,09:46:25.858,27.4200,100
35185858381711,09:46:25.858,27.4200,300
35186688294681,09:46:26.688,27.4300,100
35186941002213,09:46:26.941,27.4300,100
35187833866635,09:46:27.833,27.4200,100
35190438703129,09:46:30.438,27.4200,100
35190438770590,09:46:30.438,27.4200,100
35190448907952,09:46:30.448,27.4200,100
35190448907952,09:46:30.448,27.4200,100
35191448843434,09:46:31.448,27.4100,100
35191450043646,09:46:31.450,27.4000,200
35192035752205,09:46:32.035,27.3900,8
35194026465933,09:46:34.026,27.3700,100
35194026465933,09:46:34.026,27.3700,100
35206222303905,09:46:46.222,27.3600,300
35206222303905,09:46:46.222,27.3600,3
35210342299159,09:46:50.342,27.3600,100
35210342299159,09:46:50.342,27.3600,100
35216385346508,09:46:56.385,27.3800,100
35216385346508,09:46:56.385,27.3800,200
35228026405641,09:47:08.026,27.3900,100
35228026405641,09:47:08.026,27.3900,100
35229044241047,09:47:09.044,27.4100,149
35229044264966,09:47:09.044,27.4100,151
35231866114471,09:47:11.866,27.4300,100
35231883050056,09:47:11.883,27.4300,100
35231883050056,09:47:11.883,27.4300,100
35233176742472,09:47:13.176,27.4300,100
35233176742472,09:47:13.176,27.4300,100
35233204503952,09:47:13.204,27.4300,100
35233226914125,09:47:13.226,27.4300,100
35233226914125,09:47:13.226,27.4300,100
35234810039515,09:47:14.810,27.4200,1
35234810181491,09:47:14.810,27.4200,100
35243788857040,09:47:23.788,27.4100,100
35243789005247,09:47:23.789,27.4100,100
35243789005247,09:47:23.789,27.4100,100
35243789005247,09:47:23.789,27.4200,100
35243789059827,09:47:23.789,27.4200,100
35243789059827,09:47:23.789,27.4200,100
35243789343302,09:47:23.789,27.4200,10
35250132331881,09:47:30.132,27.4200,100
35252563911994,09:47:32.563,27.4300,100
35252564992340,09:47:32.564,27.4300,100
35252564992340,09:47:32.564,27.4300,100
35252571646443,09:47:32.571,27.4300,100
35253443131307,09:47:33.443,27.4300,190
35253463302305,09:47:33.463,27.4400,100
35255826238576,09:47:35.826,27.4600,100
35255840353281,09:47:35.840,27.4600,100
35255840353281,09:47:35.840,27.4600,1
35257038643966,09:47:37.038,27.4500,100
35257038676554,09:47:37.038,27.4400,100
35257038676554,09:47:37.038,27.4400,200
35257038822325,09:47:37.038,27.4500,100
35257038823961,09:47:37.038,27.4500,100
35257038825548,09:47:37.038,27.4500,200
35257039241809,09:47:37.039,27.4500,100
35257039546038,09:47:37.039,27.4500,200
35260054366620,09:47:40.054,27.4600,100
35260442992807,09:47:40.442,27.4600,100
35265666040818,09:47:45.666,27.4600,100
35265666040818,09:47:45.666,27.4600,100
35265754074584,09:47:45.754,27.4600,100
35265754074584,09:47:45.754,27.4600,100
35272389447091,09:47:52.389,27.4600,29
35272389447091,09:47:52.389,27.4600,2
35272785402117,09:47:52.785,27.4600,100
35272785500299,09:47:52.785,27.4600,100
35272862213416,09:47:52.862,27.4600,100
35272862213416,09:47:52.862,27.4600,57
35272862213416,09:47:52.862,27.4600,4
35280604178507,09:48:00.604,27.4500,220
35280604189132,09:48:00.604,27.4500,250
35280604290456,09:48:00.604,27.4500,330
35280604290456,09:48:00.604,27.4500,200
35280616702369,09:48:00.616,27.4600,100
35280658899496,09:48:00.658,27.4700,100
35280658899496,09:48:00.658,27.4700,100
35285722048993,09:48:05.722,27.4600,2
35285723338054,09:48:05.723,27.4600,65
35285723390227,09:48:05.723,27.4600,100
35285723390227,09:48:05.723,27.4600,100
35285723390227,09:48:05.723,27.4600,300
35285723390227,09:48:05.723,27.4600,100
35286888337225,09:48:06.888,27.4600,165
35287311488690,09:48:07.311,27.4600,35
35287311488690,09:48:07.311,27.4600,100
35287311488690,09:48:07.311,27.4600,200
35287313840990,09:48:07.313,27.4600,100
35287317502357,09:48:07.317,27.4600,100
35287399110318,09:48:07.399,27.4600,100
35287593296747,09:48:07.593,27.4500,100
35287593296747,09:48:07.593,27.4500,100
35287599391051,09:48:07.599,27.4500,100
35287599391051,09:48:07.599,27.4500,100
35287599391051,09:48:07.599,27.4500,200
35287599391051,09:48:07.599,27.4500,200
35287886685826,09:48:07.886,27.4500,100
35288865405333,09:48:08.865,27.4500,7
35288865450389,09:48:08.865,27.4500,93
35288865450389,09:48:08.865,27.4500,7
35290027735925,09:48:10.027,27.4400,100
35291612447110,09:48:11.612,27.4500,93
35291612447110,09:48:11.612,27.4500,600
35291718173202,09:48:11.718,27.4600,100
35298843060416,09:48:18.843,27.4300,100
35298843060416,09:48:18.843,27.4300,9
35300526824443,09:48:20.526,27.4200,100
35304271111155,09:48:24.271,27.4200,1
35307686552223,09:48:27.686,27.4100,200
35307686607854,09:48:27.686,27.4000,100
35307686607854,09:48:27.686,27.4000,1
35307686636046,09:48:27.686,27.4000,100
35307686710598,09:48:27.686,27.3900,100
35307687321716,09:48:27.687,27.3900,100
35307687321716,09:48:27.687,27.3900,100
35307690128750,09:48:27.690,27.4000,100
35307690128750,09:48:27.690,27.4000,100
35313681646744,09:48:33.681,27.4000,100
35323389962772,09:48:43.389,27.3900,2
35323389962772,09:48:43.389,27.3900,100
35323389962772,09:48:43.389,27.3900,300
35323390214742,09:48:43.390,27.3900,100
35323390317791,09:48:43.390,27.3900,100
35323390440327,09:48:43.390,27.3900,100
35323390455248,09:48:43.390,27.3900,300
35323390489893,09:48:43.390,27.3900,100
35323390720370,09:48:43.390,27.3900,100
35323390769689,09:48:43.390,27.3900,100
35323391004912,09:48:43.391,27.3900,100
35323391036177,09:48:43.391,27.3900,100
35323423811335,09:48:43.423,27.3900,100
35323423811335,09:48:43.423,27.3900,100
35323424134986,09:48:43.424,27.3800,100
35330634744381,09:48:50.634,27.3800,100
35330845157322,09:48:50.845,27.3600,100
35330845390294,09:48:50.845,27.3600,225
35330845427306,09:48:50.845,27.3600,75
35336030020038,09:48:56.030,27.3700,200
35339780017892,09:48:59.780,27.3800,159
35339780042597,09:48:59.780,27.3800,1
35339780080805,09:48:59.780,27.3800,40
35339780080805,09:48:59.780,27.3800,100
35339780080805,09:48:59.780,27.3800,100
35343782159292,09:49:03.782,27.3900,100
35343782159292,09:49:03.782,27.3900,100
35343823040619,09:49:03.823,27.3900,2
35343823142806,09:49:03.823,27.3900,98
35343823142806,09:49:03.823,27.3900,100
35343823142806,09:49:03.823,27.3900,100
35344447703306,09:49:04.447,27.3900,100
35359647983907,09:49:19.647,27.3900,100
35359647983907,09:49:19.647,27.3900,100
35370740954312,09:49:30.740,27.4100,500
35373932826965,09:49:33.932,27.4300,100
35373932826965,09:49:33.932,27.4300,200
35375395999451,09:49:35.395,27.4300,100
35375426890400,09:49:35.426,27.4300,100
35375437125075,09:49:35.437,27.4400,100
35375902802996,09:49:35.902,27.4500,100
35375908079936,09:49:35.908,27.4500,100
35375908079936,09:49:35.908,27.4500,100
35375908589254,09:49:35.908,27.4500,100
35376595592892,09:49:36.595,27.4300,100
35376595592892,09:49:36.595,27.4300,200
35379948128646,09:49:39.948,27.4300,100
35379948128646,09:49:39.948,27.4300,100
35379948128646,09:49:39.948,27.4300,200
35379948202824,09:49:39.948,27.4300,100
35385969312402,09:49:45.969,27.4400,200
35385969312402,09:49:45.969,27.4400,2
35385975831359,09:49:45.975,27.4300,100
35385975831359,09:49:45.975,27.4300,100
35385976552645,09:49:45.976,27.4400,100
35385976552645,09:49:45.976,27.4400,100
35385976552645,09:49:45.976,27.4400,100
35385976552645,09:49:45.976,27.4400,100
35385976552645,09:49:45.976,27.4400,300
35398382502588,09:49:58.382,27.4100,200
35398382502588,09:49:58.382,27.4100,100
35398382502588,09:49:58.382,27.4100,100
35398389696195,09:49:58.389,27.3900,100
35398389808483,09:49:58.389,27.3900,100
35401906966283,09:50:01.906,27.3900,100
35413877385554,09:50:13.877,27.3700,100
35413879664318,09:50:13.879,27.3800,100
35413879664318,09:50:13.879,27.3800,200
35413879668433,09:50:13.879,27.3800,100
35413896060874,09:50:13.896,27.3900,100
35413896060874,09:50:13.896,27.3900,100
35419485527793,09:50:19.485,27.3900,200
35420116291432,09:50:20.116,27.4000,100
35420410899869,09:50:20.410,27.4000,100
35424511345504,09:50:24.511,27.4100,100
35426119846525,09:50:26.119,27.4200,200
35426119883869,09:50:26.119,27.4200,100
35426119936387,09:50:26.119,27.4200,300
35436375415866,09:50:36.375,27.4500,100
35437392774898,09:50:37.392,27.4500,100
35445024994902,09:50:45.024,27.4500,100
35450480146600,09:50:50.480,27.4500,100
35456164863089,09:50:56.164,27.4600,200
35456516654618,09:50:56.516,27.4600,100
35456516654618,09:50:56.516,27.4600,100
35456516654618,09:50:56.516,27.4600,300
35460267753712,09:51:00.267,27.4700,100
35464294815495,09:51:04.294,27.4700,100
35468455789116,09:51:08.455,27.4800,100
35468455789116,09:51:08.455,27.4800,4
35468455904615,09:51:08.455,27.4800,100
35468456075105,09:51:08.456,27.4800,100
35468456085639,09:51:08.456,27.4800,100
35468456595793,09:51:08.456,27.4700,2
35468456595793,09:51:08.456,27.4700,100
35468465995049,09:51:08.465,27.4700,100
35468465995049,09:51:08.465,27.4700,100
35479390866944,09:51:19.390,27.4700,400
35479390866944,09:51:19.390,27.4700,200
35479391192834,09:51:19.391,27.4700,400
35479391192834,09:51:19.391,27.4700,100
35479394307617,09:51:19.394,27.4700,100
35479397757116,09:51:19.397,27.4700,296
35489974641458,09:51:29.974,27.4700,104
35489974673668,09:51:29.974,27.4700,104
35489974758151,09:51:29.974,27.4700,104
35489974770723,09:51:29.974,27.4700,100
35489974832193,09:51:29.974,27.4700,100
35489974835401,09:51:29.974,27.4700,96
35489974835401,09:51:29.974,27.4700,100
35489975007849,09:51:29.975,27.4700,100
35489975007849,09:51:29.975,27.4700,100
35489976052643,09:51:29.976,27.4700,100
35490849292920,09:51:30.849,27.4700,296
35490849292920,09:51:30.849,27.4700,4
35495021000396,09:51:35.021,27.4600,100
35508404842630,09:51:48.404,27.4400,600
35508404842630,09:51:48.404,27.4400,100
35508563562962,09:51:48.563,27.4300,100
35508563645102,09:51:48.563,27.4300,100
35508907703987,09:51:48.907,27.4400,100
35508907931447,09:51:48.907,27.4400,100
35513127198672,09:51:53.127,27.4300,100
35513127198672,09:51:53.127,27.4300,200
35513127198672,09:51:53.127,27.4300,200
35513525129143,09:51:53.525,27.4300,100
35515006253556,09:51:55.006,27.4200,200
35517948377894,09:51:57.948,27.4300,100
35521393316722,09:52:01.393,27.4200,100
35521393316722,09:52:01.393,27.4200,100
35521393785629,09:52:01.393,27.4200,100
35532400325478,09:52:12.400,27.4300,100
35532403314314,09:52:12.403,27.4400,100
35532403314314,09:52:12.403,27.4400,100
35532403314314,09:52:12.403,27.4400,100
35532510362682,09:52:12.510,27.4500,100
35532510362682,09:52:12.510,27.4500,100
35533276038298,09:52:13.276,27.4500,100
35542393016699,09:52:22.393,27.4200,2
35542393016699,09:52:22.393,27.4200,100
35542393016699,09:52:22.393,27.4200,100
35542393016699,09:52:22.393,27.4200,100
35569694312531,09:52:49.694,27.4300,100
35569694312531,09:52:49.694,27.4300,42
35569694349249,09:52:49.694,27.4300,16
35569694373673,09:52:49.694,27.4300,142
35570399495755,09:52:50.399,27.4300,100
35584631432437,09:53:04.631,27.4400,200
35584631432437,09:53:04.631,27.4400,100
35585009085410,09:53:05.009,27.4500,100
35585009135824,09:53:05.009,27.4500,100
35586211269274,09:53:06.211,27.4500,100
35587032911921,09:53:07.032,27.4500,100
35588243306419,09:53:08.243,27.4500,100
35588758791875,09:53:08.758,27.4500,100
35588758866152,09:53:08.758,27.4600,100
35588758866152,09:53:08.758,27.4600,100
35588763375037,09:53:08.763,27.4700,100
35588786559831,09:53:08.786,27.4700,100
35588787255225,09:53:08.787,27.4600,100
35588787966277,09:53:08.787,27.4600,100
35588787966277,09:53:08.787,27.4600,100
35588788913172,09:53:08.788,27.4700,100
35588788913172,09:53:08.788,27.4700,300
35588810793033,09:53:08.810,27.4600,100
35588810793033,09:53:08.810,27.4600,100
35589067365884,09:53:09.067,27.4600,100
35594172337888,09:53:14.172,27.4700,100
35594569883398,09:53:14.569,27.4800,100
35595049064478,09:53:15.049,27.4800,300
35595049340411,09:53:15.049,27.4800,85
35595049395600,09:53:15.049,27.4800,215
35595049573785,09:53:15.049,27.4800,100
35595049573785,09:53:15.049,27.4800,100
35595049573785,09:53:15.049,27.4800,100
35595049573785,09:53:15.049,27.4800,100
35595049573785,09:53:15.049,27.4800,100
35595050256010,09:53:15.050,27.4800,300
35595050256010,09:53:15.050,27.4800,100
35599306191432,09:53:19.306,27.4900,200
35599306617694,09:53:19.306,27.4900,200
35599347583246,09:53:19.347,27.4900,100
35599348826452,09:53:19.348,27.4900,60
35605976439711,09:53:25.976,27.4900,100
35607083888837,09:53:27.083,27.4900,100
35607827524896,09:53:27.827,27.5000,42
35610368931382,09:53:30.368,27.5000,100
35611051640315,09:53:31.051,27.5000,100
35615205687022,09:53:35.205,27.5100,21
35615205823194,09:53:35.205,27.5100,79
35615205823194,09:53:35.205,27.5100,200
35620924538784,09:53:40.924,27.5100,100
35620924538784,09:53:40.924,27.5100,200
35620924705472,09:53:40.924,27.5100,2
35620933119376,09:53:40.933,27.5100,2
35625987849168,09:53:45.987,27.5100,100
35633236898014,09:53:53.236,27.5200,3
35633840875203,09:53:53.840,27.5200,500
35633840908296,09:53:53.840,27.5200,97
35633840933644,09:53:53.840,27.5200,97
35633841375991,09:53:53.841,27.5200,100
35633855925607,09:53:53.855,27.5200,100
35633855925607,09:53:53.855,27.5200,100
35633855925607,09:53:53.855,27.5200,3
35633864587909,09:53:53.864,27.5200,3
35642510378012,09:54:02.510,27.5300,5
35642510378012,09:54:02.510,27.5300,95
35642510695093,09:54:02.510,27.5300,5
35648064597213,09:54:08.064,27.5300,100
35648065394183,09:54:08.065,27.5300,45
35648072376843,09:54:08.072,27.5300,100
35648072376843,09:54:08.072,27.5300,100
35648072376843,09:54:08.072,27.5300,100
35648072440923,09:54:08.072,27.5300,300
35649293340526,09:54:09.293,27.5400,200
35649293340526,09:54:09.293,27.5400,100
35650024205860,09:54:10.024,27.5400,100
35650024205860,09:54:10.024,27.5400,300
35650024399528,09:54:10.024,27.5400,100
35651484917816,09:54:11.484,27.5400,300
35651487327258,09:54:11.487,27.5400,100
35651715763310,09:54:11.715,27.5500,800
35651715763310,09:54:11.715,27.5500,100
35651715763310,09:54:11.715,27.5500,100
35651729756733,09:54:11.729,27.5500,100
35651729756733,09:54:11.729,27.5500,200
35651733109743,09:54:11.733,27.5500,3
35651733169006,09:54:11.733,27.5500,97
35651733169006,09:54:11.733,27.5500,100
35654971282860,09:54:14.971,27.5600,500
35659106653318,09:54:19.106,27.5800,800
35659107116930,09:54:19.107,27.5800,100
35659121696226,09:54:19.121,27.5800,200
35659121696226,09:54:19.121,27.5800,100
35659132306313,09:54:19.132,27.5800,6
35660622558060,09:54:20.622,27.5800,94
35660622558060,09:54:20.622,27.5800,6
35660623314916,09:54:20.623,27.5800,100
35660623314916,09:54:20.623,27.5800,100
35666351937538,09:54:26.351,27.5800,1
35666351937538,09:54:26.351,27.5800,99
35672146565895,09:54:32.146,27.5900,3
35672146630651,09:54:32.146,27.5900,97
35672146684481,09:54:32.146,27.5900,100
35676769499269,09:54:36.769,27.6000,100
35683662288910,09:54:43.662,27.6000,100
35685882529789,09:54:45.882,27.6000,200
35685882572055,09:54:45.882,27.6000,100
35685882572055,09:54:45.882,27.6000,200
35685882610068,09:54:45.882,27.6000,300
35686610336172,09:54:46.610,27.6000,100
35686610384897,09:54:46.610,27.6000,400
35686610384897,09:54:46.610,27.6000,100
35686610384897,09:54:46.610,27.6000,100
35686610791003,09:54:46.610,27.6000,100
35686611340458,09:54:46.611,27.6000,100
35686614833081,09:54:46.614,27.6000,382
35688107784690,09:54:48.107,27.5900,100
35688107784690,09:54:48.107,27.5900,37
35688107786262,09:54:48.107,27.5900,63
35688107786262,09:54:48.107,27.5900,237
35688107796488,09:54:48.107,27.5900,100
35688107807178,09:54:48.107,27.5900,100
35688107993209,09:54:48.107,27.5900,237
35688107998216,09:54:48.107,27.5900,250
35688108003731,09:54:48.108,27.5900,237
35688108008417,09:54:48.108,27.5900,39
35688108008417,09:54:48.108,27.5900,100
35688108008417,09:54:48.108,27.5900,2
35688108008417,09:54:48.108,27.5900,66
35688108019940,09:54:48.108,27.5900,13
35688299608619,09:54:48.299,27.5800,200
35688299608619,09:54:48.299,27.5800,100
35703260137388,09:55:03.260,27.5700,100
35703260137388,09:55:03.260,27.5700,200
35703260218824,09:55:03.260,27.5700,100
35703260218824,09:55:03.260,27.5700,1
35703260342448,09:55:03.260,27.5700,100
35703269974439,09:55:03.269,27.5600,3
35704548202191,09:55:04.548,27.5600,100
35704548208894,09:55:04.548,27.5600,100
35704548208894,09:55:04.548,27.5700,100
35704548208894,09:55:04.548,27.5700,100
35704548259067,09:55:04.548,27.5600,100
35704548259067,09:55:04.548,27.5600,100
35704548259067,09:55:04.548,27.5500,200
35704548260077,09:55:04.548,27.5500,100
35704548260077,09:55:04.548,27.5500,100
35704548287646,09:55:04.548,27.5600,100
35704548618618,09:55:04.548,27.5600,100
35704548618618,09:55:04.548,27.5600,100
35704548618618,09:55:04.548,27.5600,4
35704548618618,09:55:04.548,27.5600,47
35704548618618,09:55:04.548,27.5600,53
35704548635686,09:55:04.548,27.5600,100
35704548695805,09:55:04.548,27.5600,200
35704548722172,09:55:04.548,27.5600,100
35704548722172,09:55:04.548,27.5600,100
35704559542690,09:55:04.559,27.5600,100
35707055792892,09:55:07.055,27.5400,100
35707055792892,09:55:07.055,27.5400,100
35707055792892,09:55:07.055,27.5400,120
35707055852303,09:55:07.055,27.5400,197
35712270885285,09:55:12.270,27.5400,100
35717702558979,09:55:17.702,27.5200,100
35723593033111,09:55:23.593,27.5500,100
35723593033111,09:55:23.593,27.5500,200
35724888113929,09:55:24.888,27.5500,100
35724888113929,09:55:24.888,27.5500,200
35724888272937,09:55:24.888,27.5500,100
35724896238443,09:55:24.896,27.5500,100
35728953651525,09:55:28.953,27.5600,100
35728953981434,09:55:28.953,27.5600,700
35730019853574,09:55:30.019,27.5600,100
35739662945762,09:55:39.662,27.5700,100
35740023018438,09:55:40.023,27.5700,100
35740023018438,09:55:40.023,27.5700,100
35740023018438,09:55:40.023,27.5700,100
35740023018438,09:55:40.023,27.5700,100
35740023089340,09:55:40.023,27.5700,100
35741468473301,09:55:41.468,27.5700,100
35741757875232,09:55:41.757,27.5700,100
35745730312738,09:55:45.730,27.5700,100
35745760406874,09:55:45.760,27.5700,100
35746263982823,09:55:46.263,27.5700,100
35747437292982,09:55:47.437,27.5700,100
35747437292982,09:55:47.437,27.5700,300
35747437389426,09:55:47.437,27.5700,100
35747437389426,09:55:47.437,27.5700,100
35748706342260,09:55:48.706,27.5700,300
35751079409624,09:55:51.079,27.5600,200
35751079409624,09:55:51.079,27.5600,100
35752703009852,09:55:52.703,27.5500,100
35756781298987,09:55:56.781,27.5300,100
35756781298987,09:55:56.781,27.5300,100
35765072355417,09:56:05.072,27.5100,2
35767545228336,09:56:07.545,27.5000,200
35767546318347,09:56:07.546,27.5000,100
35767546318347,09:56:07.546,27.5000,100
35769088849071,09:56:09.088,27.5100,100
35769088849071,09:56:09.088,27.5100,200
35769592304420,09:56:09.592,27.5200,100
35769893166064,09:56:09.893,27.5200,100
35778054975920,09:56:18.054,27.5100,300
35778054975920,09:56:18.054,27.5100,100
35778055080966,09:56:18.055,27.5100,300
35778055134377,09:56:18.055,27.5100,100
35795382531707,09:56:35.382,27.4900,100
35795382531707,09:56:35.382,27.4900,100
35795382534639,09:56:35.382,27.4900,100
35795382534639,09:56:35.382,27.4900,100
35795382534639,09:56:35.382,27.4900,14
35795385412545,09:56:35.385,27.4800,100
35795411249958,09:56:35.411,27.4900,100
35796459254518,09:56:36.459,27.5000,100
35799012517402,09:56:39.012,27.4900,700
35799012519202,09:56:39.012,27.4900,200
35799013305147,09:56:39.013,27.5000,100
35799013532929,09:56:39.013,27.5000,200
35799513113119,09:56:39.513,27.5100,140
35799513733491,09:56:39.513,27.5100,60
35799525891082,09:56:39.525,27.5200,100
35799536545493,09:56:39.536,27.5200,100
35799536545493,09:56:39.536,27.5200,100
35802266167772,09:56:42.266,27.5200,100
35802266167772,09:56:42.266,27.5200,100
35802266167772,09:56:42.266,27.5200,100
35802266167772,09:56:42.266,27.5200,1500
35802266925527,09:56:42.266,27.5200,100
35802266925527,09:56:42.266,27.5200,100
35805983728967,09:56:45.983,27.5200,100
35805984400307,09:56:45.984,27.5200,100
35818918307509,09:56:58.918,27.5400,100
35826473631566,09:57:06.473,27.5400,100
35826473631566,09:57:06.473,27.5400,100
35828384868486,09:57:08.384,27.5600,100
35829274459431,09:57:09.274,27.5600,100
35830177153254,09:57:10.177,27.5500,100
35830177784715,09:57:10.177,27.5500,100
35830177784715,09:57:10.177,27.5500,200
35835502250291,09:57:15.502,27.5500,100
35836930114712,09:57:16.930,27.5600,100
35839494070595,09:57:19.494,27.5500,100
35839494070595,09:57:19.494,27.5500,100
35839494070595,09:57:19.494,27.5500,100
35839494070595,09:57:19.494,27.5500,500
35839495177332,09:57:19.495,27.5500,100
35842404143133,09:57:22.404,27.5400,100
35842404565531,09:57:22.404,27.5300,100
35848595471714,09:57:28.595,27.5100,2
35848595471714,09:57:28.595,27.5100,73
35853374979714,09:57:33.374,27.5200,11
35856024137144,09:57:36.024,27.5200,200
35856024189719,09:57:36.024,27.5200,389
35856024189719,09:57:36.024,27.5200,100
35858732822789,09:57:38.732,27.5300,400
35863048397387,09:57:43.048,27.5300,100
35863048397387,09:57:43.048,27.5300,400
35863048427958,09:57:43.048,27.5300,100
35863048443887,09:57:43.048,27.5300,100
35863048633144,09:57:43.048,27.5300,100
35863049655451,09:57:43.049,27.5300,100
35863049655451,09:57:43.049,27.5300,100
35871554621322,09:57:51.554,27.5200,300
35877469190588,09:57:57.469,27.5300,100
35888353754113,09:58:08.353,27.5300,100
35888353754113,09:58:08.353,27.5300,200
35889687852132,09:58:09.687,27.5500,200
35889689969131,09:58:09.689,27.5600,200
35889695159193,09:58:09.695,27.5600,100
35890190022878,09:58:10.190,27.5600,100
35890190022878,09:58:10.190,27.5600,100
35893300103276,09:58:13.300,27.5700,100
35893300103276,09:58:13.300,27.5700,200
35893715233545,09:58:13.715,27.5800,600
35893715263358,09:58:13.715,27.5800,1400
35895669525358,09:58:15.669,27.5900,100
35896984534765,09:58:16.984,27.5900,200
35898188360516,09:58:18.188,27.5900,100
35914983443886,09:58:34.983,27.6000,800
35914983443886,09:58:34.983,27.6000,100
35914983443886,09:58:34.983,27.6000,200
35914985051854,09:58:34.985,27.6000,100
35914985051854,09:58:34.985,27.6000,500
35914985771623,09:58:34.985,27.6100,1810
35914985771623,09:58:34.985,27.6100,500
35914985771623,09:58:34.985,27.6100,100
35914986123944,09:58:34.986,27.6100,100
35914986123944,09:58:34.986,27.6100,100
35915001890045,09:58:35.001,27.6100,100
35915001890045,09:58:35.001,27.6100,100
35915001979855,09:58:35.001,27.6100,100
35915002481913,09:58:35.002,27.6100,100
35915020822790,09:58:35.020,27.6100,72
35915029896488,09:58:35.029,27.6100,100
35915543710502,09:58:35.543,27.6100,28
35915543710502,09:58:35.543,27.6100,72
35915555111661,09:58:35.555,27.6100,28
35915555111661,09:58:35.555,27.6100,72
35917102362299,09:58:37.102,27.6000,200
35917102362299,09:58:37.102,27.6000,100
35917102362299,09:58:37.102,27.6000,200
35917207940192,09:58:37.207,27.5900,500
35917207940192,09:58:37.207,27.5900,129
35917207940192,09:58:37.207,27.5900,600
35922115862937,09:58:42.115,27.5900,100
35923133297908,09:58:43.133,27.5800,100
35931667120919,09:58:51.667,27.5700,400
35931667120919,09:58:51.667,27.5700,100
35932101051621,09:58:52.101,27.5600,200
35942143017706,09:59:02.143,27.5600,49
35943883966328,09:59:03.883,27.5600,1000
35943886574605,09:59:03.886,27.5600,600
35943955374992,09:59:03.955,27.5500,200
35944355025686,09:59:04.355,27.5600,100
35953397915761,09:59:13.397,27.5600,500
35953403389799,09:59:13.403,27.5700,200
35967453340762,09:59:27.453,27.5900,100
35967453340762,09:59:27.453,27.5900,200
35969802926877,09:59:29.802,27.5950,100
35969802927354,09:59:29.802,27.5900,100
35969802949133,09:59:29.802,27.5900,100
35969891531732,09:59:29.891,27.5800,2
35970174700524,09:59:30.174,27.5900,100
35970180182455,09:59:30.180,27.5900,100
35972106928740,09:59:32.106,27.5900,100
35974028309011,09:59:34.028,27.5900,200
35982786580484,09:59:42.786,27.5900,4
35990765376919,09:59:50.765,27.5800,98
35990765376919,09:59:50.765,27.5800,100
35990765376919,09:59:50.765,27.5800,100
35990765376919,09:59:50.765,27.5800,1900
35990765376919,09:59:50.765,27.5800,100
35990765376919,09:59:50.765,27.5800,100
35990765446649,09:59:50.765,27.5800,100
35990765446649,09:59:50.765,27.5800,150
35990765453988,09:59:50.765,27.5800,250
35990765461151,09:59:50.765,27.5800,285
35990765473101,09:59:50.765,27.5800,115
35993522722509,09:59:53.522,27.5500,100
35993522722509,09:59:53.522,27.5500,100
35999246689726,09:59:59.246,27.5600,100
35999246689726,09:59:59.246,27.5600,100
35999246921805,09:59:59.246,27.5600,200
36002395495415,10:00:02.395,27.5600,100
36002395495415,10:00:02.395,27.5600,100
36002395495415,10:00:02.395,27.5600,100
36002395495415,10:00:02.395,27.5600,100
36006157339934,10:00:06.157,27.5500,119
36006157380880,10:00:06.157,27.5500,300
36006157410974,10:00:06.157,27.5500,381
36006157410974,10:00:06.157,27.5500,100
36006897001608,10:00:06.897,27.5400,200
36008120493782,10:00:08.120,27.5200,100
36008120493782,10:00:08.120,27.5200,100
36008121053070,10:00:08.121,27.5200,100
36008121053070,10:00:08.121,27.5200,100
36008121053070,10:00:08.121,27.5200,100
36008122333896,10:00:08.122,27.5200,56
36008122349408,10:00:08.122,27.5200,44
36008162298002,10:00:08.162,27.5200,13
36009137079000,10:00:09.137,27.5200,56
36009137079000,10:00:09.137,27.5200,44
36009598661885,10:00:09.598,27.5200,100
36009598661885,10:00:09.598,27.5200,49
36010629420769,10:00:10.629,27.5200,400
36011355959467,10:00:11.355,27.5300,100
36015853704320,10:00:15.853,27.5300,1
36017986523253,10:00:17.986,27.5400,100
36017986771361,10:00:17.986,27.5400,100
36017996998479,10:00:17.996,27.5500,5
36018006936921,10:00:18.006,27.5500,2
36019203313457,10:00:19.203,27.5500,65
36019204676922,10:00:19.204,27.5500,100
36019204676922,10:00:19.204,27.5500,100
36019204777149,10:00:19.204,27.5500,300
36019600810069,10:00:19.600,27.5600,100
36019750099658,10:00:19.750,27.5600,500
36020025340189,10:00:20.025,27.5600,100
36021662142386,10:00:21.662,27.5700,42
36021662168630,10:00:21.662,27.5700,58
36035489867655,10:00:35.489,27.5900,100
36035491401142,10:00:35.491,27.5900,100
36035491401142,10:00:35.491,27.5900,100
36035491413964,10:00:35.491,27.5900,100
36057571510754,10:00:57.571,27.5850,100
36057571510754,10:00:57.571,27.5800,100
36057571510754,10:00:57.571,27.5800,100
36057571510754,10:00:57.571,27.5800,100
36057571510754,10:00:57.571,27.5800,100
36057571510754,10:00:57.571,27.5800,100
36057571541527,10:00:57.571,27.5800,100
36057571541527,10:00:57.571,27.5800,200
36079323129603,10:01:19.323,27.5800,100
36079323129603,10:01:19.323,27.5800,200
36079323129603,10:01:19.323,27.5800,200
36079323129603,10:01:19.323,27.5800,100
36079323129603,10:01:19.323,27.5800,200
36079323129603,10:01:19.323,27.5800,100
36079323559590,10:01:19.323,27.5900,200
36079323559590,10:01:19.323,27.5900,100
36080049485947,10:01:20.049,27.5900,100
36087934018603,10:01:27.934,27.5950,200
36087934018603,10:01:27.934,27.5900,100
36087934049280,10:01:27.934,27.5900,100
36087934049280,10:01:27.934,27.5900,100
36101526991663,10:01:41.526,27.5900,100
36101526991663,10:01:41.526,27.5900,100
36101526991663,10:01:41.526,27.5900,100
36101526991663,10:01:41.526,27.5900,100
36108273898618,10:01:48.273,27.5900,100
36108273898618,10:01:48.273,27.5900,100
36108273898618,10:01:48.273,27.5900,100
36108274006014,10:01:48.274,27.5900,100
36108274033485,10:01:48.274,27.5900,100
36108275043647,10:01:48.275,27.5900,100
36108275066925,10:01:48.275,27.5900,100
36109040160796,10:01:49.040,27.5900,82
36109040185267,10:01:49.040,27.5900,18
36113112906348,10:01:53.112,27.5950,100
36113112906348,10:01:53.112,27.5900,100
36113112906348,10:01:53.112,27.5900,100
36115028718493,10:01:55.028,27.5900,100
36128554814968,10:02:08.554,27.5900,200
36128554814968,10:02:08.554,27.5900,100
36128554814968,10:02:08.554,27.5900,70
36130022990237,10:02:10.022,27.5900,100
36130023322393,10:02:10.023,27.5900,100
36130023322393,10:02:10.023,27.5900,100
36131056291665,10:02:11.056,27.5900,100
36145025152882,10:02:25.025,27.5950,100
36145025152882,10:02:25.025,27.5900,100
36145025180506,10:02:25.025,27.5900,100
36145025180506,10:02:25.025,27.5900,100
36145025180506,10:02:25.025,27.5900,1200
36145025483201,10:02:25.025,27.5900,100
36147430414207,10:02:27.430,27.5850,100
36147430414207,10:02:27.430,27.5800,100
36147430534467,10:02:27.430,27.5800,200
36147430534467,10:02:27.430,27.5800,100
36147430534467,10:02:27.430,27.5800,200
36147430534467,10:02:27.430,27.5800,100
36156875365340,10:02:36.875,27.5800,100
36156875365340,10:02:36.875,27.5800,100
36156875365340,10:02:36.875,27.5800,100
36156875365340,10:02:36.875,27.5800,100
36156875365340,10:02:36.875,27.5800,100
36156875365340,10:02:36.875,27.5800,100
36160584843241,10:02:40.584,27.5800,100
36160590505530,10:02:40.590,27.5800,3
36160607975188,10:02:40.607,27.5800,97
36160607975188,10:02:40.607,27.5800,3
36166686901737,10:02:46.686,27.5700,100
36166686901737,10:02:46.686,27.5700,84
36166686968035,10:02:46.686,27.5700,16
36166686968035,10:02:46.686,27.5700,234
36166687003407,10:02:46.687,27.5700,77
36166687468603,10:02:46.687,27.5700,89
36166687468603,10:02:46.687,27.5700,100
36166687468603,10:02:46.687,27.5700,111
36166687638772,10:02:46.687,27.5700,89
36166693903633,10:02:46.693,27.5600,100
36166695257563,10:02:46.695,27.5600,100
36166699034862,10:02:46.699,27.5600,100
36166700561505,10:02:46.700,27.5600,100
36166707742294,10:02:46.707,27.5600,100
36166711022778,10:02:46.711,27.5600,100
36166711981734,10:02:46.711,27.5600,100
36166727894181,10:02:46.727,27.5600,200
36166729845926,10:02:46.729,27.5600,200
36167142877514,10:02:47.142,27.5600,36
36170048498839,10:02:50.048,27.5600,100
36170048533794,10:02:50.048,27.5600,100
36173641106505,10:02:53.641,27.5600,100
36173641106505,10:02:53.641,27.5600,100
36173641106505,10:02:53.641,27.5600,200
36173641106505,10:02:53.641,27.5600,100
36173644051164,10:02:53.644,27.5700,100
36173652241029,10:02:53.652,27.5700,100
36173652241029,10:02:53.652,27.5700,100
36178003210215,10:02:58.003,27.5750,100
36178003210215,10:02:58.003,27.5700,100
36178003237020,10:02:58.003,27.5700,100
36181901249962,10:03:01.901,27.5700,100
36186557090625,10:03:06.557,27.5900,100
36192387712089,10:03:12.387,27.5850,100
36192388310089,10:03:12.388,27.5850,100
36192388354437,10:03:12.388,27.5800,100
36193268930219,10:03:13.268,27.5800,100
36193282752691,10:03:13.282,27.5800,100
36193282752691,10:03:13.282,27.5800,38
36195752010139,10:03:15.752,27.5800,100
36195752688202,10:03:15.752,27.5800,36
36196191177199,10:03:16.191,27.5800,100
36208013800903,10:03:28.013,27.5850,5
36217829910344,10:03:37.829,27.5900,100
36217829910344,10:03:37.829,27.5900,100
36217829910344,10:03:37.829,27.5900,200
36217881160116,10:03:37.881,27.5900,100
36217881162202,10:03:37.881,27.5900,100
36217949212697,10:03:37.949,27.5900,100
36217949212697,10:03:37.949,27.5900,40
36217949212697,10:03:37.949,27.5900,100
36217965525581,10:03:37.965,27.5900,100
36217965525581,10:03:37.965,27.5900,100
36217965525581,10:03:37.965,27.5900,36
36220373999322,10:03:40.373,27.5900,100
36237038130478,10:03:57.038,27.5900,100
36237038583181,10:03:57.038,27.5900,100
36237038583181,10:03:57.038,27.5900,100
36237038583181,10:03:57.038,27.5900,100
36237055779890,10:03:57.055,27.5850,100
36237055779890,10:03:57.055,27.5800,100
36237055779890,10:03:57.055,27.5800,100
36237055779890,10:03:57.055,27.5800,100
36237055779890,10:03:57.055,27.5800,83
36237055779890,10:03:57.055,27.5800,300
36237055892969,10:03:57.055,27.5800,100
36237069860489,10:03:57.069,27.5800,100
36237069860489,10:03:57.069,27.5800,39
36237437866994,10:03:57.437,27.5900,100
36253094951384,10:04:13.094,27.5850,100
36253094951384,10:04:13.094,27.5850,99
36253094951384,10:04:13.094,27.5800,100
36253094951384,10:04:13.094,27.5800,1
36253094999154,10:04:13.094,27.5800,99
36253094999154,10:04:13.094,27.5800,100
36253097359310,10:04:13.097,27.5800,400
36253097359310,10:04:13.097,27.5800,36
36253097359310,10:04:13.097,27.5800,100
36253300939610,10:04:13.300,27.5800,100
36253300969575,10:04:13.300,27.5800,137
36264280995267,10:04:24.280,27.5900,100
36264280995267,10:04:24.280,27.5900,100
36264280995267,10:04:24.280,27.5900,70
36264280995267,10:04:24.280,27.5900,100
36264280995267,10:04:24.280,27.5900,200
36268759808262,10:04:28.759,27.6000,100
36268759808262,10:04:28.759,27.6000,200
36268759808262,10:04:28.759,27.6000,300
36268759808262,10:04:28.759,27.6000,100
36268759808262,10:04:28.759,27.6000,4
36268759825871,10:04:28.759,27.6000,96
36268759825871,10:04:28.759,27.6000,164
36268759833832,10:04:28.759,27.6000,136
36268759833832,10:04:28.759,27.6000,164
36268759873498,10:04:28.759,27.6000,36
36268759873498,10:04:28.759,27.6000,42
36268759883675,10:04:28.759,27.6000,58
36268759883675,10:04:28.759,27.6000,3
36268759883675,10:04:28.759,27.6000,239
36268759907888,10:04:28.759,27.6000,261
36268759907888,10:04:28.759,27.6000,300
36268759907888,10:04:28.759,27.6000,100
36268759907888,10:04:28.759,27.6000,100
36268759907888,10:04:28.759,27.6000,100
36268760025966,10:04:28.760,27.6000,49
36268760043650,10:04:28.760,27.6000,272
36268760052823,10:04:28.760,27.6000,100
36268760123396,10:04:28.760,27.6000,79
36268760123396,10:04:28.760,27.6000,100
36268760123396,10:04:28.760,27.6000,100
36268760307424,10:04:28.760,27.6000,500
36268760396424,10:04:28.760,27.6000,100
36268760987040,10:04:28.760,27.6000,367
36268761770247,10:04:28.761,27.6100,100
36268761770247,10:04:28.761,27.6100,100
36268761770247,10:04:28.761,27.6100,100
36268762692394,10:04:28.762,27.6100,100
36268762692394,10:04:28.762,27.6100,100
36268762692394,10:04:28.762,27.6100,40
36268762692394,10:04:28.762,27.6100,100
36268762861457,10:04:28.762,27.6100,100
36268763313301,10:04:28.763,27.6100,100
36268763471335,10:04:28.763,27.6100,100
36268763613695,10:04:28.763,27.6100,100
36268764477648,10:04:28.764,27.6100,100
36268766590802,10:04:28.766,27.6200,100
36268766590802,10:04:28.766,27.6200,100
36268781793785,10:04:28.781,27.6200,100
36268793430728,10:04:28.793,27.6200,100
36268805194570,10:04:28.805,27.6300,100
36268805194570,10:04:28.805,27.6300,100
36268805194570,10:04:28.805,27.6300,100
36268815566419,10:04:28.815,27.6300,40
36268848818596,10:04:28.848,27.6300,200
36268849486339,10:04:28.849,27.6300,40
36268914285917,10:04:28.914,27.6300,60
36268914285917,10:04:28.914,27.6300,100
36268914285917,10:04:28.914,27.6300,100
36268914285917,10:04:28.914,27.6300,100
36269037602569,10:04:29.037,27.6300,200
36269037602569,10:04:29.037,27.6300,37
36273037052004,10:04:33.037,27.6250,300
36273037052004,10:04:33.037,27.6200,100
36273037052004,10:04:33.037,27.6200,100
36275730278066,10:04:35.730,27.6300,100
36275730648283,10:04:35.730,27.6300,300
36275730648283,10:04:35.730,27.6300,100
36275730648283,10:04:35.730,27.6300,100
36275730648283,10:04:35.730,27.6300,100
36275730648283,10:04:35.730,27.6300,100
36275730769171,10:04:35.730,27.6300,100
36275731858453,10:04:35.731,27.6300,100
36276639022512,10:04:36.639,27.6250,400
36284030987975,10:04:44.030,27.6250,100
36284030987975,10:04:44.030,27.6250,100
36284030987975,10:04:44.030,27.6200,100
36284031150539,10:04:44.031,27.6200,100
36284031150539,10:04:44.031,27.6200,100
36284733252279,10:04:44.733,27.6100,3
36284733656592,10:04:44.733,27.6000,40
36284733656592,10:04:44.733,27.6000,100
36284733656592,10:04:44.733,27.6000,100
36284733656592,10:04:44.733,27.6000,10
36284733660154,10:04:44.733,27.6000,90
36284733660154,10:04:44.733,27.6000,25
36284734087061,10:04:44.734,27.5900,35
36284734434427,10:04:44.734,27.5900,100
36284735442579,10:04:44.735,27.5800,100
36284735554997,10:04:44.735,27.5800,200
36284735893030,10:04:44.735,27.5800,100
36284735968259,10:04:44.735,27.5800,100
36284899484615,10:04:44.899,27.5800,79
36284899512771,10:04:44.899,27.5800,1
36285410453787,10:04:45.410,27.5800,200
36285411235575,10:04:45.411,27.5800,119
36298445592686,10:04:58.445,27.5900,100
36298446015054,10:04:58.446,27.6000,43
36298446015054,10:04:58.446,27.6000,100
36298446015054,10:04:58.446,27.6000,42
36299891965578,10:04:59.891,27.6100,100
36299893993936,10:04:59.893,27.6100,100
36300021804264,10:05:00.021,27.6100,100
36300021804264,10:05:00.021,27.6100,100
36307615953088,10:05:07.615,27.6050,100
36307615953088,10:05:07.615,27.6050,100
36307615953088,10:05:07.615,27.6000,100
36307616054734,10:05:07.616,27.6000,100
36307616054734,10:05:07.616,27.6000,100
36308912855452,10:05:08.912,27.6000,100
36308912855452,10:05:08.912,27.6000,100
36308914106577,10:05:08.914,27.6000,100
36308914106577,10:05:08.914,27.6000,100
36308914106577,10:05:08.914,27.5900,100
36308927439204,10:05:08.927,27.5900,200
36308927439204,10:05:08.927,27.5900,37
36308927439204,10:05:08.927,27.5900,100
36308927439204,10:05:08.927,27.5900,100
36308927439204,10:05:08.927,27.5900,100
36311607480799,10:05:11.607,27.5900,100
36311607480799,10:05:11.607,27.5900,100
36322008042040,10:05:22.008,27.5900,100
36322008042040,10:05:22.008,27.5900,100
36322008042040,10:05:22.008,27.5900,100
36322010007676,10:05:22.010,27.6000,100
36322010007676,10:05:22.010,27.6000,100
36322010731427,10:05:22.010,27.6000,100
36331894528167,10:05:31.894,27.6000,200
36331894570058,10:05:31.894,27.6000,100
36331894570058,10:05:31.894,27.6000,100
36331894570058,10:05:31.894,27.6000,100
36331894570058,10:05:31.894,27.6000,200
36331894924594,10:05:31.894,27.6000,400
36331895461919,10:05:31.895,27.6000,100
36331895461919,10:05:31.895,27.6000,400
36331935643220,10:05:31.935,27.6000,100
36332175226674,10:05:32.175,27.6000,100
36332175226674,10:05:32.175,27.6000,37
36332175226674,10:05:32.175,27.6000,63
36332184152728,10:05:32.184,27.6000,100
36332424223078,10:05:32.424,27.6000,100
36332460063489,10:05:32.460,27.6000,95
36335025633307,10:05:35.025,27.6000,64
36335025633307,10:05:35.025,27.6000,36
36335025682879,10:05:35.025,27.6000,64
36335025682879,10:05:35.025,27.6000,36
36335025715098,10:05:35.025,27.6000,64
36336531736239,10:05:36.531,27.6000,100
36363303940513,10:06:03.303,27.6050,100
36372548206343,10:06:12.548,27.6050,100
36372548206343,10:06:12.548,27.6000,100
36372548206343,10:06:12.548,27.6000,100
36372548206343,10:06:12.548,27.6000,100
36372548206343,10:06:12.548,27.6000,100
36372548248667,10:06:12.548,27.6000,100
36372548248667,10:06:12.548,27.6000,200
36372548248667,10:06:12.548,27.6000,200
36372601233972,10:06:12.601,27.6000,64
36373076191562,10:06:13.076,27.5900,100
36373076235363,10:06:13.076,27.5900,100
36373076332543,10:06:13.076,27.5900,100
36373076332543,10:06:13.076,27.5900,100
36374117674707,10:06:14.117,27.5800,100
36374117699261,10:06:14.117,27.5800,100
36374117699261,10:06:14.117,27.5800,200
36374124460781,10:06:14.124,27.5700,200
36374124460781,10:06:14.124,27.5700,200
36374573680376,10:06:14.573,27.5700,100
36374573680376,10:06:14.573,27.5700,100
36375036907790,10:06:15.036,27.5600,100
36378078670991,10:06:18.078,27.5700,200
36378078670991,10:06:18.078,27.5700,200
36378078670991,10:06:18.078,27.5700,100
36378078774478,10:06:18.078,27.5700,100
36378079754188,10:06:18.079,27.5700,38
36380505126148,10:06:20.505,27.5700,100
36380505126148,10:06:20.505,27.5700,100
36380505126148,10:06:20.505,27.5700,100
36380505126148,10:06:20.505,27.5700,100
36380505126148,10:06:20.505,27.5700,100
36386701135738,10:06:26.701,27.5650,100
36386701135738,10:06:26.701,27.5650,100
36386701135738,10:06:26.701,27.5600,98
36386701249986,10:06:26.701,27.5600,2
36386701249986,10:06:26.701,27.5600,100
36386701249986,10:06:26.701,27.5600,100
36386701279849,10:06:26.701,27.5600,12
36386701288252,10:06:26.701,27.5600,88
36397701891240,10:06:37.701,27.5500,100
36397701891240,10:06:37.701,27.5500,100
36397701987460,10:06:37.701,27.5500,100
36401136491482,10:06:41.136,27.5300,100
36401137022950,10:06:41.137,27.5300,100
36405786045625,10:06:45.786,27.5400,194
36405786049158,10:06:45.786,27.5400,6
36405786049158,10:06:45.786,27.5400,70
36405860968032,10:06:45.860,27.5500,100
36416941724802,10:06:56.941,27.5550,100
36416941724802,10:06:56.941,27.5500,100
36416941724802,10:06:56.941,27.5500,3
36416942051296,10:06:56.942,27.5500,97
36416942051296,10:06:56.942,27.5500,3
36423299181731,10:07:03.299,27.5400,3
36423299181731,10:07:03.299,27.5400,100
36423299377163,10:07:03.299,27.5300,76
36423299379452,10:07:03.299,27.5300,24
36423299379452,10:07:03.299,27.5300,100
36423299379452,10:07:03.299,27.5300,100
36423300151933,10:07:03.300,27.5300,100
36423300151933,10:07:03.300,27.5300,100
36423300238003,10:07:03.300,27.5300,34
36428336125942,10:07:08.336,27.5300,66
36428336125942,10:07:08.336,27.5300,100
36428382920297,10:07:08.382,27.5200,75
36428382957280,10:07:08.382,27.5200,25
36428682702445,10:07:08.682,27.5300,100
36428682702445,10:07:08.682,27.5300,100
36438117053660,10:07:18.117,27.5250,100
36438117053660,10:07:18.117,27.5200,100
36438117086251,10:07:18.117,27.5200,100
36438231653297,10:07:18.231,27.5200,100
36438231653297,10:07:18.231,27.5200,100
36439599022103,10:07:19.599,27.5200,100
36439599022103,10:07:19.599,27.5200,100
36439599535231,10:07:19.599,27.5300,200
36439599540595,10:07:19.599,27.5300,100
36439599540595,10:07:19.599,27.5300,100
36439599540595,10:07:19.599,27.5300,50
36439599560172,10:07:19.599,27.5300,50
36440057628419,10:07:20.057,27.5450,100
36440375265883,10:07:20.375,27.5400,37
36440375265883,10:07:20.375,27.5400,100
36467961608110,10:07:47.961,27.5500,100
36467966465428,10:07:47.966,27.5600,100
36489896552278,10:08:09.896,27.5700,200
36489896577776,10:08:09.896,27.5700,400
36489896577776,10:08:09.896,27.5700,70
36489897648993,10:08:09.897,27.5800,100
36504937067861,10:08:24.937,27.5800,100
36504937067861,10:08:24.937,27.5800,100
36504937067861,10:08:24.937,27.5800,200
36506107344855,10:08:26.107,27.5900,100
36506117639797,10:08:26.117,27.6000,200
36506117639797,10:08:26.117,27.6000,500
36506117674501,10:08:26.117,27.6000,100
36506117674501,10:08:26.117,27.6000,200
36506117704287,10:08:26.117,27.6000,300
36506117722623,10:08:26.117,27.6000,300
36506118060344,10:08:26.118,27.6000,100
36506118060344,10:08:26.118,27.6000,400
36506118060344,10:08:26.118,27.6000,300
36506118060344,10:08:26.118,27.6000,100
36506118261657,10:08:26.118,27.6000,100
36507112495615,10:08:27.112,27.6100,100
36528677708957,10:08:48.677,27.6150,100
36528678686404,10:08:48.678,27.6150,100
36528678686404,10:08:48.678,27.6100,33
36550118091183,10:09:10.118,27.6150,867
36550118135188,10:09:10.118,27.6150,33
36550118135188,10:09:10.118,27.6150,200
36550118135188,10:09:10.118,27.6100,67
36550118135188,10:09:10.118,27.6100,100
36550118135188,10:09:10.118,27.6100,100
36550118135188,10:09:10.118,27.6100,100
36550118135188,10:09:10.118,27.6100,22
36550118155617,10:09:10.118,27.6100,78
36550118155617,10:09:10.118,27.6100,167
36550118160270,10:09:10.118,27.6100,133
36550118160270,10:09:10.118,27.6100,100
36550118382862,10:09:10.118,27.6000,200
36550118382862,10:09:10.118,27.6000,100
36550118382862,10:09:10.118,27.6000,40
36550128265195,10:09:10.128,27.5900,39
36550128265195,10:09:10.128,27.5900,100
36550136457001,10:09:10.136,27.5800,100
36550178774442,10:09:10.178,27.5800,100
36551497716945,10:09:11.497,27.5800,100
36596108346502,10:09:56.108,27.5900,3
36596108421099,10:09:56.108,27.5950,100
36596108698345,10:09:56.108,27.5950,100
36596108698345,10:09:56.108,27.5900,97
36596108698345,10:09:56.108,27.5900,100
36596108698345,10:09:56.108,27.5900,3
36596108914133,10:09:56.108,27.5900,97
36596108914133,10:09:56.108,27.5900,300
36596115015078,10:09:56.115,27.5850,62
36596115448379,10:09:56.115,27.5800,100
36596117452893,10:09:56.117,27.5800,100
36596117452893,10:09:56.117,27.5800,100
36596117870710,10:09:56.117,27.5800,100
36596128820380,10:09:56.128,27.5700,100
36596193915170,10:09:56.193,27.5700,45
36596194406505,10:09:56.194,27.5800,45
36596194406505,10:09:56.194,27.5800,100
36596194406505,10:09:56.194,27.5800,49
36596194408846,10:09:56.194,27.5800,51
36596194408846,10:09:56.194,27.5800,100
36596656205819,10:09:56.656,27.5800,100
36596656205819,10:09:56.656,27.5800,100
36597638589535,10:09:57.638,27.5600,100
36597645481043,10:09:57.645,27.5650,100
36606260073783,10:10:06.260,27.5700,300
36606260073783,10:10:06.260,27.5700,100
36606260073783,10:10:06.260,27.5700,100
36606260114582,10:10:06.260,27.5700,70
36606260120168,10:10:06.260,27.5700,70
36606260240047,10:10:06.260,27.5700,30
36606260240047,10:10:06.260,27.5700,100
36606260310265,10:10:06.260,27.5700,70
36606260595765,10:10:06.260,27.5700,30
36606260595765,10:10:06.260,27.5700,100
36606260597337,10:10:06.260,27.5700,39
36606260749712,10:10:06.260,27.5700,61
36606260776881,10:10:06.260,27.5700,39
36606260776881,10:10:06.260,27.5700,100
36606260776881,10:10:06.260,27.5700,45
36606260776881,10:10:06.260,27.5700,100
36606260776881,10:10:06.260,27.5700,100
36606260776881,10:10:06.260,27.5700,100
36606263776843,10:10:06.263,27.5700,200
36606264004762,10:10:06.264,27.5700,41
36606343369435,10:10:06.343,27.5700,100
36608763273308,10:10:08.763,27.5750,200
36608763611632,10:10:08.763,27.5700,100
36608763611632,10:10:08.763,27.5700,100
36608765667484,10:10:08.765,27.5700,100
36608765667484,10:10:08.765,27.5700,41
36608765667484,10:10:08.765,27.5700,100
36608766106700,10:10:08.766,27.5800,94
36608766126178,10:10:08.766,27.5800,6
36608766126178,10:10:08.766,27.5800,85
36608766143403,10:10:08.766,27.5800,15
36622428114187,10:10:22.428,27.5900,600
36624001247674,10:10:24.001,27.5900,100
36624964367930,10:10:24.964,27.5900,70
36626850241373,10:10:26.850,27.5950,100
36627565203590,10:10:27.565,27.5900,100
36627671823805,10:10:27.671,27.5900,45
36627697868082,10:10:27.697,27.5900,100
36629764415637,10:10:29.764,27.5900,100
36629764415637,10:10:29.764,27.5900,100
36629766716347,10:10:29.766,27.5900,41
36629766716347,10:10:29.766,27.5900,59
36631004113903,10:10:31.004,27.5850,100
36632062245014,10:10:32.062,27.5800,100
36632062245014,10:10:32.062,27.5800,200
36632062245014,10:10:32.062,27.5700,41
36632062245014,10:10:32.062,27.5700,100
36632062245014,10:10:32.062,27.5700,100
36632165000965,10:10:32.165,27.5600,38
36632165683496,10:10:32.165,27.5650,100
36633588408410,10:10:33.588,27.5650,100
36633588408410,10:10:33.588,27.5600,62
36633588408410,10:10:33.588,27.5600,100
36635098119256,10:10:35.098,27.5650,100
36636665193092,10:10:36.665,27.5600,100
36640050374522,10:10:40.050,27.5400,100
36640050374522,10:10:40.050,27.5400,100
36640050374522,10:10:40.050,27.5300,100
36640050374522,10:10:40.050,27.5300,100
36640050374522,10:10:40.050,27.5300,100
36640442936939,10:10:40.442,27.5200,100
36641643366464,10:10:41.643,27.5300,100
36641643366464,10:10:41.643,27.5300,100
36643665161361,10:10:43.665,27.5300,100
36643665161361,10:10:43.665,27.5300,100
36643665161361,10:10:43.665,27.5300,100
36662806900436,10:11:02.806,27.5300,100
36662806900436,10:11:02.806,27.5300,100
36662806900436,10:11:02.806,27.5300,100
36662807256397,10:11:02.807,27.5300,100
36662807444296,10:11:02.807,27.5300,100
36670077968916,10:11:10.077,27.5400,100
36670166752181,10:11:10.166,27.5400,58
36670166907890,10:11:10.166,27.5400,42
36670166907890,10:11:10.166,27.5400,42
36670166932538,10:11:10.166,27.5400,100
36670217013650,10:11:10.217,27.5400,100
36672566862932,10:11:12.566,27.5450,100
36672567027512,10:11:12.567,27.5400,100
36678087556637,10:11:18.087,27.5400,100
36681093090141,10:11:21.093,27.5500,100
36686860356116,10:11:26.860,27.5600,100
36700955273415,10:11:40.955,27.5700,200
36700955273415,10:11:40.955,27.5700,100
36701075385487,10:11:41.075,27.5800,100
36702168382277,10:11:42.168,27.5900,59
36702168610363,10:11:42.168,27.5900,41
36704268836590,10:11:44.268,27.5900,200
36704271406314,10:11:44.271,27.5900,97
36708144563496,10:11:48.144,27.6000,78
36708144588308,10:11:48.144,27.6000,22
36708144588308,10:11:48.144,27.6000,103
36708144725794,10:11:48.144,27.6000,97
36708144725794,10:11:48.144,27.6000,100
36708145078983,10:11:48.145,27.6000,100
36716706267881,10:11:56.706,27.6200,18
36716706267881,10:11:56.706,27.6200,500
36716745572109,10:11:56.745,27.6200,100
36716745572109,10:11:56.745,27.6200,61
36716769312914,10:11:56.769,27.6200,100
36716769312914,10:11:56.769,27.6200,41
36716769312914,10:11:56.769,27.6200,59
36716769355028,10:11:56.769,27.6200,41
36716771645663,10:11:56.771,27.6200,100
36716771645663,10:11:56.771,27.6200,100
36716782039403,10:11:56.782,27.6200,100
36716782039403,10:11:56.782,27.6200,200
36716782039403,10:11:56.782,27.6200,43
36716782039403,10:11:56.782,27.6200,57
36716782069555,10:11:56.782,27.6200,3
36716782072065,10:11:56.782,27.6200,40
36716786102050,10:11:56.786,27.6200,5
36716805725398,10:11:56.805,27.6200,100
36716806601456,10:11:56.806,27.6200,100
36717129700618,10:11:57.129,27.6200,95
36722494409608,10:12:02.494,27.6200,100
36725550399528,10:12:05.550,27.6150,100
36725550399528,10:12:05.550,27.6100,100
36725550411066,10:12:05.550,27.6100,45
36725550412614,10:12:05.550,27.6100,55
36725550412614,10:12:05.550,27.6100,100
36725564364124,10:12:05.564,27.6100,100
36725564364124,10:12:05.564,27.6100,41
36725564364124,10:12:05.564,27.6100,59
36725564391073,10:12:05.564,27.6100,1
36727134501105,10:12:07.134,27.6100,100
36727135092806,10:12:07.135,27.6100,100
36730880531825,10:12:10.880,27.6000,24
36754998518152,10:12:34.998,27.6100,500
36754998518152,10:12:34.998,27.6100,70
36754998518152,10:12:34.998,27.6100,200
36754998518152,10:12:34.998,27.6100,100
36754998756065,10:12:34.998,27.6100,100
36754998939756,10:12:34.998,27.6100,100
36754999188458,10:12:34.999,27.6100,100
36755071207070,10:12:35.071,27.6100,42
36755071207070,10:12:35.071,27.6100,58
36756786574853,10:12:36.786,27.6100,100
36756786635228,10:12:36.786,27.6100,100
36764767394485,10:12:44.767,27.6100,100
36764767394485,10:12:44.767,27.6100,100
36764871886651,10:12:44.871,27.6100,100
36764871886651,10:12:44.871,27.6100,221
36764965787705,10:12:44.965,27.6100,100
36767171922887,10:12:47.171,27.6100,100
36769042371150,10:12:49.042,27.6100,100
36769042371150,10:12:49.042,27.6100,100
36770022938995,10:12:50.022,27.6150,3
36784601427609,10:13:04.601,27.6200,11
36784601427609,10:13:04.601,27.6200,100
36787773300318,10:13:07.773,27.6200,100
36787773300318,10:13:07.773,27.6200,4
36787773360654,10:13:07.773,27.6200,96
36790351223364,10:13:10.351,27.6200,200
36790351223364,10:13:10.351,27.6200,100
36792173294306,10:13:12.173,27.6300,100
36792173294306,10:13:12.173,27.6300,100
36792200969964,10:13:12.200,27.6400,100
36792206509597,10:13:12.206,27.6500,212
36792302751887,10:13:12.302,27.6500,88
36792497032486,10:13:12.497,27.6500,92
36794573378715,10:13:14.573,27.6500,200
36795081733286,10:13:15.081,27.6600,100
36796973586689,10:13:16.973,27.6700,100
36796973586689,10:13:16.973,27.6700,100
36796973586689,10:13:16.973,27.6700,100
36800074440958,10:13:20.074,27.6800,40
36800078113144,10:13:20.078,27.6800,44
36800078113144,10:13:20.078,27.6800,56
36802274309639,10:13:22.274,27.6800,100
36804201045129,10:13:24.201,27.6800,100
36805243285186,10:13:25.243,27.6900,100
36805406375259,10:13:25.406,27.7000,40
36805408681866,10:13:25.408,27.7000,100
36807002932092,10:13:27.002,27.7100,100
36807428458789,10:13:27.428,27.7100,200
36807438112221,10:13:27.438,27.7150,100
36807440541707,10:13:27.440,27.7100,20
36807440665826,10:13:27.440,27.7100,100
36828737848308,10:13:48.737,27.7050,200
36828738192563,10:13:48.738,27.7050,100
36828738226848,10:13:48.738,27.7050,100
36828738226848,10:13:48.738,27.7000,100
36828738232670,10:13:48.738,27.7000,100
36828742625390,10:13:48.742,27.7000,100
36855094816067,10:14:15.094,27.7000,100
36855094816067,10:14:15.094,27.7000,200
36855094816067,10:14:15.094,27.7000,70
36855095147593,10:14:15.095,27.7100,100
36855095147593,10:14:15.095,27.7100,17
36855095154425,10:14:15.095,27.7100,83
36855095154425,10:14:15.095,27.7100,17
36855095568211,10:14:15.095,27.7200,200
36855095945508,10:14:15.095,27.7100,40
36855095945508,10:14:15.095,27.7100,100
36855095945508,10:14:15.095,27.7100,100
36855098488010,10:14:15.098,27.7200,100
36855098488010,10:14:15.098,27.7200,100
36857122243947,10:14:17.122,27.7200,2
36857122243947,10:14:17.122,27.7200,100
36863474935969,10:14:23.474,27.7200,100
36885740299591,10:14:45.740,27.7200,100
36885740299591,10:14:45.740,27.7200,200
36885778723450,10:14:45.778,27.7200,100
36885778723450,10:14:45.778,27.7200,100
36885778723450,10:14:45.778,27.7200,100
36885778723450,10:14:45.778,27.7200,100
36890877442454,10:14:50.877,27.7150,200
36895374427490,10:14:55.374,27.7150,400
36900079896423,10:15:00.079,27.7200,100
36900079896423,10:15:00.079,27.7200,100
36900811574674,10:15:00.811,27.7300,100
36900812520615,10:15:00.812,27.7300,100
36902579649247,10:15:02.579,27.7300,100
36906003509623,10:15:06.003,27.7250,100
36908082812015,10:15:08.082,27.7200,100
36908096342823,10:15:08.096,27.7200,100
36908096342823,10:15:08.096,27.7200,100
36908096342823,10:15:08.096,27.7200,44
36908096342823,10:15:08.096,27.7200,100
36910481292548,10:15:10.481,27.7200,39
36910481292548,10:15:10.481,27.7200,100
36914352577040,10:15:14.352,27.7200,45
36914352686404,10:15:14.352,27.7200,25
36914352921137,10:15:14.352,27.7250,100
36914352926683,10:15:14.352,27.7100,100
36914352926683,10:15:14.352,27.7100,100
36914353043222,10:15:14.353,27.7200,100
36914354257292,10:15:14.354,27.7100,39
36914354257292,10:15:14.354,27.7100,100
36914354670981,10:15:14.354,27.7100,100
36914358586595,10:15:14.358,27.7100,100
36914358644690,10:15:14.358,27.7100,40
36914358644690,10:15:14.358,27.7100,60
36914358652700,10:15:14.358,27.7100,40
36914358652700,10:15:14.358,27.7100,60
36914358676576,10:15:14.358,27.7100,40
36915080299248,10:15:15.080,27.7100,100
36915099800142,10:15:15.099,27.6900,100
36915102231836,10:15:15.102,27.6900,100
36915102720460,10:15:15.102,27.6900,100
36915102720460,10:15:15.102,27.6900,100
36915122679055,10:15:15.122,27.6900,200
36915122679055,10:15:15.122,27.6900,100
36915122679055,10:15:15.122,27.6900,39
36919518138129,10:15:19.518,27.7100,100
36921531348606,10:15:21.531,27.7000,100
36921531348606,10:15:21.531,27.7000,100
36928994320990,10:15:28.994,27.7000,200
36929081092387,10:15:29.081,27.7000,100
36929081092387,10:15:29.081,27.7000,39
36929081092387,10:15:29.081,27.7000,100
36932592987327,10:15:32.592,27.6950,100
36932593786158,10:15:32.593,27.6900,100
36937630231670,10:15:37.630,27.6800,100
36937630231670,10:15:37.630,27.6800,100
36937630231670,10:15:37.630,27.6800,100
36944620266384,10:15:44.620,27.6800,73
36944620305073,10:15:44.620,27.6800,27
36944620823130,10:15:44.620,27.6800,100
36944624019331,10:15:44.624,27.6800,100
36944624019331,10:15:44.624,27.6800,100
36944624019331,10:15:44.624,27.6800,100
36944624019331,10:15:44.624,27.6800,100
36944624019331,10:15:44.624,27.6800,100
36944624019331,10:15:44.624,27.6800,100
36944624019331,10:15:44.624,27.6800,300
36944643319192,10:15:44.643,27.6750,100
36944643632512,10:15:44.643,27.6700,100
36944644949651,10:15:44.644,27.6600,85
36974373478891,10:16:14.373,27.6700,100
36974373478891,10:16:14.373,27.6700,200
36974373478891,10:16:14.373,27.6700,70
36974375698641,10:16:14.375,27.6800,43
36974666490567,10:16:14.666,27.6800,100
36974666490567,10:16:14.666,27.6800,100
36974666490567,10:16:14.666,27.6800,100
36974960466078,10:16:14.960,27.6700,100
36974960466078,10:16:14.960,27.6700,200
36974960466078,10:16:14.960,27.6700,100
36975391144254,10:16:15.391,27.6700,100
36975563028802,10:16:15.563,27.6800,100
36975579349158,10:16:15.579,27.6800,100
36976684096519,10:16:16.684,27.6700,200
36976684096519,10:16:16.684,27.6700,200
36976688525214,10:16:16.688,27.6700,185
36976688525214,10:16:16.688,27.6700,100
36980104060722,10:16:20.104,27.6750,100
36980104060722,10:16:20.104,27.6700,100
36980105502252,10:16:20.105,27.6600,100
36994799643781,10:16:34.799,27.6550,100
36994799645316,10:16:34.799,27.6500,75
36994799649312,10:16:34.799,27.6500,25
37013290606007,10:16:53.290,27.6450,100
37015137947386,10:16:55.137,27.6400,100
37015137972899,10:16:55.137,27.6400,100
37015137972899,10:16:55.137,27.6400,100
37021980200602,10:17:01.980,27.6200,2
37025814603809,10:17:05.814,27.6100,100
37025814603809,10:17:05.814,27.6100,200
37025814603809,10:17:05.814,27.6000,100
37025814603809,10:17:05.814,27.6000,195
37025814603809,10:17:05.814,27.6000,100
37025816789408,10:17:05.816,27.6000,134
37025818254792,10:17:05.818,27.6000,66
37025822552720,10:17:05.822,27.6000,100
37025890601755,10:17:05.890,27.6100,100
37025890601755,10:17:05.890,27.6100,100
37025890601755,10:17:05.890,27.6100,100
37028192670795,10:17:08.192,27.6000,17
37028192746639,10:17:08.192,27.6000,83
37037052008259,10:17:17.052,27.5900,1
37037072000910,10:17:17.072,27.5900,100
37037123494741,10:17:17.123,27.6000,100
37037188824627,10:17:17.188,27.6000,100
37037188824627,10:17:17.188,27.6000,100
37037188824627,10:17:17.188,27.6000,100
37037201902308,10:17:17.201,27.6000,100
37041719877565,10:17:21.719,27.6000,100
37041819358031,10:17:21.819,27.6000,100
37052132367387,10:17:32.132,27.6100,100
37052132367387,10:17:32.132,27.6100,100
37052132367387,10:17:32.132,27.6100,100
37052132367387,10:17:32.132,27.6100,100
37052189685483,10:17:32.189,27.6300,38
37052189685483,10:17:32.189,27.6300,100
37052191358973,10:17:32.191,27.6300,100
37054589953652,10:17:34.589,27.6400,100
37057104927403,10:17:37.104,27.6400,100
37061148321635,10:17:41.148,27.6450,100
37061148321635,10:17:41.148,27.6400,100
37061148321635,10:17:41.148,27.6400,100
37061197597695,10:17:41.197,27.6400,6
37069781019021,10:17:49.781,27.6400,100
37091685037465,10:18:11.685,27.6350,100
37091685037465,10:18:11.685,27.6300,100
37091685037465,10:18:11.685,27.6300,100
37091685094171,10:18:11.685,27.6300,100
37113056321049,10:18:33.056,27.6300,100
37113056970572,10:18:33.056,27.6400,200
37113056970572,10:18:33.056,27.6400,100
37113061897256,10:18:33.061,27.6500,182
37113061897256,10:18:33.061,27.6500,100
37113093216293,10:18:33.093,27.6550,100
37113093216293,10:18:33.093,27.6500,100
37113190751891,10:18:33.190,27.6500,70
37113562724578,10:18:33.562,27.6600,100
37115594371857,10:18:35.594,27.6600,100
37127094436557,10:18:47.094,27.6600,100
37127094436557,10:18:47.094,27.6600,100
37137272245912,10:18:57.272,27.6600,51
37137272288290,10:18:57.272,27.6600,49
37137272288290,10:18:57.272,27.6600,100
37141796450725,10:19:01.796,27.6750,200
37141796450725,10:19:01.796,27.6700,100
37141796658306,10:19:01.796,27.6700,200
37143275007713,10:19:03.275,27.6650,100
37145415080867,10:19:05.415,27.6650,100
37145416025641,10:19:05.416,27.6600,100
37148833080252,10:19:08.833,27.6500,10
37153195495953,10:19:13.195,27.6650,100
37162728180220,10:19:22.728,27.6600,100
37167098284419,10:19:27.098,27.6700,200
37167098284419,10:19:27.098,27.6700,100
37168085486402,10:19:28.085,27.6900,200
37186487688410,10:19:46.487,27.7100,70
37186488291531,10:19:46.488,27.7100,30
37190880153162,10:19:50.880,27.7200,100
37190880153162,10:19:50.880,27.7200,300
37190880153162,10:19:50.880,27.7200,200
37190880153162,10:19:50.880,27.7200,100
37190880274942,10:19:50.880,27.7200,100
37193512127939,10:19:53.512,27.7200,100
37193512127939,10:19:53.512,27.7200,100
37198007385310,10:19:58.007,27.7300,100
37207582187596,10:20:07.582,27.7400,50
37207582402080,10:20:07.582,27.7400,50
37207582402080,10:20:07.582,27.7400,70
37207582703283,10:20:07.582,27.7400,100
37207597793405,10:20:07.597,27.7400,100
37207597793405,10:20:07.597,27.7400,100
37207597793405,10:20:07.597,27.7400,100
37207597793405,10:20:07.597,27.7400,100
37210870731274,10:20:10.870,27.7400,100
37211121454508,10:20:11.121,27.7400,100
37211121454508,10:20:11.121,27.7400,100
37211121454508,10:20:11.121,27.7400,100
37211199209347,10:20:11.199,27.7400,100
37211199209347,10:20:11.199,27.7400,100
37212717648670,10:20:12.717,27.7400,100
37212717648670,10:20:12.717,27.7400,100
37213199997909,10:20:13.199,27.7400,200
37215111921469,10:20:15.111,27.7450,100
37215533148220,10:20:15.533,27.7500,25
37215533148220,10:20:15.533,27.7500,54
37215533377732,10:20:15.533,27.7500,28
37215533380998,10:20:15.533,27.7500,18
37224699916954,10:20:24.699,27.7650,100
37224699918277,10:20:24.699,27.7600,100
37226945054173,10:20:26.945,27.7600,100
37232000958926,10:20:32.000,27.7500,300
37234093681891,10:20:34.093,27.7400,100
37238178278719,10:20:38.178,27.7300,300
37239393809280,10:20:39.393,27.7200,100
37244567107043,10:20:44.567,27.7200,100
37244801365810,10:20:44.801,27.7200,300
37260684980034,10:21:00.684,27.7150,100
37260684980034,10:21:00.684,27.7100,100
37263698521233,10:21:03.698,27.7100,100
37263719044760,10:21:03.719,27.7000,200
37264240099808,10:21:04.240,27.7000,100
37266602584504,10:21:06.602,27.7100,36
37266602584504,10:21:06.602,27.7100,100
37266602584504,10:21:06.602,27.7100,64
37266603648645,10:21:06.603,27.7100,200
37279437128188,10:21:19.437,27.7200,100
37279437128188,10:21:19.437,27.7200,100
37279437128188,10:21:19.437,27.7200,100
37290098966879,10:21:30.098,27.7350,1
37290098972018,10:21:30.098,27.7350,1
37290099212239,10:21:30.099,27.7300,1
37290099792983,10:21:30.099,27.7300,100
37290100111662,10:21:30.100,27.7300,200
37290399808971,10:21:30.399,27.7300,100
37294055388251,10:21:34.055,27.7300,100
37296792603340,10:21:36.792,27.7300,100
37296792782239,10:21:36.792,27.7200,100
37310623044651,10:21:50.623,27.7150,100
37310623401786,10:21:50.623,27.7100,100
37319590081548,10:21:59.590,27.7100,1
37319590168538,10:21:59.590,27.7100,99
37338210263258,10:22:18.210,27.7100,100
37338306667257,10:22:18.306,27.7150,100
37338306667257,10:22:18.306,27.7150,100
37344613116711,10:22:24.613,27.7100,100
37347219643252,10:22:27.219,27.7200,300
37347220318837,10:22:27.220,27.7200,100
37352013352229,10:22:32.013,27.7300,2
37360013867977,10:22:40.013,27.7300,100
37364151458568,10:22:44.151,27.7400,100
37372198719163,10:22:52.198,27.7400,18
37380002805150,10:23:00.002,27.7350,100
37380002805150,10:23:00.002,27.7300,100
37380002805150,10:23:00.002,27.7300,100
37380002805150,10:23:00.002,27.7300,100
37380002833771,10:23:00.002,27.7300,100
37380180715459,10:23:00.180,27.7200,100
37394897463663,10:23:14.897,27.7200,70
37394897463663,10:23:14.897,27.7200,100
37394897463663,10:23:14.897,27.7200,100
37404322852407,10:23:24.322,27.7300,200
37404410382802,10:23:24.410,27.7300,100
37404410382802,10:23:24.410,27.7300,100
37412459969622,10:23:32.459,27.7300,100
37415475267244,10:23:35.475,27.7400,200
37415475267244,10:23:35.475,27.7400,100
37415475954807,10:23:35.475,27.7400,100
37430570420248,10:23:50.570,27.7400,100
37430811978999,10:23:50.811,27.7400,100
37450631264899,10:24:10.631,27.7400,100
37450631264899,10:24:10.631,27.7400,100
37450631264899,10:24:10.631,27.7400,100
37450631264899,10:24:10.631,27.7400,70
37450713135123,10:24:10.713,27.7400,100
37450713135123,10:24:10.713,27.7400,100
37450713135123,10:24:10.713,27.7400,100
37450713462240,10:24:10.713,27.7400,100
37451125532395,10:24:11.125,27.7400,100
37452814850400,10:24:12.814,27.7400,2
37453382042788,10:24:13.382,27.7400,100
37453382042788,10:24:13.382,27.7400,100
37477697909969,10:24:37.697,27.7400,100
37477698048977,10:24:37.698,27.7400,100
37481107373127,10:24:41.107,27.7500,100
37481629786400,10:24:41.629,27.7500,100
37483683774073,10:24:43.683,27.7500,100
37483683774073,10:24:43.683,27.7500,200
37487661337749,10:24:47.661,27.7450,100
37494084680394,10:24:54.084,27.7350,100
37494084680394,10:24:54.084,27.7300,100
37494084680999,10:24:54.084,27.7300,86
37494084869061,10:24:54.084,27.7300,14
37494085723115,10:24:54.085,27.7300,39
37494085723115,10:24:54.085,27.7300,61
37505257706410,10:25:05.257,27.7300,100
37505257706410,10:25:05.257,27.7300,100
37512642099563,10:25:12.642,27.7400,100
37512642534904,10:25:12.642,27.7400,100
37512716700939,10:25:12.716,27.7400,100
37512716700939,10:25:12.716,27.7400,100
37515016669997,10:25:15.016,27.7300,100
37515016669997,10:25:15.016,27.7300,100
37515016669997,10:25:15.016,27.7300,100
37518929729379,10:25:18.929,27.7300,2
37519717731495,10:25:19.717,27.7300,100
37525958978293,10:25:25.958,27.7400,100
37528399243618,10:25:28.399,27.7400,100
37528400858628,10:25:28.400,27.7400,100
37539754454622,10:25:39.754,27.7450,100
37553619380218,10:25:53.619,27.7500,300
37553619501819,10:25:53.619,27.7500,9
37553619502385,10:25:53.619,27.7500,28
37553619507468,10:25:53.619,27.7500,133
37553619527047,10:25:53.619,27.7500,30
37553619527047,10:25:53.619,27.7500,70
37553619542314,10:25:53.619,27.7500,30
37553619542314,10:25:53.619,27.7500,70
37553619545139,10:25:53.619,27.7500,30
37573126391534,10:26:13.126,27.7450,100
37573126391534,10:26:13.126,27.7400,100
37573126391534,10:26:13.126,27.7400,100
37573127187755,10:26:13.127,27.7400,100
37573127187755,10:26:13.127,27.7400,100
37573128513093,10:26:13.128,27.7400,100
37573234918401,10:26:13.234,27.7100,100
37573234918401,10:26:13.234,27.7100,100
37573234918401,10:26:13.234,27.7100,100
37573234918401,10:26:13.234,27.7100,100
37573304519517,10:26:13.304,27.7200,40
37573304519517,10:26:13.304,27.7200,400
37573304519517,10:26:13.304,27.7200,100
37573320364798,10:26:13.320,27.7200,100
37573320364798,10:26:13.320,27.7200,100
37573320364798,10:26:13.320,27.7200,100
37573320364798,10:26:13.320,27.7200,36
37573320364798,10:26:13.320,27.7200,100
37573320364798,10:26:13.320,27.7200,100
37586265210114,10:26:26.265,27.7200,100
37586265210114,10:26:26.265,27.7200,200
37635125524328,10:27:15.125,27.7150,100
37635125524328,10:27:15.125,27.7100,100
37635125524328,10:27:15.125,27.7100,100
37635125550714,10:27:15.125,27.7100,100
37643524801070,10:27:23.524,27.7050,100
37643524801070,10:27:23.524,27.7000,100
37643524801070,10:27:23.524,27.7000,200
37643524801070,10:27:23.524,27.7000,100
37643524801070,10:27:23.524,27.7000,100
37643524801070,10:27:23.524,27.7000,100
37643524801070,10:27:23.524,27.7000,100
37643525048078,10:27:23.525,27.7000,100
37643768640079,10:27:23.768,27.7000,100
37643768640079,10:27:23.768,27.7000,100
37649792564875,10:27:29.792,27.7000,200
37649792564875,10:27:29.792,27.7000,155
37649792597015,10:27:29.792,27.7000,45
37649792597015,10:27:29.792,27.7000,100
37649796521838,10:27:29.796,27.7100,100
37649824844154,10:27:29.824,27.7100,100
37649824844154,10:27:29.824,27.7100,36
37649824844154,10:27:29.824,27.7100,100
37649824844154,10:27:29.824,27.7100,100
37649919714619,10:27:29.919,27.7000,100
37649919714619,10:27:29.919,27.7000,100
37649919714619,10:27:29.919,27.7000,100
37651500032378,10:27:31.500,27.7000,70
37651500032378,10:27:31.500,27.7000,14
37656824512566,10:27:36.824,27.7000,86
37656824512566,10:27:36.824,27.7000,14
37656836894416,10:27:36.836,27.7000,86
37663890345492,10:27:43.890,27.7100,100
37663943285748,10:27:43.943,27.7100,100
37663943285748,10:27:43.943,27.7100,200
37664466317752,10:27:44.466,27.7050,100
37680186907222,10:28:00.186,27.7050,100
37690026715240,10:28:10.026,27.7100,100
37690026715240,10:28:10.026,27.7100,100
37690026715240,10:28:10.026,27.7100,70
37690026715240,10:28:10.026,27.7100,100
37690737716982,10:28:10.737,27.7100,100
37692124481077,10:28:12.124,27.7100,100
37692225745606,10:28:12.225,27.7100,100
37716207730760,10:28:36.207,27.7200,100
37722187493889,10:28:42.187,27.7200,100
37725214931848,10:28:45.214,27.7200,100
37729135591358,10:28:49.135,27.7300,100
37729135591358,10:28:49.135,27.7300,100
37730243864098,10:28:50.243,27.7400,100
37730796456156,10:28:50.796,27.7450,7
37732417143246,10:28:52.417,27.7500,100
37732417143246,10:28:52.417,27.7500,100
37732418546359,10:28:52.418,27.7500,100
37732418899866,10:28:52.418,27.7500,100
37742125766113,10:29:02.125,27.7500,100
37742125766113,10:29:02.125,27.7500,100
37742126101333,10:29:02.126,27.7500,100
37742126101333,10:29:02.126,27.7500,200
37742126101333,10:29:02.126,27.7500,100
37742126101333,10:29:02.126,27.7500,100
37747166812986,10:29:07.166,27.7500,100
37753522982574,10:29:13.522,27.7550,100
37753522982574,10:29:13.522,27.7500,100
37753523110520,10:29:13.523,27.7500,100
37754188011617,10:29:14.188,27.7400,200
37754215379500,10:29:14.215,27.7300,200
37787124639634,10:29:47.124,27.7400,100
37787124639634,10:29:47.124,27.7400,100
37787124639634,10:29:47.124,27.7400,200
37800528155938,10:30:00.528,27.7400,100
37802021619580,10:30:02.021,27.7400,100
37802034227533,10:30:02.034,27.7400,100
37814470237182,10:30:14.470,27.7500,200
37814470237182,10:30:14.470,27.7500,100
37814470237182,10:30:14.470,27.7500,69
37814470378246,10:30:14.470,27.7500,100
37814470378246,10:30:14.470,27.7500,200
37814470969453,10:30:14.470,27.7500,100
37817036313310,10:30:17.036,27.7500,100
37817036313310,10:30:17.036,27.7500,100
37817036313310,10:30:17.036,27.7500,100
37817036356239,10:30:17.036,27.7500,190
37819231452744,10:30:19.231,27.7500,100
37819231452744,10:30:19.231,27.7500,100
37820917624256,10:30:20.917,27.7500,100
37857304876275,10:30:57.304,27.7500,100
37857304876275,10:30:57.304,27.7500,200
37857304938576,10:30:57.304,27.7500,100
37857304938576,10:30:57.304,27.7500,100
37857304938576,10:30:57.304,27.7500,100
37905405776745,10:31:45.405,27.7450,100
37905405776745,10:31:45.405,27.7400,100
37905405776745,10:31:45.405,27.7400,100
37905405776745,10:31:45.405,27.7400,100
37905405776745,10:31:45.405,27.7400,100
37905405776745,10:31:45.405,27.7400,18
37905405776745,10:31:45.405,27.7400,100
37905405776745,10:31:45.405,27.7400,200
37905405776745,10:31:45.405,27.7400,82
37905405817583,10:31:45.405,27.7400,18
37905405817583,10:31:45.405,27.7400,100
37905406374441,10:31:45.406,27.7300,100
37905406898342,10:31:45.406,27.7300,100
37905406987642,10:31:45.406,27.7300,100
37905437319683,10:31:45.437,27.7200,100
37905437319683,10:31:45.437,27.7200,100
37905440809990,10:31:45.440,27.7200,600
37905440809990,10:31:45.440,27.7200,100
37905440809990,10:31:45.440,27.7200,40
37905440809990,10:31:45.440,27.7200,228
37905440809990,10:31:45.440,27.7200,100
37906645529997,10:31:46.645,27.7300,100
37906645529997,10:31:46.645,27.7300,100
37921332738694,10:32:01.332,27.7250,100
37921332738694,10:32:01.332,27.7200,43
37925906831684,10:32:05.906,27.7200,57
37925906831684,10:32:05.906,27.7200,100
37925906831684,10:32:05.906,27.7200,43
37925906858412,10:32:05.906,27.7200,57
37932218173082,10:32:12.218,27.7200,100
37932218173082,10:32:12.218,27.7200,100
37932705383268,10:32:12.705,27.7200,100
37932817647007,10:32:12.817,27.7200,4
37934297463809,10:32:14.297,27.7200,69
37934869063479,10:32:14.869,27.7200,321
37941329807085,10:32:21.329,27.7200,200
37941330609214,10:32:21.330,27.7200,100
37943636593239,10:32:23.636,27.7200,100
37943636634298,10:32:23.636,27.7200,100
37970039979679,10:32:50.039,27.7300,29
37973317937958,10:32:53.317,27.7300,271
37973317937958,10:32:53.317,27.7300,100
37973318092613,10:32:53.318,27.7300,200
37973318092613,10:32:53.318,27.7300,100
37973318092613,10:32:53.318,27.7300,40
37973318104076,10:32:53.318,27.7300,31
37973318236719,10:32:53.318,27.7300,29
37973318888208,10:32:53.318,27.7400,11
37973318910167,10:32:53.318,27.7400,18
37987457146226,10:33:07.457,27.7500,5
37987457146226,10:33:07.457,27.7500,100
37987457146226,10:33:07.457,27.7500,100
37987457146226,10:33:07.457,27.7500,100
37987457546451,10:33:07.457,27.7500,100
37987457546451,10:33:07.457,27.7500,300
37987457546451,10:33:07.457,27.7500,100
37987457997445,10:33:07.457,27.7500,100
37988004853182,10:33:08.004,27.7500,2
37989391078597,10:33:09.391,27.7500,100
37989439782850,10:33:09.439,27.7500,100
37989491562564,10:33:09.491,27.7500,98
37989492109244,10:33:09.492,27.7600,100
38018357262728,10:33:38.357,27.7650,100
38018357262728,10:33:38.357,27.7600,100
38018357262728,10:33:38.357,27.7600,100
38018357262728,10:33:38.357,27.7600,100
38018357299570,10:33:38.357,27.7600,100
38018358074186,10:33:38.358,27.7500,100
38018358332801,10:33:38.358,27.7500,100
38019357170700,10:33:39.357,27.7500,200
38019357297303,10:33:39.357,27.7500,300
38019357297303,10:33:39.357,27.7500,100
38019884676735,10:33:39.884,27.7500,100
38021038208736,10:33:41.038,27.7500,100
38021038220984,10:33:41.038,27.7500,100
38021039095776,10:33:41.039,27.7500,100
38021039129608,10:33:41.039,27.7500,200
38021039136708,10:33:41.039,27.7500,100
38021540019413,10:33:41.540,27.7550,200
38027651269273,10:33:47.651,27.7450,100
38032028287844,10:33:52.028,27.7400,100
38032035321381,10:33:52.035,27.7300,100
38050978322445,10:34:10.978,27.7200,10
38050978322445,10:34:10.978,27.7200,90
38050978359972,10:34:10.978,27.7200,10
38050978359972,10:34:10.978,27.7200,100
38050978718151,10:34:10.978,27.7200,100
38051536199084,10:34:11.536,27.7100,100
38051536199084,10:34:11.536,27.7100,41
38051536199084,10:34:11.536,27.7100,100
38051536199084,10:34:11.536,27.7100,100
38051536199084,10:34:11.536,27.7100,100
38051536199084,10:34:11.536,27.7100,300
38092788826037,10:34:52.788,27.7200,100
38092788826037,10:34:52.788,27.7200,69
38092788826037,10:34:52.788,27.7200,100
38092788826037,10:34:52.788,27.7200,200
38092788826037,10:34:52.788,27.7200,100
38092788826037,10:34:52.788,27.7200,31
38092788856669,10:34:52.788,27.7200,69
38092788856669,10:34:52.788,27.7200,100
38093873508813,10:34:53.873,27.7300,100
38094418445307,10:34:54.418,27.7300,100
38104005506890,10:35:04.005,27.7400,100
38104306259311,10:35:04.306,27.7400,100
38104306259311,10:35:04.306,27.7400,100
38109131781557,10:35:09.131,27.7450,100
38109131811921,10:35:09.131,27.7400,100
38114726722880,10:35:14.726,27.7400,100
38114726722880,10:35:14.726,27.7400,39
38114726722880,10:35:14.726,27.7400,100
38133526528693,10:35:33.526,27.7400,100
38133526528693,10:35:33.526,27.7400,100
38133527010241,10:35:33.527,27.7400,100
38133527107837,10:35:33.527,27.7400,100
38139232017897,10:35:39.232,27.7450,100
38139232017897,10:35:39.232,27.7400,100
38139232017897,10:35:39.232,27.7400,100
38139232047315,10:35:39.232,27.7400,100
38139799838966,10:35:39.799,27.7400,100
38148894781999,10:35:48.894,27.7400,100
38148945715105,10:35:48.945,27.7400,100
38148945739962,10:35:48.945,27.7400,100
38149915666143,10:35:49.915,27.7400,100
38153606035434,10:35:53.606,27.7400,100
38171926002418,10:36:11.926,27.7400,68
38171926002418,10:36:11.926,27.7400,100
38212537646493,10:36:52.537,27.7500,37
38234781715187,10:37:14.781,27.7450,100
38234781715187,10:37:14.781,27.7450,500
38234781716082,10:37:14.781,27.7450,300
38234781950198,10:37:14.781,27.7450,1000
38234782076520,10:37:14.782,27.7400,10
38235309414050,10:37:15.309,27.7500,68
38235309461636,10:37:15.309,27.7500,32
38235309461636,10:37:15.309,27.7500,400
38235309461636,10:37:15.309,27.7500,44
38235309472025,10:37:15.309,27.7500,256
38235309472025,10:37:15.309,27.7500,200
38235309472025,10:37:15.309,27.7500,100
38235309472025,10:37:15.309,27.7500,100
38235309472025,10:37:15.309,27.7500,200
38235309472025,10:37:15.309,27.7500,100
38235309796168,10:37:15.309,27.7500,10
38235328515443,10:37:15.328,27.7500,41
38236004107039,10:37:16.004,27.7400,90
38236004591228,10:37:16.004,27.7450,300
38236005113386,10:37:16.005,27.7400,100
38241936644184,10:37:21.936,27.7500,59
38241936644184,10:37:21.936,27.7500,132
38241936669902,10:37:21.936,27.7500,258
38241937081763,10:37:21.937,27.7500,100
38241938486227,10:37:21.938,27.7500,600
38241938486227,10:37:21.938,27.7500,100
38241954136941,10:37:21.954,27.7600,100
38241954136941,10:37:21.954,27.7600,100
38244348903892,10:37:24.348,27.7600,106
38244349481936,10:37:24.349,27.7600,294
38244862893099,10:37:24.862,27.7700,100
38244862894468,10:37:24.862,27.7700,200
38244862920755,10:37:24.862,27.7700,100
38244862920755,10:37:24.862,27.7700,48
38244862920755,10:37:24.862,27.7700,100
38244862920755,10:37:24.862,27.7700,200
38244871963346,10:37:24.871,27.7800,100
38244874937337,10:37:24.874,27.7800,100
38244875009589,10:37:24.875,27.7800,100
38244879305179,10:37:24.879,27.7800,200
38244879305179,10:37:24.879,27.7800,100
38248345127192,10:37:28.345,27.7900,100
38248345127192,10:37:28.345,27.7900,100
38249320963836,10:37:29.320,27.7900,100
38249320976417,10:37:29.320,27.7900,100
38249320976903,10:37:29.320,27.7900,100
38249907111557,10:37:29.907,27.7850,200
38249907111557,10:37:29.907,27.7800,100
38249907111557,10:37:29.907,27.7800,300
38249907111557,10:37:29.907,27.7800,100
38249907139355,10:37:29.907,27.7800,100
38249907139355,10:37:29.907,27.7800,100
38264972746013,10:37:44.972,27.7750,100
38264972746013,10:37:44.972,27.7700,100
38264972746013,10:37:44.972,27.7700,300
38264972792266,10:37:44.972,27.7700,100
38264983055234,10:37:44.983,27.7600,200
38264983055234,10:37:44.983,27.7600,100
38270033249027,10:37:50.033,27.7550,100
38270033249027,10:37:50.033,27.7500,100
38270033250917,10:37:50.033,27.7500,100
38281148728903,10:38:01.148,27.7500,400
38281148728903,10:38:01.148,27.7500,100
38281148728903,10:38:01.148,27.7500,100
38281148895373,10:38:01.148,27.7500,100
38281148895373,10:38:01.148,27.7500,200
38281148895373,10:38:01.148,27.7500,100
38281149166637,10:38:01.149,27.7500,24
38281445511040,10:38:01.445,27.7450,200
38281445511040,10:38:01.445,27.7400,100
38281445543768,10:38:01.445,27.7400,100
38281445543768,10:38:01.445,27.7400,100
38281446028328,10:38:01.446,27.7400,100
38281446028328,10:38:01.446,27.7400,46
38281446028328,10:38:01.446,27.7400,100
38281446028328,10:38:01.446,27.7400,200
38281446028328,10:38:01.446,27.7400,476
38281446028328,10:38:01.446,27.7400,100
38281446171550,10:38:01.446,27.7400,100
38281446255649,10:38:01.446,27.7400,100
38281446344908,10:38:01.446,27.7400,300
38282680787545,10:38:02.680,27.7400,50
38282680794511,10:38:02.680,27.7400,50
38282681045257,10:38:02.681,27.7500,100
38282681082574,10:38:02.681,27.7500,100
38282681398537,10:38:02.681,27.7500,200
38282682093595,10:38:02.682,27.7500,100
38282682368118,10:38:02.682,27.7500,38
38289714864876,10:38:09.714,27.7500,100
38289714864876,10:38:09.714,27.7500,69
38309325005366,10:38:29.325,27.7450,300
38309325058449,10:38:29.325,27.7400,100
38309325058449,10:38:29.325,27.7400,100
38309325058449,10:38:29.325,27.7400,100
38337135038859,10:38:57.135,27.7500,100
38337135080037,10:38:57.135,27.7500,100
38346894650178,10:39:06.894,27.7500,400
38346894650178,10:39:06.894,27.7500,100
38346894650178,10:39:06.894,27.7500,100
38346894650178,10:39:06.894,27.7500,200
38346894964997,10:39:06.894,27.7500,200
38346896353028,10:39:06.896,27.7500,500
38346896353028,10:39:06.896,27.7500,100
38346909245972,10:39:06.909,27.7500,10
38346909696688,10:39:06.909,27.7500,190
38346909696688,10:39:06.909,27.7450,100
38346909696688,10:39:06.909,27.7400,100
38346909696688,10:39:06.909,27.7400,10
38346909773996,10:39:06.909,27.7400,90
38346909773996,10:39:06.909,27.7400,7
38346909779382,10:39:06.909,27.7400,3
38346910396055,10:39:06.910,27.7400,100
38347121169501,10:39:07.121,27.7300,400
38347121169501,10:39:07.121,27.7300,500
38347121169501,10:39:07.121,27.7300,100
38350323008024,10:39:10.323,27.7300,6
38350326782762,10:39:10.326,27.7300,6
38363640832222,10:39:23.640,27.7400,51
38363640832222,10:39:23.640,27.7400,100
38363661446342,10:39:23.661,27.7500,100
38363661762991,10:39:23.661,27.7500,400
38363661762991,10:39:23.661,27.7500,200
38363661762991,10:39:23.661,27.7500,100
38363662213692,10:39:23.662,27.7500,100
38363662264153,10:39:23.662,27.7500,300
38363662264153,10:39:23.662,27.7500,100
38363737543192,10:39:23.737,27.7500,300
38363737543192,10:39:23.737,27.7500,52
38363737543192,10:39:23.737,27.7500,100
38363737543192,10:39:23.737,27.7500,100
38363846579345,10:39:23.846,27.7500,100
38363846579345,10:39:23.846,27.7500,100
38363846579345,10:39:23.846,27.7500,200
38363847522338,10:39:23.847,27.7500,44
38372759060121,10:39:32.759,27.7450,300
38372759118425,10:39:32.759,27.7400,100
38372759118425,10:39:32.759,27.7400,100
38372759118425,10:39:32.759,27.7400,100
38372759633953,10:39:32.759,27.7400,300
38372759633953,10:39:32.759,27.7400,47
38372759633953,10:39:32.759,27.7400,100
38372759633953,10:39:32.759,27.7400,100
38372759633953,10:39:32.759,27.7400,100
38372759633953,10:39:32.759,27.7400,100
38372759633953,10:39:32.759,27.7400,100
38372759633953,10:39:32.759,27.7400,400
38380142970225,10:39:40.142,27.7400,100
38386110835691,10:39:46.110,27.7400,256
38395001861534,10:39:55.001,27.7500,48
38401239114058,10:40:01.239,27.7500,52
