timestamp,time,price,volume
31597971583551,08:46:37.971,83.3300,50
31597971583551,08:46:37.971,83.3300,100
31597971583551,08:46:37.971,83.3300,100
31597971583551,08:46:37.971,83.3300,100
31597971583551,08:46:37.971,83.3300,100
31597971964713,08:46:37.971,83.3300,50
33161687455825,09:12:41.687,83.8100,100
33161687455825,09:12:41.687,83.8100,100
33166101813385,09:12:46.101,83.8100,50
33174747359847,09:12:54.747,83.8000,50
33174747359847,09:12:54.747,83.8000,50
33175033046452,09:12:55.033,83.8100,50
33175033046452,09:12:55.033,83.8000,40
33176082266659,09:12:56.082,83.8000,88
33181359216781,09:13:01.359,83.7900,100
34085012134625,09:28:05.012,83.6700,2
34199069288988,09:29:59.069,82.9000,30
34200021257841,09:30:00.021,82.9000,70
34200126530396,09:30:00.126,83.0200,100
34200243707124,09:30:00.243,83.0200,100
34200801462644,09:30:00.801,83.5400,99
34200801494317,09:30:00.801,83.5600,135
34201412884172,09:30:01.412,83.5600,500
34201457920152,09:30:01.457,83.5600,15
34207349203410,09:30:07.349,83.5000,100
34207353632870,09:30:07.353,83.5000,25
34210029522553,09:30:10.029,83.5200,100
34213439060359,09:30:13.439,83.4900,100
34213439062116,09:30:13.439,83.4900,100
34213439412851,09:30:13.439,83.4600,100
34213439788933,09:30:13.439,83.4600,100
34213439788933,09:30:13.439,83.4800,10
34213440613972,09:30:13.440,83.4600,10
34213441467230,09:30:13.441,83.4400,100
34213441756319,09:30:13.441,83.4500,90
34213441780742,09:30:13.441,83.4500,10
34213441815256,09:30:13.441,83.4400,10
34213442403862,09:30:13.442,83.4400,100
34213449262927,09:30:13.449,83.4800,100
34213449262927,09:30:13.449,83.4800,100
34213449339623,09:30:13.449,83.4700,26
34213449339623,09:30:13.449,83.4700,10
34213455025850,09:30:13.455,83.4800,10
34213455025850,09:30:13.455,83.4800,10
34213475933159,09:30:13.475,83.4700,100
34218483703638,09:30:18.483,83.5600,20
34218483773229,09:30:18.483,83.5600,100
34218483868408,09:30:18.483,83.5600,305
34218485644301,09:30:18.485,83.6000,100
34218488828919,09:30:18.488,83.6300,100
34219772969873,09:30:19.772,83.6800,100
34219772970614,09:30:19.772,83.7200,100
34227031875463,09:30:27.031,83.6700,100
34227031976560,09:30:27.031,83.6400,95
34227032045276,09:30:27.032,83.6400,100
34228247461306,09:30:28.247,83.9700,100
34228247461852,09:30:28.247,84.0000,100
34228250089397,09:30:28.250,84.0100,100
34235042639595,09:30:35.042,84.0400,100
34235042639595,09:30:35.042,84.0400,100
34235042641093,09:30:35.042,84.0200,100
34235042641643,09:30:35.042,84.0100,100
34235042641643,09:30:35.042,84.0100,100
34235042678632,09:30:35.042,84.0100,100
34235042768731,09:30:35.042,84.0100,100
34235042782520,09:30:35.042,84.0100,100
34235042916473,09:30:35.042,84.0100,200
34235043947604,09:30:35.043,84.0000,100
34235043947604,09:30:35.043,84.0000,10
34235046707016,09:30:35.046,84.0000,100
34235046707016,09:30:35.046,84.0100,100
34245112131749,09:30:45.112,83.9600,90
34245112131749,09:30:45.112,83.9400,100
34245112131749,09:30:45.112,83.9400,8
34245133817845,09:30:45.133,83.9400,90
34245254993983,09:30:45.254,83.9500,100
34245256793298,09:30:45.256,83.9200,100
34252188597655,09:30:52.188,83.8900,100
34273918363560,09:31:13.918,83.3500,100
34273918494560,09:31:13.918,83.3500,100
34284816420780,09:31:24.816,83.5200,100
34284816420780,09:31:24.816,83.5300,100
34284816420780,09:31:24.816,83.5400,85
34368142622139,09:32:48.142,83.3350,100
34392448907521,09:33:12.448,83.2600,5
34403650861033,09:33:23.650,83.0700,43
34403650924132,09:33:23.650,83.0700,57
34403655220172,09:33:23.655,83.0600,43
34403655245545,09:33:23.655,83.0600,357
34403685635479,09:33:23.685,82.8400,23
34403685852258,09:33:23.685,82.8300,59
34403697296559,09:33:23.697,82.7500,59
34403697296559,09:33:23.697,82.7500,23
34404000790525,09:33:24.000,82.9400,100
34404000790525,09:33:24.000,82.9500,51
34404001020108,09:33:24.001,82.9500,133
34404001202131,09:33:24.001,82.9500,16
34428533464509,09:33:48.533,82.9400,100
34428533468037,09:33:48.533,82.9400,100
34457439295828,09:34:17.439,83.1800,7
34457439359999,09:34:17.439,83.1800,100
34457443483620,09:34:17.443,83.1800,100
34467675201616,09:34:27.675,83.1500,100
34467675791556,09:34:27.675,83.1500,100
34467708552856,09:34:27.708,83.0900,3
34467727529932,09:34:27.727,83.0700,100
34480563249431,09:34:40.563,83.1000,200
34480590594063,09:34:40.590,83.1500,100
34514491893503,09:35:14.491,83.2000,100
34514491894847,09:35:14.491,83.2000,100
34545855096072,09:35:45.855,83.1500,68
34545855174144,09:35:45.855,83.1500,100
34560543010717,09:36:00.543,83.0500,100
34566759976325,09:36:06.759,83.0250,100
34566760808758,09:36:06.760,82.9600,100
34583457930931,09:36:23.457,82.9550,100
34615217469117,09:36:55.217,83.1500,26
34615217484004,09:36:55.217,83.1500,74
34622824258956,09:37:02.824,83.1900,100
34632491971634,09:37:12.491,83.2000,100
34632492606162,09:37:12.492,83.2000,100
34632622681784,09:37:12.622,83.2000,100
34632622759142,09:37:12.622,83.2000,100
34685425769345,09:38:05.425,83.1600,100
34707798783716,09:38:27.798,83.2200,96
34707841198514,09:38:27.841,83.2200,4
34749464398037,09:39:09.464,83.4100,100
34818541996488,09:40:18.541,83.5500,100
34839823865238,09:40:39.823,83.3900,100
34852292834999,09:40:52.292,83.3900,100
34879847161499,09:41:19.847,83.4600,100
34879848312744,09:41:19.848,83.4000,100
34920547692176,09:42:00.547,83.3500,100
34920549024671,09:42:00.549,83.3500,100
34961060682903,09:42:41.060,83.2500,100
35019698660960,09:43:39.698,83.3800,100
35019701281458,09:43:39.701,83.3400,100
35043513206973,09:44:03.513,83.2300,100
35043513540220,09:44:03.513,83.2300,100
35043514206547,09:44:03.514,83.2300,100
35065205670830,09:44:25.205,83.1200,100
35158516157840,09:45:58.516,83.2000,100
35158516268384,09:45:58.516,83.1600,100
35158516339426,09:45:58.516,83.1600,100
35158517289118,09:45:58.517,83.1600,100
35179349428086,09:46:19.349,83.1800,100
35188160222500,09:46:28.160,83.1500,3
35188160239911,09:46:28.160,83.1500,97
35191130181055,09:46:31.130,83.1500,80
35191130181055,09:46:31.130,83.1700,20
35196062361644,09:46:36.062,83.1800,52
35196062389411,09:46:36.062,83.1800,48
35287899675771,09:48:07.899,83.1500,100
35287899951976,09:48:07.899,83.1500,100
35287900361816,09:48:07.900,83.1400,100
35314979642739,09:48:34.979,82.9800,10
35321629537316,09:48:41.629,82.9000,15
35321629606159,09:48:41.629,82.9000,100
35321629891611,09:48:41.629,82.8800,100
35321825505182,09:48:41.825,82.8500,100
35321825505182,09:48:41.825,82.8500,100
35321885691274,09:48:41.885,82.8800,100
35326559482108,09:48:46.559,82.8900,2
35326559539014,09:48:46.559,82.8900,98
35326559619442,09:48:46.559,82.8900,100
35326559712454,09:48:46.559,82.8800,50
35326559798133,09:48:46.559,82.8800,50
35331844274508,09:48:51.844,82.9300,100
35335027428647,09:48:55.027,82.9400,100
35335030865159,09:48:55.030,82.9400,100
35338029527583,09:48:58.029,82.9100,10
35338029551488,09:48:58.029,82.9100,90
35355032837646,09:49:15.032,82.9700,100
35355034141967,09:49:15.034,82.9900,5
35390020884990,09:49:50.020,82.9800,100
35395055142224,09:49:55.055,82.9900,52
35398404102086,09:49:58.404,82.9900,48
35427680142592,09:50:27.680,83.0600,10
35440803571116,09:50:40.803,83.0000,100
35440804436018,09:50:40.804,83.0000,100
35464976286685,09:51:04.976,83.0100,100
35464977138870,09:51:04.977,83.0200,100
35464979813776,09:51:04.979,83.0600,100
35471033339459,09:51:11.033,83.0300,100
35485024143176,09:51:25.024,83.0200,100
35530025139174,09:52:10.025,83.1000,100
35530025705954,09:52:10.025,83.1200,100
35530025773628,09:52:10.025,83.1200,100
35565997065409,09:52:45.997,82.9900,100
35566006123323,09:52:46.006,83.0400,100
35566029063885,09:52:46.029,83.0400,1
35575783177426,09:52:55.783,83.0600,100
35618028682330,09:53:38.028,83.0900,100
35643877927152,09:54:03.877,83.1100,4
35643880602548,09:54:03.880,83.1200,100
35643880603832,09:54:03.880,83.1200,100
35643880603832,09:54:03.880,83.1200,100
35650687089481,09:54:10.687,83.1200,100
35650687569037,09:54:10.687,83.1100,100
35665024190347,09:54:25.024,83.1200,100
35708724997044,09:55:08.724,83.0600,100
35708725046965,09:55:08.725,83.0600,100
35708725080558,09:55:08.725,83.0700,100
35708725169939,09:55:08.725,83.0600,100
35741014789609,09:55:41.014,83.0300,100
35741845305536,09:55:41.845,82.9100,100
35746446025960,09:55:46.446,82.9700,100
35746448008119,09:55:46.448,82.9800,100
35756991078230,09:55:56.991,83.0400,100
35762342458611,09:56:02.342,83.0200,101
35762342535560,09:56:02.342,83.0200,100
35768019410289,09:56:08.019,82.9900,100
35792507988562,09:56:32.507,83.0300,100
35832183782273,09:57:12.183,83.0200,100
35832183782273,09:57:12.183,83.0200,1
35844118400949,09:57:24.118,83.0300,100
35844118785830,09:57:24.118,83.0400,100
35844119620320,09:57:24.119,83.0500,100
35844121090695,09:57:24.121,83.0400,100
35853499031990,09:57:33.499,83.1300,100
35853499597343,09:57:33.499,83.1300,15
35867425730194,09:57:47.425,83.0800,100
35882496389392,09:58:02.496,83.0200,100
35882937965751,09:58:02.937,83.0000,200
35882937965751,09:58:02.937,83.0100,100
35885563595511,09:58:05.563,83.0100,100
35899003032944,09:58:19.003,83.0300,100
35916938633226,09:58:36.938,83.0700,100
35933211630300,09:58:53.211,83.0500,100
35975552632348,09:59:35.552,83.0700,100
35975552632348,09:59:35.552,83.0900,65
35975552660078,09:59:35.552,83.0900,35
35975552747287,09:59:35.552,83.1000,100
35975552747287,09:59:35.552,83.1000,100
35975554118312,09:59:35.554,83.0900,100
35975554118312,09:59:35.554,83.0900,100
35999469371945,09:59:59.469,83.1100,100
35999469457448,09:59:59.469,83.1000,10
35999469540927,09:59:59.469,83.1100,10
36033153776730,10:00:33.153,83.1100,200
36033154059416,10:00:33.154,83.1000,100
36033154059416,10:00:33.154,83.1000,100
36033160028618,10:00:33.160,83.0800,100
36039397585275,10:00:39.397,83.0800,6
36039398694555,10:00:39.398,83.0900,100
36039404393900,10:00:39.404,83.1000,200
36166029543689,10:02:46.029,83.0300,200
36166029543689,10:02:46.029,83.0200,100
36166029543689,10:02:46.029,83.0200,100
36166029775242,10:02:46.029,83.0200,7
36166720275858,10:02:46.720,82.9950,100
36247539661435,10:04:07.539,83.0000,100
36247540327029,10:04:07.540,83.0100,100
36275960480996,10:04:35.960,83.0500,100
36275960480996,10:04:35.960,83.0600,12
36275960481931,10:04:35.960,83.0600,100
36275960741073,10:04:35.960,83.0500,10
36275960825002,10:04:35.960,83.0600,10
36275961100016,10:04:35.961,83.0600,10
36275961431544,10:04:35.961,83.0600,10
36280478636333,10:04:40.478,83.0300,1
36281763854361,10:04:41.763,83.0100,8
36313461692598,10:05:13.461,82.9000,100
36321018877922,10:05:21.018,82.8800,100
36321018877922,10:05:21.018,82.8800,100
36321018877922,10:05:21.018,82.8800,100
36391115671454,10:06:31.115,82.9600,100
36391117355489,10:06:31.117,82.9700,20
36391117642922,10:06:31.117,82.9700,80
36391117642922,10:06:31.117,82.9700,20
36391117843917,10:06:31.117,82.9500,10
36391117958020,10:06:31.117,82.9600,80
36391310895224,10:06:31.310,82.9500,30
36391311413759,10:06:31.311,82.9600,10
36391311413759,10:06:31.311,82.9600,10
36391311413759,10:06:31.311,82.9600,10
36400677046525,10:06:40.677,82.9400,80
36400677046525,10:06:40.677,82.9400,100
36400677046525,10:06:40.677,82.9400,6
36400678803550,10:06:40.678,82.9400,100
36400678803550,10:06:40.678,82.9400,100
36466863469785,10:07:46.863,82.9100,100
36466863469785,10:07:46.863,82.9100,8
36478819382510,10:07:58.819,82.9000,100
36478823240292,10:07:58.823,82.9100,100
36480024960620,10:08:00.024,82.9200,100
36489963773252,10:08:09.963,82.9300,100
36495024413615,10:08:15.024,82.9600,100
36497222279761,10:08:17.222,82.9300,100
36497222279761,10:08:17.222,82.9300,100
36497222722656,10:08:17.222,82.9300,100
36497222783284,10:08:17.222,82.9300,10
36497227108689,10:08:17.227,82.9200,100
36498725737248,10:08:18.725,82.9300,10
36498725844418,10:08:18.725,82.9300,50
36498725891206,10:08:18.725,82.9300,50
36517891960664,10:08:37.891,82.9200,100
36601292930835,10:10:01.292,82.9800,100
36601293261594,10:10:01.293,82.9800,100
36601293762350,10:10:01.293,82.9800,100
36601296154371,10:10:01.296,82.9800,100
36601311896534,10:10:01.311,82.9700,130
36601312197319,10:10:01.312,82.9700,53
36630920444059,10:10:30.920,82.9400,8
36701572605108,10:11:41.572,83.1300,100
36756181930033,10:12:36.181,83.1700,100
36756183368826,10:12:36.183,83.2100,30
36763867773042,10:12:43.867,83.2000,100
36763881586704,10:12:43.881,83.1600,100
36763881586704,10:12:43.881,83.1600,100
36763881663291,10:12:43.881,83.1600,100
36768369222504,10:12:48.369,83.1600,200
36818983200797,10:13:38.983,83.2300,100
36861378286600,10:14:21.378,83.2600,100
36861378286600,10:14:21.378,83.2500,1
36861378911509,10:14:21.378,83.2500,5
36861378911509,10:14:21.378,83.2500,95
36893747155448,10:14:53.747,83.2700,100
36901771638517,10:15:01.771,83.2400,100
36906242863719,10:15:06.242,83.2200,100
36906242959409,10:15:06.242,83.2200,100
36920780174925,10:15:20.780,83.2100,100
36920780262406,10:15:20.780,83.2100,100
36920781041007,10:15:20.781,83.2200,100
36920846034183,10:15:20.846,83.2200,100
37054958825961,10:17:34.958,83.1400,7
37071043103340,10:17:51.043,83.0900,300
37071043171874,10:17:51.043,83.0900,70
37071043887019,10:17:51.043,83.0900,30
37071045919826,10:17:51.045,83.1200,100
37071045919826,10:17:51.045,83.1200,70
37071174745071,10:17:51.174,83.1200,30
37071174745071,10:17:51.174,83.1200,70
37071776195964,10:17:51.776,83.1200,30
37082068605171,10:18:02.068,83.1400,100
37082068695832,10:18:02.068,83.1400,100
37082073393031,10:18:02.073,83.1400,100
37082077754997,10:18:02.077,83.1800,100
37127483413277,10:18:47.483,83.2300,100
37128248836958,10:18:48.248,83.2300,10
37252874603200,10:20:52.874,83.2700,100
37252874603200,10:20:52.874,83.2700,6
37252874617073,10:20:52.874,83.2700,68
37252874623903,10:20:52.874,83.2700,26
37252875559868,10:20:52.875,83.2800,7
37252875594397,10:20:52.875,83.2800,4
37252878500620,10:20:52.878,83.2900,100
37282231777957,10:21:22.231,83.3400,6
37282231808528,10:21:22.231,83.3500,100
37285373825026,10:21:25.373,83.3300,100
37290248507026,10:21:30.248,83.3700,100
37346563447693,10:22:26.563,83.3000,4
37418601526259,10:23:38.601,83.2700,100
37418601526259,10:23:38.601,83.2700,100
37418602656261,10:23:38.602,83.2800,100
37487720903407,10:24:47.720,83.3150,100
37489991245557,10:24:49.991,83.3000,100
37489991307217,10:24:49.991,83.3000,200
37495932543260,10:24:55.932,83.2800,5
37568017512113,10:26:08.017,83.2400,6
37605726130480,10:26:45.726,83.2000,100
37605726673070,10:26:45.726,83.2000,100
37605727062070,10:26:45.727,83.2000,35
37631371560991,10:27:11.371,83.2400,100
37631372148043,10:27:11.372,83.2400,100
37631372507344,10:27:11.372,83.2400,10
37670873438774,10:27:50.873,83.1800,100
37670873848975,10:27:50.873,83.1700,100
37680343738883,10:28:00.343,83.1400,30
37723971801818,10:28:43.971,83.1800,100
37804007877127,10:30:04.007,83.2600,100
37810417945453,10:30:10.417,83.2400,100
37810417945453,10:30:10.417,83.2400,6
37838865672448,10:30:38.865,83.2600,100
37838865672448,10:30:38.865,83.2600,100
37838866689781,10:30:38.866,83.2600,6
37838866725155,10:30:38.866,83.2600,94
37931030883421,10:32:11.030,83.2600,6
37943463385581,10:32:23.463,83.2500,100
38005216789640,10:33:25.216,83.2900,100
38005216789640,10:33:25.216,83.2900,100
38005222892572,10:33:25.222,83.3200,100
38005227555105,10:33:25.227,83.3300,100
38009695829730,10:33:29.695,83.3150,100
38009706212147,10:33:29.706,83.2800,100
38009736044567,10:33:29.736,83.2800,100
38017048126863,10:33:37.048,83.2950,100
38076404200270,10:34:36.404,83.2500,100
38098284067204,10:34:58.284,83.2700,2
38098284067204,10:34:58.284,83.2700,100
38102675277988,10:35:02.675,83.2800,100
38107879233997,10:35:07.879,83.2800,62
38107879340092,10:35:07.879,83.2700,62
38146994169513,10:35:46.994,83.2400,6
38163915977613,10:36:03.915,83.2300,61
38163916020240,10:36:03.916,83.2200,6
38167574056533,10:36:07.574,83.2400,30
38170644736515,10:36:10.644,83.2200,61
38187666100265,10:36:27.666,83.2800,100
38187666990604,10:36:27.666,83.2800,88
38217081834464,10:36:57.081,83.3100,100
38217113513989,10:36:57.113,83.3000,32
38227169764497,10:37:07.169,83.3200,100
38234331036995,10:37:14.331,83.3000,100
38234331173353,10:37:14.331,83.3000,100
38234331245250,10:37:14.331,83.3000,50
38234331268696,10:37:14.331,83.3000,50
38275621644793,10:37:55.621,83.2400,100
38276387823789,10:37:56.387,83.2400,100
38276387825041,10:37:56.387,83.2300,100
38314923905006,10:38:34.923,83.2800,100
38314923905006,10:38:34.923,83.2800,99
38318685955295,10:38:38.685,83.2800,1
38330026090396,10:38:50.026,83.3000,100
38469351702283,10:41:09.351,83.2800,100
38469351702283,10:41:09.351,83.2800,100
38469357449379,10:41:09.357,83.2700,18
38470021381148,10:41:10.021,83.2800,100
38470021464585,10:41:10.021,83.2800,100
38493729109513,10:41:33.729,83.2600,6
38547791451429,10:42:27.791,83.2300,5
38599353971055,10:43:19.353,83.2000,100
38599353971055,10:43:19.353,83.2000,100
38642266099551,10:44:02.266,83.2300,100
38642266099551,10:44:02.266,83.2300,100
38645656213972,10:44:05.656,83.2400,100
38854362817084,10:47:34.362,83.2600,23
38854362865705,10:47:34.362,83.2600,77
38854362865705,10:47:34.362,83.2600,6
38854372646231,10:47:34.372,83.2800,14
38888976823464,10:48:08.976,83.2500,100
38910258184494,10:48:30.258,83.2400,4
38934588968507,10:48:54.588,83.2400,96
38948752447620,10:49:08.752,83.2200,70
38966207574083,10:49:26.207,83.2200,5
38966207598682,10:49:26.207,83.2200,9
38981912472992,10:49:41.912,83.2200,100
38981915158361,10:49:41.915,83.2400,100
38981915225805,10:49:41.915,83.2400,100
38987322622187,10:49:47.322,83.2500,100
38987322622187,10:49:47.322,83.2500,100
39010685174990,10:50:10.685,83.2400,100
39010685174990,10:50:10.685,83.2400,6
39025325449329,10:50:25.325,83.2100,11
39119572244290,10:51:59.572,83.2300,100
39119572444714,10:51:59.572,83.2300,100
39119572541613,10:51:59.572,83.2400,100
39119612164368,10:51:59.612,83.2600,100
39119618210262,10:51:59.618,83.2600,100
39141809504479,10:52:21.809,83.2800,31
39141809550941,10:52:21.809,83.2800,83
39172419872437,10:52:52.419,83.3000,6
39303059689553,10:55:03.059,83.2900,100
39303059776637,10:55:03.059,83.2900,100
39310832646475,10:55:10.832,83.3200,4
39315869912524,10:55:15.869,83.3400,11
39315870072910,10:55:15.870,83.3400,100
39315870074582,10:55:15.870,83.3400,253
39348147123671,10:55:48.147,83.3600,100
39348147123671,10:55:48.147,83.3600,5
39348147509214,10:55:48.147,83.3500,100
39396227804683,10:56:36.227,83.3700,100
39458996328280,10:57:38.996,83.3400,5
39458996328280,10:57:38.996,83.3400,95
39458996338457,10:57:38.996,83.3400,5
39459047612075,10:57:39.047,83.3150,100
39459048430314,10:57:39.048,83.3150,100
39459048664288,10:57:39.048,83.3100,100
39536351360088,10:58:56.351,83.2600,100
39536351360088,10:58:56.351,83.2600,100
39536352930054,10:58:56.352,83.2700,50
39536353000294,10:58:56.353,83.2700,50
39536353000294,10:58:56.353,83.2700,50
39607324133068,11:00:07.324,83.3200,55
39611768349671,11:00:11.768,83.2900,100
39613039442164,11:00:13.039,83.2800,5
39632579910034,11:00:32.579,83.2900,30
39663310195597,11:01:03.310,83.3200,1
39673422597409,11:01:13.422,83.3000,30
39888908114223,11:04:48.908,83.3000,100
39888908152729,11:04:48.908,83.3000,5
39888908171391,11:04:48.908,83.3000,95
39888908171391,11:04:48.908,83.3000,5
39890492098144,11:04:50.492,83.3000,100
39890492098144,11:04:50.492,83.3000,100
39940241086368,11:05:40.241,83.3600,6
39940241086368,11:05:40.241,83.3600,4
39968515296009,11:06:08.515,83.3400,5
39983106821177,11:06:23.106,83.3500,100
40045435683835,11:07:25.435,83.3600,100
40045435683835,11:07:25.435,83.3600,100
40061065217040,11:07:41.065,83.3900,100
40061065446011,11:07:41.065,83.3900,100
40061065863403,11:07:41.065,83.4000,4
40063404256052,11:07:43.404,83.3700,32
40063404980353,11:07:43.404,83.3700,100
40063405074835,11:07:43.405,83.3700,100
40063405311501,11:07:43.405,83.3600,100
40063405311501,11:07:43.405,83.3600,10
40063405683854,11:07:43.405,83.3700,10
40080971579755,11:08:00.971,83.3300,100
40081288091607,11:08:01.288,83.3400,100
40081288442327,11:08:01.288,83.3400,100
40087492149509,11:08:07.492,83.3500,100
40087492225907,11:08:07.492,83.3500,100
40087595011440,11:08:07.595,83.3400,200
40150027657150,11:09:10.027,83.3400,100
40168082798618,11:09:28.082,83.3100,6
40191203110220,11:09:51.203,83.3300,7
40191203164322,11:09:51.203,83.3300,93
40274198260696,11:11:14.198,83.3000,6
40274220129058,11:11:14.220,83.3000,25
40274253011514,11:11:14.253,83.3000,75
40277949944351,11:11:17.949,83.2900,9
40294021521843,11:11:34.021,83.2600,100
40298103618023,11:11:38.103,83.2350,100
40298105477300,11:11:38.105,83.2200,70
40299622527508,11:11:39.622,83.2100,200
40299623211763,11:11:39.623,83.2100,100
40299656198622,11:11:39.656,83.2100,100
40305033711039,11:11:45.033,83.2400,100
40305033759367,11:11:45.033,83.2400,100
40333803583537,11:12:13.803,83.2700,100
40390150087228,11:13:10.150,83.2500,100
40390150087228,11:13:10.150,83.2500,7
40447179244036,11:14:07.179,83.2500,100
40447179244036,11:14:07.179,83.2500,100
40447179244036,11:14:07.179,83.2500,100
40481287954582,11:14:41.287,83.2400,123
40487756844335,11:14:47.756,83.2300,7
40487758672833,11:14:47.758,83.2200,47
40487758736432,11:14:47.758,83.2200,53
40536571770059,11:15:36.571,83.2100,100
40627520142764,11:17:07.520,83.1800,8
40637430926978,11:17:17.430,83.1800,100
40637430926978,11:17:17.430,83.2100,100
40692608555898,11:18:12.608,83.2100,100
40692608555898,11:18:12.608,83.2100,100
40692608852358,11:18:12.608,83.2100,100
40696237066981,11:18:16.237,83.2400,3
40696590842029,11:18:16.590,83.2400,2
40699114781567,11:18:19.114,83.2300,100
40699114807482,11:18:19.114,83.2300,100
40699114807482,11:18:19.114,83.2300,9
40702112427397,11:18:22.112,83.2100,100
40720587709859,11:18:40.587,83.2000,100
40720587709859,11:18:40.587,83.2000,100
40759286162299,11:19:19.286,83.1800,100
40759286490989,11:19:19.286,83.1800,20
40807580658894,11:20:07.580,83.1800,100
40807580658894,11:20:07.580,83.1800,57
40807580692752,11:20:07.580,83.1800,43
40807580692752,11:20:07.580,83.1800,100
40807580692752,11:20:07.580,83.1800,100
40807580692752,11:20:07.580,83.1800,100
40807581765706,11:20:07.581,83.1900,100
40807582068573,11:20:07.582,83.1900,100
40807595968506,11:20:07.595,83.2100,100
40897610144628,11:21:37.610,83.2100,2
40897610144628,11:21:37.610,83.2100,100
40900021704503,11:21:40.021,83.2200,100
40900021739408,11:21:40.021,83.2200,2
40900021760156,11:21:40.021,83.2200,14
40930533261833,11:22:10.533,83.2300,8
40945806267734,11:22:25.806,83.2200,100
40945806738966,11:22:25.806,83.2200,100
40946246257352,11:22:26.246,83.2300,8
40946246325189,11:22:26.246,83.2300,100
40993203767724,11:23:13.203,83.2400,100
41020378045718,11:23:40.378,83.2500,100
41058839667701,11:24:18.839,83.3000,81
41058941130559,11:24:18.941,83.3000,19
41063064242074,11:24:23.064,83.2950,100
41063064295488,11:24:23.064,83.2800,100
41072912981105,11:24:32.912,83.2700,8
41080725164222,11:24:40.725,83.2400,100
41189876605253,11:26:29.876,83.2200,100
41189876988822,11:26:29.876,83.2300,10
41189877070662,11:26:29.877,83.2200,10
41189877147497,11:26:29.877,83.2200,10
41189877167517,11:26:29.877,83.2200,10
41189877197010,11:26:29.877,83.2200,10
41189994749913,11:26:29.994,83.2100,100
41190002751573,11:26:30.002,83.2100,100
41190002751573,11:26:30.002,83.2100,8
41190006357456,11:26:30.006,83.2000,100
41252685841778,11:27:32.685,83.1700,100
41289014371697,11:28:09.014,83.2100,100
41289014747692,11:28:09.014,83.2100,100
41289030916951,11:28:09.030,83.2100,100
41338990575716,11:28:58.990,83.2000,41
41350545784163,11:29:10.545,83.1800,10
41357370142032,11:29:17.370,83.1800,5
41398148995704,11:29:58.148,83.1600,49
41401037886126,11:30:01.037,83.1500,20
41401037910630,11:30:01.037,83.1500,80
41401037910630,11:30:01.037,83.1500,100
41401038716075,11:30:01.038,83.1400,100
41401038716075,11:30:01.038,83.1400,200
41401094715996,11:30:01.094,83.1300,100
41403273834767,11:30:03.273,83.1300,100
41403274067039,11:30:03.274,83.1300,100
41403274714433,11:30:03.274,83.1400,5
41444587560856,11:30:44.587,83.1500,34
41457207188700,11:30:57.207,83.1700,5
41465252163045,11:31:05.252,83.1800,100
41498581880674,11:31:38.581,83.2100,6
41498605061846,11:31:38.605,83.2200,10
41502638953453,11:31:42.638,83.2100,10
41502638953453,11:31:42.638,83.2100,10
41525118124494,11:32:05.118,83.2100,5
41525118124494,11:32:05.118,83.2100,59
41525118126538,11:32:05.118,83.2000,100
41525118126538,11:32:05.118,83.2000,50
41525118126538,11:32:05.118,83.2000,100
41525118166066,11:32:05.118,83.2100,10
41525118707298,11:32:05.118,83.2100,31
41525118707298,11:32:05.118,83.2100,10
41533745819472,11:32:13.745,83.2400,100
41533746115560,11:32:13.746,83.2400,12
41533746115560,11:32:13.746,83.2400,9
41536085537004,11:32:16.085,83.2500,5
41536085537004,11:32:16.085,83.2500,95
41536085835798,11:32:16.085,83.2500,5
41632074066711,11:33:52.074,83.2400,5
41692377142670,11:34:52.377,83.2700,5
41694928800198,11:34:54.928,83.3000,100
41695023460315,11:34:55.023,83.3100,100
41715531120921,11:35:15.531,83.3000,100
41715531120921,11:35:15.531,83.2900,9
41715531120921,11:35:15.531,83.2900,2
41715536123147,11:35:15.536,83.2900,98
41715540475202,11:35:15.540,83.2800,1
41720978761816,11:35:20.978,83.2900,5
41788287636494,11:36:28.287,83.3100,100
41788287710101,11:36:28.287,83.2900,8
41833325649252,11:37:13.325,83.3200,100
41854922116711,11:37:34.922,83.3200,5
41857837756997,11:37:37.837,83.3000,100
41857837756997,11:37:37.837,83.3000,2
41857859999746,11:37:37.859,83.3000,5
41922006725654,11:38:42.006,83.3300,5
41932776757027,11:38:52.776,83.3200,100
41932776757027,11:38:52.776,83.3200,8
41959611947598,11:39:19.611,83.2900,100
41960061603170,11:39:20.061,83.2800,100
41981254914121,11:39:41.254,83.2700,100
42000066408377,11:40:00.066,83.2700,100
42021507346001,11:40:21.507,83.2900,100
42021599781134,11:40:21.599,83.2900,200
42044194012053,11:40:44.194,83.2800,6
42044194012053,11:40:44.194,83.2800,100
42112973799653,11:41:52.973,83.2800,9
42117520707692,11:41:57.520,83.2900,100
42120245113485,11:42:00.245,83.3200,5
42197421016809,11:43:17.421,83.3300,100
42236594691725,11:43:56.594,83.3200,9
42251500770094,11:44:11.500,83.2900,100
42251500770094,11:44:11.500,83.2900,9
42261315713193,11:44:21.315,83.3000,100
42261316372638,11:44:21.316,83.3000,100
42290538937703,11:44:50.538,83.2900,5
42332928653139,11:45:32.928,83.3100,12
42332928653139,11:45:32.928,83.3100,88
42332928683332,11:45:32.928,83.3100,12
42363350585183,11:46:03.350,83.3000,8
42378661802199,11:46:18.661,83.3200,100
42379960970930,11:46:19.960,83.3200,80
42388489794282,11:46:28.489,83.3050,100
42388489860192,11:46:28.489,83.2900,100
42388490914734,11:46:28.490,83.2800,100
42388490914734,11:46:28.490,83.2800,100
42415701532696,11:46:55.701,83.2900,10
42439389756318,11:47:19.389,83.3300,5
42458309458275,11:47:38.309,83.3100,100
42480657868730,11:48:00.657,83.3000,4
42482193913484,11:48:02.193,83.3100,5
42482195750379,11:48:02.195,83.3200,100
42482197579908,11:48:02.197,83.3200,100
42482405734733,11:48:02.405,83.3200,11
42484555413323,11:48:04.555,83.3200,1
42499221827231,11:48:19.221,83.3500,100
42499222862171,11:48:19.222,83.3400,62
42506988357280,11:48:26.988,83.3500,100
42509664512175,11:48:29.664,83.3500,62
42515108591960,11:48:35.108,83.3500,8
42538646582307,11:48:58.646,83.3600,15
42555922077911,11:49:15.922,83.3600,5
42555922077911,11:49:15.922,83.3600,95
42555922258405,11:49:15.922,83.3600,5
42555929358820,11:49:15.929,83.3700,100
42557410363321,11:49:17.410,83.3700,11
42567407881509,11:49:27.407,83.3800,1
42571687057386,11:49:31.687,83.3800,50
42585721918497,11:49:45.721,83.3700,62
42598558661268,11:49:58.558,83.3900,62
42598558661268,11:49:58.558,83.3900,18
42611275631008,11:50:11.275,83.3700,9
42611275631008,11:50:11.275,83.3700,62
42611275631008,11:50:11.275,83.3700,5
42611276279889,11:50:11.276,83.3650,100
42620177801693,11:50:20.177,83.3600,5
42620177801693,11:50:20.177,83.3600,100
42620372693073,11:50:20.372,83.3700,100
42635999394232,11:50:35.999,83.3800,62
42638213357361,11:50:38.213,83.3900,100
42652290608320,11:50:52.290,83.3800,62
42664965291391,11:51:04.965,83.3900,63
42667577935630,11:51:07.577,83.4000,5
42671607883032,11:51:11.607,83.4000,7
42674096551688,11:51:14.096,83.4000,63
42699447675250,11:51:39.447,83.3900,100
42699448877186,11:51:39.448,83.3900,5
42713374131471,11:51:53.374,83.3900,100
42713374466731,11:51:53.374,83.3900,91
42741393682053,11:52:21.393,83.4100,8
42748263258414,11:52:28.263,83.4200,84
42749435036672,11:52:29.435,83.4300,100
42772256852282,11:52:52.256,83.4300,100
42793500575478,11:53:13.500,83.4600,100
42793525214423,11:53:13.525,83.4700,5
42840425975996,11:54:00.425,83.4600,100
42840426003536,11:54:00.426,83.4700,100
42859915138486,11:54:19.915,83.4800,100
42859915596862,11:54:19.915,83.4900,5
42900664688007,11:55:00.664,83.5100,5
42942873640175,11:55:42.873,83.5400,100
42942873685193,11:55:42.873,83.5500,100
42942875028349,11:55:42.875,83.5600,100
42963225445588,11:56:03.225,83.5800,100
43035703976696,11:57:15.703,83.5800,100
43109712565754,11:58:29.712,83.5700,100
43109712565754,11:58:29.712,83.5700,7
43159923799356,11:59:19.923,83.6100,100
43159923869865,11:59:19.923,83.6100,100
43196327523842,11:59:56.327,83.5800,100
43217540931536,12:00:17.540,83.6100,7
43217540931536,12:00:17.540,83.6100,25
43222411021601,12:00:22.411,83.5800,7
43255735987779,12:00:55.735,83.5800,5
43255735987779,12:00:55.735,83.5800,95
43258748780562,12:00:58.748,83.5800,5
43258748780562,12:00:58.748,83.5800,4
43267479063111,12:01:07.479,83.5600,100
43299576186153,12:01:39.576,83.5500,100
43304071437970,12:01:44.071,83.5600,5
43304072209283,12:01:44.072,83.5600,5
43312847422489,12:01:52.847,83.5500,100
43319082129081,12:01:59.082,83.5600,5
43319085201972,12:01:59.085,83.5600,7
43339744458352,12:02:19.744,83.5800,100
43343387683860,12:02:23.387,83.5800,100
43347412341145,12:02:27.412,83.5700,6
43369377344676,12:02:49.377,83.5800,5
43389116846206,12:03:09.116,83.5800,100
43437894874429,12:03:57.894,83.5800,5
43437894874429,12:03:57.894,83.5800,2
43445555166041,12:04:05.555,83.5700,1
43450009707351,12:04:10.009,83.5900,100
43450009806506,12:04:10.009,83.5900,3
43450013439094,12:04:10.013,83.6000,100
43450017090257,12:04:10.017,83.5900,12
43452412068276,12:04:12.412,83.5900,1
43452412112746,12:04:12.412,83.5900,87
43476790826648,12:04:36.790,83.6100,5
43525360891236,12:05:25.360,83.6200,5
43525360891236,12:05:25.360,83.6200,13
43574261518041,12:06:14.261,83.6300,100
43574343489864,12:06:14.343,83.6400,88
43574343515654,12:06:14.343,83.6400,112
43574378671488,12:06:14.378,83.6500,100
43658976708886,12:07:38.976,83.6700,5
43691497631820,12:08:11.497,83.6800,100
43697762771392,12:08:17.762,83.7000,100
43697762830554,12:08:17.762,83.7000,10
43703243546748,12:08:23.243,83.7100,100
43703243633609,12:08:23.243,83.7100,98
43703243842733,12:08:23.243,83.7100,2
43746340306623,12:09:06.340,83.7500,65
43746340306623,12:09:06.340,83.7500,5
43789313734330,12:09:49.313,83.7100,100
43804267361052,12:10:04.267,83.7100,5
43804267361052,12:10:04.267,83.7100,100
43809079133195,12:10:09.079,83.7200,100
43825730076057,12:10:25.730,83.7500,22
43834431829633,12:10:34.431,83.7600,5
43841176952592,12:10:41.176,83.7400,5
43841176952592,12:10:41.176,83.7400,95
43841177109689,12:10:41.177,83.7400,5
43854889690035,12:10:54.889,83.7600,100
43899543436689,12:11:39.543,83.7800,5
43915595892811,12:11:55.595,83.7600,40
43915595965384,12:11:55.595,83.7600,40
43915595984164,12:11:55.595,83.7600,60
43959598454293,12:12:39.598,83.7500,4
43959598496572,12:12:39.598,83.7500,4
43959598534794,12:12:39.598,83.7500,4
43959598536597,12:12:39.598,83.7500,100
43959598557293,12:12:39.598,83.7500,100
43959598872089,12:12:39.598,83.7500,20
43959598906608,12:12:39.598,83.7500,4
44032807651368,12:13:52.807,83.7500,4
44032840276515,12:13:52.840,83.7400,100
44032840299905,12:13:52.840,83.7400,100
44032840630906,12:13:52.840,83.7400,100
44036491337975,12:13:56.491,83.7500,100
44071733757454,12:14:31.733,83.7250,4
44074007394999,12:14:34.007,83.7400,5
44097247227306,12:14:57.247,83.7500,100
44142018681666,12:15:42.018,83.7400,100
44184755139465,12:16:24.755,83.7400,1
44189304472834,12:16:29.304,83.7400,105
44189304578218,12:16:29.304,83.7400,50
44189304578218,12:16:29.304,83.7300,55
44189304580232,12:16:29.304,83.7300,45
44189304580232,12:16:29.304,83.7300,5
44192416442470,12:16:32.416,83.7200,100
44201904766483,12:16:41.904,83.7400,26
44201904766483,12:16:41.904,83.7400,5
44201909123071,12:16:41.909,83.7400,100
44228813970062,12:17:08.813,83.7500,100
44228822508704,12:17:08.822,83.7600,100
44228822509437,12:17:08.822,83.7600,100
44312416878785,12:18:32.416,83.7800,100
44320403082123,12:18:40.403,83.7700,5
44322417021111,12:18:42.417,83.7600,100
44322417028338,12:18:42.417,83.7600,100
44327659169902,12:18:47.659,83.7200,100
44335294625481,12:18:55.294,83.7000,100
44335294889252,12:18:55.294,83.7000,100
44335306391539,12:18:55.306,83.7000,100
44335306421067,12:18:55.306,83.7000,100
44338087624426,12:18:58.087,83.6950,100
44389517020670,12:19:49.517,83.6000,100
44391252196581,12:19:51.252,83.5800,100
44394414771472,12:19:54.414,83.5100,100
44396658357565,12:19:56.658,83.4800,100
44396658357565,12:19:56.658,83.4800,100
44401342845203,12:20:01.342,83.4900,162
44406324518550,12:20:06.324,83.4600,10
44406324590096,12:20:06.324,83.4600,100
44440029935903,12:20:40.029,83.4100,100
44446387391550,12:20:46.387,83.3900,3
44446395267224,12:20:46.395,83.3800,100
44446900366890,12:20:46.900,83.4000,5
44457418719957,12:20:57.418,83.4300,100
44457418719957,12:20:57.418,83.4300,5
44572417665831,12:22:52.417,83.4100,4
44577780662933,12:22:57.780,83.4300,5
44582805637679,12:23:02.805,83.4200,70
44615921163710,12:23:35.921,83.4200,6
44615921392829,12:23:35.921,83.4200,52
44622418949180,12:23:42.418,83.4200,7
44633540881607,12:23:53.540,83.4100,10
44633540881607,12:23:53.540,83.4100,100
44633542069886,12:23:53.542,83.4000,100
44637423854893,12:23:57.423,83.4200,5
44637423854893,12:23:57.423,83.4200,2
44637423854893,12:23:57.423,83.4200,1
44637710353608,12:23:57.710,83.4200,5
44677070574621,12:24:37.070,83.3800,100
44677070638199,12:24:37.070,83.3700,200
44689183473633,12:24:49.183,83.3600,10
44695095335888,12:24:55.095,83.3700,5
44695095335888,12:24:55.095,83.3700,100
44695095335888,12:24:55.095,83.3700,100
44695095397296,12:24:55.095,83.3700,100
44763254178026,12:26:03.254,83.4100,5
44812489339161,12:26:52.489,83.4400,5
44858397378185,12:27:38.397,83.4700,5
44895232994239,12:28:15.232,83.4850,100
44993756135289,12:29:53.756,83.4600,8
44993756135289,12:29:53.756,83.4600,100
44993757180635,12:29:53.757,83.4500,100
45028205354753,12:30:28.205,83.4900,10
45028205354753,12:30:28.205,83.4900,6
45028205960444,12:30:28.205,83.5000,100
45112583225449,12:31:52.583,83.4600,100
45150294302568,12:32:30.294,83.4200,8
45150294302568,12:32:30.294,83.4200,92
45150294303472,12:32:30.294,83.4200,8
45150295260979,12:32:30.295,83.4100,200
45152247326774,12:32:32.247,83.4200,100
45181589600820,12:33:01.589,83.4400,15
45223222582395,12:33:43.222,83.4100,1
45227531218779,12:33:47.531,83.3700,100
45227541940574,12:33:47.541,83.3600,100
45255065853884,12:34:15.065,83.3500,8
45276183512205,12:34:36.183,83.3600,9
45276183617957,12:34:36.183,83.3600,1
45310914517830,12:35:10.914,83.3600,5
45372123363496,12:36:12.123,83.3200,2
45372123689708,12:36:12.123,83.3200,7
45372123689708,12:36:12.123,83.3200,6
45372124707266,12:36:12.124,83.3100,100
45372127708331,12:36:12.127,83.3100,100
45374894835335,12:36:14.894,83.2700,200
45386109117786,12:36:26.109,83.2900,5
45426435036182,12:37:06.435,83.2800,3
45426435061320,12:37:06.435,83.2800,2
45504943591906,12:38:24.943,83.3100,5
45560575823398,12:39:20.575,83.2900,9
45560575913772,12:39:20.575,83.2800,100
45560602286843,12:39:20.602,83.2750,100
45560602286843,12:39:20.602,83.2750,100
45560602335868,12:39:20.602,83.2600,100
45589702235873,12:39:49.702,83.2500,5
45605254178235,12:40:05.254,83.2700,5
45632558963766,12:40:32.558,83.2700,5
45675085665348,12:41:15.085,83.2800,100
45675108183303,12:41:15.108,83.2900,100
45675108183303,12:41:15.108,83.2900,100
45691007376341,12:41:31.007,83.3400,7
45696126499238,12:41:36.126,83.3200,100
45724941492128,12:42:04.941,83.2500,9
45903427469528,12:45:03.427,83.2300,61
45903427469528,12:45:03.427,83.2300,15
45911157021218,12:45:11.157,83.2500,89
45911157064526,12:45:11.157,83.2500,11
45926486830977,12:45:26.486,83.2650,100
45926486877684,12:45:26.486,83.2500,100
46019916154513,12:46:59.916,83.2600,5
46019916154513,12:46:59.916,83.2600,1
46024434877631,12:47:04.434,83.2500,100
46212926436309,12:50:12.926,83.2700,37
46212927016257,12:50:12.927,83.2700,63
46256051254187,12:50:56.051,83.3100,20
46352421308612,12:52:32.421,83.3100,100
46471584374084,12:54:31.584,83.2900,100
46471584374084,12:54:31.584,83.2700,106
46471584445848,12:54:31.584,83.2700,6
46471605639484,12:54:31.605,83.2300,100
46471605671959,12:54:31.605,83.2300,100
46471631085220,12:54:31.631,83.2500,100
46481401835256,12:54:41.401,83.2250,100
46481405351173,12:54:41.405,83.2100,100
46481438696212,12:54:41.438,83.2000,100
46500989265332,12:55:00.989,83.1800,200
46526150550732,12:55:26.150,83.1200,100
46548263869915,12:55:48.263,83.1300,14
46548263869915,12:55:48.263,83.1300,25
46548300248169,12:55:48.300,83.1400,100
46548300248169,12:55:48.300,83.1400,100
46548300337826,12:55:48.300,83.1400,100
46565243723361,12:56:05.243,83.1500,100
46685290503918,12:58:05.290,83.1500,100
46685290503918,12:58:05.290,83.1500,100
46685311063187,12:58:05.311,83.1500,10
46720372053112,12:58:40.372,83.1300,100
46768863929147,12:59:28.863,83.1400,20
46768863929147,12:59:28.863,83.1400,100
46804207579428,13:00:04.207,83.1400,8
46951081392213,13:02:31.081,83.1200,1
46951081392213,13:02:31.081,83.1200,9
46951081877663,13:02:31.081,83.1100,100
46951088114307,13:02:31.088,83.0900,100
46998432854490,13:03:18.432,83.1400,15
46998432854490,13:03:18.432,83.1400,100
46998432854490,13:03:18.432,83.1400,71
46998432910425,13:03:18.432,83.1400,29
47004092662747,13:03:24.092,83.1700,100
47233615803591,13:07:13.615,83.1600,3
47233615803591,13:07:13.615,83.1600,9
47233616710534,13:07:13.616,83.1500,100
47235309806559,13:07:15.309,83.1500,100
47266436882317,13:07:46.436,83.1200,200
47266437440091,13:07:46.437,83.1200,100
47274988852120,13:07:54.988,83.0800,20
47285168823216,13:08:05.168,83.0700,5
47285168823216,13:08:05.168,83.0700,14
47303142014784,13:08:23.142,83.0800,100
47303143047391,13:08:23.143,83.0900,100
47303143047391,13:08:23.143,83.0900,100
47303910912390,13:08:23.910,83.1000,29
47303910937043,13:08:23.910,83.1000,71
47303915119037,13:08:23.915,83.1000,100
47304364308847,13:08:24.364,83.0900,2
47304365069557,13:08:24.365,83.1000,100
47344132143874,13:09:04.132,83.0900,11
47390621225406,13:09:50.621,83.0100,100
47397738462551,13:09:57.738,83.0100,95
47397738490172,13:09:57.738,83.0100,5
47397739646820,13:09:57.739,83.0200,100
47397743882199,13:09:57.743,83.0200,30
47422915148815,13:10:22.915,83.0100,100
47431163031181,13:10:31.163,83.0300,100
47476915713912,13:11:16.915,83.0100,13
47476915713912,13:11:16.915,83.0100,100
47571263552573,13:12:51.263,83.0300,7
47571263675590,13:12:51.263,83.0300,6
47571265182323,13:12:51.265,83.0300,10
47617341272937,13:13:37.341,83.0400,500
47633531621295,13:13:53.531,83.0500,100
47636037024293,13:13:56.037,83.0600,100
47716265676571,13:15:16.265,83.0500,105
47716265676571,13:15:16.265,83.0500,12
47716271786159,13:15:16.271,83.0400,1
47716274389021,13:15:16.274,83.0300,1
47716404252154,13:15:16.404,83.0400,4
47716404252154,13:15:16.404,83.0400,92
47717740366591,13:15:17.740,83.0300,10
47717740366591,13:15:17.740,83.0300,10
47717740366591,13:15:17.740,83.0300,10
47737948385611,13:15:37.948,83.0300,100
47766572953221,13:16:06.572,83.0100,12
47779842127107,13:16:19.842,83.0300,35
47793653026890,13:16:33.653,83.0400,18
47841609793939,13:17:21.609,83.0400,82
47983066549610,13:19:43.066,83.0200,100
47983066577564,13:19:43.066,83.0200,12
47983066577564,13:19:43.066,83.0200,100
47994626358989,13:19:54.626,82.9600,20
48045963981058,13:20:45.963,82.9600,12
48045963981058,13:20:45.963,82.9600,182
48046301629121,13:20:46.301,82.9500,7
48060065723620,13:21:00.065,82.9700,100
48077159894536,13:21:17.159,82.9800,100
48077162156713,13:21:17.162,82.9800,5
48181102281791,13:23:01.102,82.9900,29
48181102308712,13:23:01.102,82.9900,171
48182875890003,13:23:02.875,82.9600,13
48182876291954,13:23:02.876,82.9600,100
48202399053773,13:23:22.399,82.9700,5
48202399951536,13:23:22.399,82.9800,100
48202405389537,13:23:22.405,82.9900,100
48211406810941,13:23:31.406,83.0300,5
48211413512721,13:23:31.413,83.0400,100
48214007018472,13:23:34.007,83.0800,100
48215907858979,13:23:35.907,83.0000,100
48215907858979,13:23:35.907,83.0000,200
48216900008934,13:23:36.900,83.0000,100
48233093744948,13:23:53.093,83.0000,53
48274107186725,13:24:34.107,83.0000,47
48291860280382,13:24:51.860,82.9800,13
48291879641332,13:24:51.879,82.9800,100
48377290886326,13:26:17.290,83.0100,9
48377290924767,13:26:17.290,83.0100,1
48398671434907,13:26:38.671,83.0100,100
48420546325869,13:27:00.546,83.0300,5
48420546325869,13:27:00.546,83.0300,16
48422270526285,13:27:02.270,83.0100,100
48422274434767,13:27:02.274,83.0100,14
48470002007688,13:27:50.002,83.0400,5
48573516031182,13:29:33.516,83.0200,1
48573516335248,13:29:33.516,83.0200,99
48580936530774,13:29:40.936,83.0000,100
48622170792944,13:30:22.170,82.9900,13
48622170792944,13:30:22.170,82.9900,4
48622174063210,13:30:22.174,82.9900,1
48622211923986,13:30:22.211,82.9600,100
48635530077014,13:30:35.530,82.9800,100
48635530603340,13:30:35.530,82.9900,10
48635531260594,13:30:35.531,83.0000,100
48721584313688,13:32:01.584,83.0300,10
48735882771691,13:32:15.882,83.0000,12
48776683909065,13:32:56.683,83.0400,5
48812948912929,13:33:32.948,83.0600,20
48928192812451,13:35:28.192,83.1000,32
48928192812451,13:35:28.192,83.1000,100
48942820692768,13:35:42.820,83.1300,5
48953784405776,13:35:53.784,83.1300,100
48963317569936,13:36:03.317,83.1200,1
48963317569936,13:36:03.317,83.1200,9
49017341046164,13:36:57.341,83.1600,5
49019621540015,13:36:59.621,83.1900,100
49025726472667,13:37:05.726,83.1900,1
49124674067858,13:38:44.674,83.2100,8
49124702476395,13:38:44.702,83.2100,74
49130210691698,13:38:50.210,83.1900,7
49130211321458,13:38:50.211,83.1900,100
49130211384071,13:38:50.211,83.1800,100
49130211398280,13:38:50.211,83.1900,100
49135446456842,13:38:55.446,83.1700,100
49155397175358,13:39:15.397,83.1600,100
49155397670454,13:39:15.397,83.1600,100
49229658722831,13:40:29.658,83.2000,20
49229658722831,13:40:29.658,83.2000,26
49230274028087,13:40:30.274,83.1900,6
49230274053345,13:40:30.274,83.1900,94
49248127580124,13:40:48.127,83.1800,8
49331662000581,13:42:11.662,83.2200,100
49453202091876,13:44:13.202,83.2100,6
49453202091876,13:44:13.202,83.2100,100
49459167580672,13:44:19.167,83.1600,1
49459167661950,13:44:19.167,83.1500,100
49459183324464,13:44:19.183,83.1450,100
49459185043485,13:44:19.185,83.1300,100
49490015952893,13:44:50.015,83.0900,100
49565466931122,13:46:05.466,83.0600,100
49565467161676,13:46:05.467,83.0600,9
49587863811817,13:46:27.863,83.0800,17
49587863811817,13:46:27.863,83.0800,15
49587863811817,13:46:27.863,83.0800,9
49587867851206,13:46:27.867,83.0800,91
49587867851206,13:46:27.867,83.0800,22
49587868088001,13:46:27.868,83.0800,78
49587869021035,13:46:27.869,83.0900,100
49589451730652,13:46:29.451,83.0800,5
49589456490196,13:46:29.456,83.0800,100
49602721492848,13:46:42.721,83.0600,100
49678784200642,13:47:58.784,83.0300,100
49678784733371,13:47:58.784,83.0300,89
49678784968561,13:47:58.784,83.0300,11
49691080965546,13:48:11.080,83.0500,5
49691081070335,13:48:11.081,83.0600,100
49743495546416,13:49:03.495,83.0500,50
49743501314629,13:49:03.501,83.0500,50
49802549637816,13:50:02.549,83.0300,100
49831773390032,13:50:31.773,83.0100,9
49892152524296,13:51:32.152,82.9800,200
49892152524296,13:51:32.152,82.9800,175
49942308880814,13:52:22.308,82.9500,47
49942308880814,13:52:22.308,82.9500,9
49942308880814,13:52:22.308,82.9500,100
49942309569010,13:52:22.309,82.9200,100
49942310502063,13:52:22.310,82.9200,100
49961166641126,13:52:41.166,82.9500,100
49961166641126,13:52:41.166,82.9500,100
49961167998353,13:52:41.167,82.9600,21
49961167998353,13:52:41.167,82.9600,25
49961168382035,13:52:41.168,82.9600,15
49961169774437,13:52:41.169,82.9600,100
49961172443974,13:52:41.172,82.9500,46
49961176392034,13:52:41.176,82.9500,72
50049267069150,13:54:09.267,83.0000,10
50052290171191,13:54:12.290,82.9800,100
50107265484051,13:55:07.265,82.9500,100
50107265484051,13:55:07.265,82.9500,9
50122107664207,13:55:22.107,82.9600,100
50388322661902,13:59:48.322,82.9400,83
50395342626067,13:59:55.342,82.9400,17
50395342626067,13:59:55.342,82.9400,3
50398356140703,13:59:58.356,82.9400,94
50398356171074,13:59:58.356,82.9400,3
50398356171074,13:59:58.356,82.9400,12
50402698182840,14:00:02.698,82.9450,100
50402744110019,14:00:02.744,82.9100,100
50403201134361,14:00:03.201,82.9700,55
50403201134361,14:00:03.201,82.9700,7
50403201165988,14:00:03.201,82.9700,8
50403201165988,14:00:03.201,82.9700,33
50403201260718,14:00:03.201,82.9700,67
50403201260718,14:00:03.201,82.9700,43
50403201260718,14:00:03.201,82.9700,57
50403201454917,14:00:03.201,82.9800,100
50403205606639,14:00:03.205,82.9800,27
50403205606639,14:00:03.205,82.9800,40
50403277138369,14:00:03.277,82.9800,82
50407782349772,14:00:07.782,82.9900,100
50408083030679,14:00:08.083,83.0100,100
50408083030679,14:00:08.083,83.0100,100
50408083339822,14:00:08.083,83.0100,100
50408257548439,14:00:08.257,83.0100,137
50408257687992,14:00:08.257,83.0200,100
50411402226893,14:00:11.402,83.0100,100
50416208187245,14:00:16.208,83.0400,100
50416208187245,14:00:16.208,83.0100,200
50416220915862,14:00:16.220,83.0000,100
50416220915862,14:00:16.220,83.0000,100
50416220979920,14:00:16.220,83.0000,100
50423343293317,14:00:23.343,83.0400,100
50423343423833,14:00:23.343,83.0400,100
50429719200521,14:00:29.719,83.1000,100
50429732901937,14:00:29.732,83.1100,100
50429733494926,14:00:29.733,83.1200,4
50429852312869,14:00:29.852,83.1100,100
50431102186408,14:00:31.102,83.1600,100
50431103411544,14:00:31.103,83.1600,100
50431103411544,14:00:31.103,83.1600,78
50433795586008,14:00:33.795,83.1600,5
50446629939169,14:00:46.629,83.1800,12
50446631137349,14:00:46.631,83.1700,100
50471394134130,14:01:11.394,83.1600,100
50471435575785,14:01:11.435,83.1400,100
50471461268000,14:01:11.461,83.1400,100
50471461268000,14:01:11.461,83.1400,100
50576431102874,14:02:56.431,83.2100,15
50576452827696,14:02:56.452,83.2200,100
50597437724853,14:03:17.437,83.2600,5
50597457064397,14:03:17.457,83.2900,100
50597491136110,14:03:17.491,83.3200,179
50642034144706,14:04:02.034,83.3200,2
50643547259841,14:04:03.547,83.3200,100
50643547259841,14:04:03.547,83.3200,15
50652458738690,14:04:12.458,83.3400,5
50710235032371,14:05:10.235,83.4800,10
50710243923897,14:05:10.243,83.4900,70
50710243923897,14:05:10.243,83.4800,64
50715783875393,14:05:15.783,83.5050,100
50759240661264,14:05:59.240,83.5000,100
50759242951468,14:05:59.242,83.4900,13
50759243163283,14:05:59.243,83.4900,87
50759243163283,14:05:59.243,83.4900,1
50761033401549,14:06:01.033,83.5100,5
50761034063729,14:06:01.034,83.5100,100
50861571264645,14:07:41.571,83.4600,14
50861571264645,14:07:41.571,83.4600,83
50861571264645,14:07:41.571,83.4600,100
50861575889916,14:07:41.575,83.4300,100
50861576061853,14:07:41.576,83.4300,200
50861576950381,14:07:41.576,83.4300,100
50963986316268,14:09:23.986,83.4100,100
50963986381667,14:09:23.986,83.4100,30
50963986401973,14:09:23.986,83.4100,31
50963986482916,14:09:23.986,83.4100,100
50965545536819,14:09:25.545,83.4300,100
50968233274032,14:09:28.233,83.4000,16
50983552316978,14:09:43.552,83.3800,100
50996649250555,14:09:56.649,83.3700,100
50996650109514,14:09:56.650,83.3700,100
51011338608799,14:10:11.338,83.4000,35
51011338891602,14:10:11.338,83.4100,58
51011338953691,14:10:11.338,83.4100,5
51011339046913,14:10:11.339,83.4100,10
51011339064798,14:10:11.339,83.4100,27
51011339064798,14:10:11.339,83.4100,27
51011339070854,14:10:11.339,83.4100,73
51011339070854,14:10:11.339,83.4100,27
51011339075904,14:10:11.339,83.4100,3
51011339075904,14:10:11.339,83.4100,38
51011339077813,14:10:11.339,83.4100,62
51011339077813,14:10:11.339,83.4100,38
51011339100166,14:10:11.339,83.4100,3
51011339152153,14:10:11.339,83.4100,100
51011339250085,14:10:11.339,83.4100,17
51011339321903,14:10:11.339,83.4100,81
51011346608439,14:10:11.346,83.4100,129
51013339114531,14:10:13.339,83.3900,5
51013531159414,14:10:13.531,83.4100,100
51030962731985,14:10:30.962,83.3700,85
51030962743754,14:10:30.962,83.3700,15
51030962743754,14:10:30.962,83.3700,25
51030962793968,14:10:30.962,83.3700,175
51030962793968,14:10:30.962,83.3700,19
51077323366167,14:11:17.323,83.3500,10
51077323436210,14:11:17.323,83.3500,100
51077323873053,14:11:17.323,83.3500,100
51080726325161,14:11:20.726,83.3600,100
51080726571191,14:11:20.726,83.3700,3
51080735820417,14:11:20.735,83.3700,97
51080760066870,14:11:20.760,83.3600,136
51081087695525,14:11:21.087,83.3600,65
51081088382387,14:11:21.088,83.3600,50
51081088574981,14:11:21.088,83.3600,19
51082718719492,14:11:22.718,83.3900,5
51082718719492,14:11:22.718,83.3900,100
51109002338343,14:11:49.002,83.4400,3
51109002382951,14:11:49.002,83.4400,2
51112611466179,14:11:52.611,83.4400,139
51151153783652,14:12:31.153,83.4600,100
51151154210990,14:12:31.154,83.4600,28
51151154352738,14:12:31.154,83.4800,100
51151183219308,14:12:31.183,83.4800,100
51151571541935,14:12:31.571,83.4900,100
51176972159599,14:12:56.972,83.5100,5
51212856824294,14:13:32.856,83.4800,100
51212856824294,14:13:32.856,83.4800,100
51212856824294,14:13:32.856,83.4800,100
51213060068456,14:13:33.060,83.4800,17
51216764069517,14:13:36.764,83.4500,100
51266090901286,14:14:26.090,83.4800,100
51266090901286,14:14:26.090,83.4800,100
51266090903145,14:14:26.090,83.4800,100
51266091965292,14:14:26.091,83.4900,5
51300165484472,14:15:00.165,83.4900,46
51300194364319,14:15:00.194,83.4800,100
51305914307581,14:15:05.914,83.5200,10
51331126003219,14:15:31.126,83.5000,12
51331126600150,14:15:31.126,83.4900,100
51400228239704,14:16:40.228,83.5000,75
51400228278122,14:16:40.228,83.5000,25
51400228626685,14:16:40.228,83.5000,24
51400257592828,14:16:40.257,83.5100,10
51414555233583,14:16:54.555,83.5100,5
51417295503466,14:16:57.295,83.5000,19
51418810803130,14:16:58.810,83.5100,100
51418811058238,14:16:58.811,83.4800,100
51427030193395,14:17:07.030,83.5300,20
51429655562854,14:17:09.655,83.5300,80
51429798863172,14:17:09.798,83.5700,100
51446628796375,14:17:26.628,83.5200,100
51523011108552,14:18:43.011,83.4900,17
51523011108552,14:18:43.011,83.4900,83
51523011341157,14:18:43.011,83.4900,17
51548932805153,14:19:08.932,83.5200,65
51548933057747,14:19:08.933,83.5200,35
51548933057747,14:19:08.933,83.5200,30
51548933093796,14:19:08.933,83.5200,70
51548933348258,14:19:08.933,83.5300,15
51548940060250,14:19:08.940,83.5200,100
51582133026943,14:19:42.133,83.5700,10
51582387777596,14:19:42.387,83.5700,20
51624436849500,14:20:24.436,83.5500,3
51624436849500,14:20:24.436,83.5500,18
51627372901324,14:20:27.372,83.5400,100
51627372928205,14:20:27.372,83.5400,100
51627373302644,14:20:27.373,83.5300,100
51627373595036,14:20:27.373,83.5300,100
51627373660734,14:20:27.373,83.5300,100
51627378302333,14:20:27.378,83.5200,20
51627378302333,14:20:27.378,83.5200,10
51627378302333,14:20:27.378,83.5300,2
51654399639143,14:20:54.399,83.5100,100
51654399639143,14:20:54.399,83.5100,23
51654400859887,14:20:54.400,83.5000,10
51654400859887,14:20:54.400,83.5100,67
51654400862044,14:20:54.400,83.5100,10
51654400941956,14:20:54.400,83.5100,100
51654401246278,14:20:54.401,83.5100,23
51654737904851,14:20:54.737,83.5100,119
51663639864012,14:21:03.639,83.5350,100
51663644765797,14:21:03.644,83.5300,100
51663698475390,14:21:03.698,83.5400,136
51663698475390,14:21:03.698,83.5400,100
51678531827966,14:21:18.531,83.5900,100
51742965764830,14:22:22.965,83.5800,100
51742965764830,14:22:22.965,83.5800,100
51742965764830,14:22:22.965,83.5800,100
51742965765964,14:22:22.965,83.5800,100
51750377901673,14:22:30.377,83.6100,22
51759114784653,14:22:39.114,83.6300,5
51759857918074,14:22:39.857,83.6300,5
51759857918074,14:22:39.857,83.6300,100
51803828989296,14:23:23.828,83.6400,100
51803829227738,14:23:23.829,83.6400,25
51803829227738,14:23:23.829,83.6400,15
51803829519784,14:23:23.829,83.6400,41
51803829843349,14:23:23.829,83.6400,44
51803829843349,14:23:23.829,83.6400,100
51879006170187,14:24:39.006,83.6400,21
51964537285461,14:26:04.537,83.6600,100
51987299421757,14:26:27.299,83.6300,18
52063221217568,14:27:43.221,83.5800,100
52063221283478,14:27:43.221,83.5800,86
52165406054857,14:29:25.406,83.5500,18
52165406054857,14:29:25.406,83.5500,100
52190137902125,14:29:50.137,83.5800,100
52190137958640,14:29:50.137,83.5800,100
52190138198762,14:29:50.138,83.5800,100
52190139209687,14:29:50.139,83.5900,3
52190139209687,14:29:50.139,83.5900,45
52198302060473,14:29:58.302,83.5900,5
52202307020900,14:30:02.307,83.5700,100
52202307020900,14:30:02.307,83.5700,10
52209904475366,14:30:09.904,83.5900,100
52213886695962,14:30:13.886,83.5900,7
52236340229610,14:30:36.340,83.5900,100
52236340229610,14:30:36.340,83.5900,17
52269983337499,14:31:09.983,83.6100,43
52269983716997,14:31:09.983,83.6100,57
52347041206071,14:32:27.041,83.6400,100
52347129374180,14:32:27.129,83.6500,10
52347129374180,14:32:27.129,83.6500,100
52392482518285,14:33:12.482,83.7000,5
52392482518285,14:33:12.482,83.7000,4
52455740730455,14:34:15.740,83.7100,100
52554925863648,14:35:54.925,83.7100,21
52554925863648,14:35:54.925,83.7100,25
52554926068681,14:35:54.926,83.7200,100
52554926068681,14:35:54.926,83.7200,100
52554926152358,14:35:54.926,83.7100,100
52560648810422,14:36:00.648,83.7300,100
52564384720876,14:36:04.384,83.7100,12
52564384727483,14:36:04.384,83.7100,37
52564384927413,14:36:04.384,83.7100,51
52564384927413,14:36:04.384,83.7100,12
52565901524850,14:36:05.901,83.6800,200
52565902050210,14:36:05.902,83.6800,100
52565902087728,14:36:05.902,83.6800,100
52579118216928,14:36:19.118,83.7000,5
52582861306886,14:36:22.861,83.6800,100
52629020195632,14:37:09.020,83.6400,36
52639371016260,14:37:19.371,83.6700,5
52640653390779,14:37:20.653,83.6800,38
52640855019351,14:37:20.855,83.6800,20
52643957446653,14:37:23.957,83.6800,42
52659970065568,14:37:39.970,83.6900,5
52659970065568,14:37:39.970,83.6900,95
52659970136640,14:37:39.970,83.6900,5
52659972489093,14:37:39.972,83.7100,40
52703774094503,14:38:23.774,83.7900,100
52703774493098,14:38:23.774,83.7800,50
52703774515760,14:38:23.774,83.7800,50
52703774515760,14:38:23.774,83.7700,50
52703774541973,14:38:23.774,83.7700,50
52728243336016,14:38:48.243,83.8000,100
52728253453165,14:38:48.253,83.8100,10
52746709900964,14:39:06.709,83.7700,9
52746709900964,14:39:06.709,83.7700,91
52746710217024,14:39:06.710,83.7700,9
52755006302155,14:39:15.006,83.7600,100
52768702288193,14:39:28.702,83.7100,100
52768702288193,14:39:28.702,83.7100,70
52781707712717,14:39:41.707,83.7400,5
52781719467762,14:39:41.719,83.7500,100
52807553507843,14:40:07.553,83.7300,2
52837007041862,14:40:37.007,83.7400,29
52837007041862,14:40:37.007,83.7400,5
52846296566260,14:40:46.296,83.7300,100
52856777021468,14:40:56.777,83.7300,25
52864217415945,14:41:04.217,83.7400,132
52892265931727,14:41:32.265,83.7100,100
52929452067374,14:42:09.452,83.7300,100
52929452152892,14:42:09.452,83.7400,128
52929452152892,14:42:09.452,83.7400,15
52929452919701,14:42:09.452,83.7500,100
52929465386048,14:42:09.465,83.7400,15
52959841201649,14:42:39.841,83.7100,9
52959841936089,14:42:39.841,83.7000,100
52964075697771,14:42:44.075,83.7100,5
52964077054971,14:42:44.077,83.7200,100
53013791750174,14:43:33.791,83.7000,5
53098179318780,14:44:58.179,83.7000,9
53100580141628,14:45:00.580,83.7400,15
53100580466485,14:45:00.580,83.7400,100
53111021211582,14:45:11.021,83.7000,3
53111021239712,14:45:11.021,83.7150,100
53184026690366,14:46:24.026,83.7400,10
53184026822927,14:46:24.026,83.7400,17
53189277335001,14:46:29.277,83.7700,5
53189284575923,14:46:29.284,83.7800,100
53229192404069,14:47:09.192,83.8100,5
53229192404069,14:47:09.192,83.8100,50
53252565145690,14:47:32.565,83.8300,45
53252565171520,14:47:32.565,83.8300,55
53252565201628,14:47:32.565,83.8500,100
53259405230509,14:47:39.405,83.8000,100
53292483695053,14:48:12.483,83.7600,10
53308982510045,14:48:28.982,83.7600,100
53315452176122,14:48:35.452,83.7700,5
53429448458752,14:50:29.448,83.7500,100
53429780188888,14:50:29.780,83.7500,9
53429782557096,14:50:29.782,83.7400,100
53429782844576,14:50:29.782,83.7400,100
53429783126891,14:50:29.783,83.7400,100
53435300405978,14:50:35.300,83.7400,100
53439101802940,14:50:39.101,83.7300,48
53439278674881,14:50:39.278,83.7300,52
53441842065283,14:50:41.842,83.7050,100
53441842611039,14:50:41.842,83.7050,100
53445774644773,14:50:45.774,83.6600,100
53446064915109,14:50:46.064,83.6600,100
53446064915109,14:50:46.064,83.6600,100
53446065740218,14:50:46.065,83.6700,100
53466023127908,14:51:06.023,83.6400,200
53471034854703,14:51:11.034,83.6100,100
53471035397995,14:51:11.035,83.6100,100
53473129922928,14:51:13.129,83.6100,100
53473129922928,14:51:13.129,83.6100,100
53522828103980,14:52:02.828,83.5800,100
53522828103980,14:52:02.828,83.5800,100
53535445986687,14:52:15.445,83.6100,90
53535446014559,14:52:15.446,83.6100,51
53540469819163,14:52:20.469,83.6400,12
53542008354231,14:52:22.008,83.6400,88
53542008354231,14:52:22.008,83.6400,12
53542010788588,14:52:22.010,83.6400,38
53559268100134,14:52:39.268,83.6400,100
53559268100134,14:52:39.268,83.6400,100
53559268100134,14:52:39.268,83.6400,100
53559268100134,14:52:39.268,83.6300,100
53625654388008,14:53:45.654,83.6800,10
53625656649965,14:53:45.656,83.7200,100
53639853701730,14:53:59.853,83.7500,100
53687222101252,14:54:47.222,83.7100,18
53687222101252,14:54:47.222,83.7100,81
53687222153222,14:54:47.222,83.7100,19
53736699825360,14:55:36.699,83.7250,100
53746288936209,14:55:46.288,83.7300,100
53746288936209,14:55:46.288,83.7300,100
53746289057708,14:55:46.289,83.7400,50
53746289057708,14:55:46.289,83.7400,15
53764511013758,14:56:04.511,83.7400,65
53764512282727,14:56:04.512,83.7400,5
53789732841824,14:56:29.732,83.7900,5
53804110798633,14:56:44.110,83.8000,12
53804110798633,14:56:44.110,83.8000,52
53804110798633,14:56:44.110,83.8000,36
53804110825312,14:56:44.110,83.8000,64
53804111632949,14:56:44.111,83.7900,100
53804111807210,14:56:44.111,83.8000,100
53865911483604,14:57:45.911,83.7600,10
53965228838895,14:59:25.228,83.7800,25
53965229002379,14:59:25.229,83.7800,95
54000750994830,15:00:00.750,83.7900,100
54115432842472,15:01:55.432,83.7700,100
54115432842472,15:01:55.432,83.7500,117
54115432933261,15:01:55.432,83.7500,83
54115432933261,15:01:55.432,83.7500,17
54115433417611,15:01:55.433,83.7500,100
54115433509056,15:01:55.433,83.7500,100
54158420566768,15:02:38.420,83.7600,30
54158420566768,15:02:38.420,83.7600,3
54159056426422,15:02:39.056,83.7800,5
54162709777681,15:02:42.709,83.7600,100
54162709777681,15:02:42.709,83.7600,100
54195401565711,15:03:15.401,83.7400,100
54195402717655,15:03:15.402,83.7300,17
54201755899552,15:03:21.755,83.7200,100
54201796014430,15:03:21.796,83.7100,66
54201796014430,15:03:21.796,83.7100,34
54201796423789,15:03:21.796,83.7100,66
54223954871345,15:03:43.954,83.6700,100
54247494340978,15:04:07.494,83.6400,18
54303451808214,15:05:03.451,83.6600,100
54303451820378,15:05:03.451,83.6600,20
54326320067360,15:05:26.320,83.6300,58
54334044422079,15:05:34.044,83.6050,100
54335639534354,15:05:35.639,83.5900,50
54335639560541,15:05:35.639,83.5900,50
54335652181027,15:05:35.652,83.5850,100
54335652181027,15:05:35.652,83.5850,100
54335652230444,15:05:35.652,83.5700,100
54335652230444,15:05:35.652,83.5600,100
54335652230444,15:05:35.652,83.5600,100
54335652230444,15:05:35.652,83.5600,100
54336570874938,15:05:36.570,83.5800,5
54336570874938,15:05:36.570,83.5800,4
54375359612060,15:06:15.359,83.6000,10
54375359683982,15:06:15.359,83.6000,10
54375359775648,15:06:15.359,83.6100,10
54375377846183,15:06:15.377,83.6100,50
54375377890182,15:06:15.377,83.6100,92
54420270186463,15:07:00.270,83.6200,100
54424301532926,15:07:04.301,83.5800,14
54424301561599,15:07:04.301,83.5900,100
54439924258536,15:07:19.924,83.6100,21
54439924303549,15:07:19.924,83.6100,79
54439924303549,15:07:19.924,83.6100,124
54439928149267,15:07:19.928,83.6200,10
54466037105661,15:07:46.037,83.6100,100
54466037205883,15:07:46.037,83.6100,100
54484944058800,15:08:04.944,83.6400,100
54499808650676,15:08:19.808,83.6300,100
54499808702525,15:08:19.808,83.6300,100
54545701630082,15:09:05.701,83.6100,17
54545701630082,15:09:05.701,83.6100,83
54545701658586,15:09:05.701,83.6100,17
54549527695531,15:09:09.527,83.6000,100
54577028603074,15:09:37.028,83.5700,25
54577028627869,15:09:37.028,83.5700,103
54644511042575,15:10:44.511,83.6000,12
54644511042575,15:10:44.511,83.6000,88
54644511047458,15:10:44.511,83.6000,12
54656177021830,15:10:56.177,83.5950,100
54656177021830,15:10:56.177,83.5800,12
54656177053556,15:10:56.177,83.5800,1
54656177053556,15:10:56.177,83.5800,99
54678936777514,15:11:18.936,83.5300,100
54715253751034,15:11:55.253,83.5600,100
54739242467045,15:12:19.242,83.5600,139
54739244103859,15:12:19.244,83.5600,5
54739840587354,15:12:19.840,83.5900,80
54739840587354,15:12:19.840,83.5900,63
54739840926129,15:12:19.840,83.5900,37
54847422394375,15:14:07.422,83.6000,100
54847422394375,15:14:07.422,83.5800,8
54847423203063,15:14:07.423,83.5900,100
54847423205037,15:14:07.423,83.5800,92
54847423205037,15:14:07.423,83.5800,8
54927843989615,15:15:27.843,83.5900,100
54927843989615,15:15:27.843,83.5900,100
54927844388191,15:15:27.844,83.5900,10
54927844477308,15:15:27.844,83.5900,100
54928416933156,15:15:28.416,83.5900,143
54947299590244,15:15:47.299,83.6000,100
54947299610917,15:15:47.299,83.6000,100
54972217392940,15:16:12.217,83.6300,5
54991425395110,15:16:31.425,83.6200,100
54991425420898,15:16:31.425,83.6200,11
54991425420898,15:16:31.425,83.6200,100
54991426633606,15:16:31.426,83.6150,100
55019494531804,15:16:59.494,83.5950,100
55051854514712,15:17:31.854,83.5700,100
55051854516156,15:17:31.854,83.5700,100
55052014907491,15:17:32.014,83.5600,100
55052014907491,15:17:32.014,83.5600,100
55081649918270,15:18:01.649,83.5700,15
55081653016814,15:18:01.653,83.5800,100
55081654412488,15:18:01.654,83.5700,100
55081666159115,15:18:01.666,83.5700,36
55082503296163,15:18:02.503,83.5800,100
55082503330574,15:18:02.503,83.5800,33
55083608004569,15:18:03.608,83.6000,5
55083608004569,15:18:03.608,83.6100,95
55088138160924,15:18:08.138,83.5900,2
55147474590908,15:19:07.474,83.5800,73
55147474655758,15:19:07.474,83.5800,27
55202688465134,15:20:02.688,83.6000,45
55202689908660,15:20:02.689,83.6100,120
55202689908660,15:20:02.689,83.6100,47
55202689931151,15:20:02.689,83.6100,53
55202689931151,15:20:02.689,83.6100,20
55202742162740,15:20:02.742,83.6100,100
55203227640866,15:20:03.227,83.6000,5
55203837860326,15:20:03.837,83.6100,143
55204941637717,15:20:04.941,83.6200,100
55205608334396,15:20:05.608,83.6200,44
55209518927160,15:20:09.518,83.6300,5
55209557001720,15:20:09.557,83.6400,100
55209557001720,15:20:09.557,83.6400,100
55212221829521,15:20:12.221,83.6300,100
55226045613425,15:20:26.045,83.6400,10
55237530814411,15:20:37.530,83.6500,100
55239637783002,15:20:39.637,83.6600,7
55245517324384,15:20:45.517,83.6700,121
55295257090724,15:21:35.257,83.6800,100
55303855095615,15:21:43.855,83.6400,42
55303855095615,15:21:43.855,83.6400,100
55378986016361,15:22:58.986,83.6600,75
55378986043457,15:22:58.986,83.6600,25
55378986043457,15:22:58.986,83.6600,5
55378991181860,15:22:58.991,83.6800,100
55378991205468,15:22:58.991,83.6800,100
55422752922533,15:23:42.752,83.6600,100
55425387155693,15:23:45.387,83.6700,125
55425411152062,15:23:45.411,83.6700,100
55426882377691,15:23:46.882,83.6700,25
55426882377691,15:23:46.882,83.6800,100
55429527238739,15:23:49.527,83.6900,100
55464035352702,15:24:24.035,83.7000,36
55464035352702,15:24:24.035,83.7000,46
55464035352702,15:24:24.035,83.7000,7
55464036510952,15:24:24.036,83.7100,5
55464039874168,15:24:24.039,83.7200,100
55524721493893,15:25:24.721,83.7400,100
55524721495262,15:25:24.721,83.7400,140
55524722001063,15:25:24.722,83.7400,100
55524722422224,15:25:24.722,83.7500,5
55524722736994,15:25:24.722,83.7500,100
55524738424106,15:25:24.738,83.7400,134
55524748803522,15:25:24.748,83.7400,100
55525033693819,15:25:25.033,83.7300,15
55525033756594,15:25:25.033,83.7400,100
55525043802422,15:25:25.043,83.7300,85
55592549753075,15:26:32.549,83.7200,14
55592563235262,15:26:32.563,83.7300,100
55592566063224,15:26:32.566,83.7300,100
55592614143178,15:26:32.614,83.7300,1
55597599029518,15:26:37.599,83.7400,5
55617607209866,15:26:57.607,83.7300,100
55617607734624,15:26:57.607,83.7300,100
55639725472098,15:27:19.725,83.7000,100
55653605412739,15:27:33.605,83.7200,100
55653605502470,15:27:33.605,83.7200,149
55653605502470,15:27:33.605,83.7200,143
55653606173388,15:27:33.606,83.7300,5
55657863847176,15:27:37.863,83.7200,143
55657863847176,15:27:37.863,83.7200,57
55657863874416,15:27:37.863,83.7200,81
55673278343302,15:27:53.278,83.7500,40
55691645389286,15:28:11.645,83.7600,36
55691645389286,15:28:11.645,83.7600,14
55691645389286,15:28:11.645,83.7600,100
55691671389143,15:28:11.671,83.7700,5
55700027948914,15:28:20.027,83.7700,100
55708325499505,15:28:28.325,83.7900,5
55708325499505,15:28:28.325,83.7900,40
55728089137628,15:28:48.089,83.7600,100
55728089721520,15:28:48.089,83.7600,100
55735259624330,15:28:55.259,83.8000,5
55757473016513,15:29:17.473,83.7500,93
55757473416218,15:29:17.473,83.7500,7
55782179945556,15:29:42.179,83.7700,100
55782180003927,15:29:42.180,83.7800,5
55782210008396,15:29:42.210,83.7800,129
55782210081451,15:29:42.210,83.7800,100
55786040135933,15:29:46.040,83.7800,27
55787234728086,15:29:47.234,83.7800,173
55796723021318,15:29:56.723,83.7350,100
55800696655441,15:30:00.696,83.7300,100
55806607967589,15:30:06.607,83.7100,200
55868873011681,15:31:08.873,83.7400,14
55868873512841,15:31:08.873,83.7400,100
55872407631918,15:31:12.407,83.7400,184
55872408198750,15:31:12.408,83.7400,16
55874560545825,15:31:14.560,83.7400,100
55879887982707,15:31:19.887,83.7100,65
55879887982707,15:31:19.887,83.7100,100
55879888188428,15:31:19.888,83.7100,100
55879888237403,15:31:19.888,83.7100,100
55880349134917,15:31:20.349,83.7100,100
55880349283612,15:31:20.349,83.7100,100
55882802789031,15:31:22.802,83.7200,100
55910917525829,15:31:50.917,83.7200,50
55910917554415,15:31:50.917,83.7200,50
55917070348503,15:31:57.070,83.7100,100
55920738356342,15:32:00.738,83.7000,100
55946323498726,15:32:26.323,83.6900,6
55946323498726,15:32:26.323,83.6900,50
55946323498726,15:32:26.323,83.6900,44
55948723005443,15:32:28.723,83.6700,100
55954123519607,15:32:34.123,83.6700,100
55954123569129,15:32:34.123,83.6700,1
55954123635029,15:32:34.123,83.6700,99
55954184908813,15:32:34.184,83.6600,100
55955042923450,15:32:35.042,83.6600,100
55960611431623,15:32:40.611,83.6700,64
55972260116920,15:32:52.260,83.6800,100
55972260182986,15:32:52.260,83.6800,56
55982049968757,15:33:02.049,83.6900,248
55982049968757,15:33:02.049,83.6900,7
55982051732201,15:33:02.051,83.6900,100
55982075162247,15:33:02.075,83.6900,36
55982075162247,15:33:02.075,83.6900,203
55982077558009,15:33:02.077,83.6900,100
55982077585379,15:33:02.077,83.6900,33
55982607625450,15:33:02.607,83.6900,12
56000646247263,15:33:20.646,83.6800,100
56008091124863,15:33:28.091,83.6900,40
56034752247818,15:33:54.752,83.6700,100
56036070769478,15:33:56.070,83.6500,22
56036070810247,15:33:56.070,83.6500,78
56036071153244,15:33:56.071,83.6500,100
56036071239995,15:33:56.071,83.6500,100
56072445463889,15:34:32.445,83.6400,5
56073172835369,15:34:33.172,83.6400,95
56073172835369,15:34:33.172,83.6400,13
56073172835369,15:34:33.172,83.6400,138
56073179391157,15:34:33.179,83.6400,100
56073204384864,15:34:33.204,83.6400,24
56073204384864,15:34:33.204,83.6500,100
56073220615114,15:34:33.220,83.6400,143
56073220615114,15:34:33.220,83.6500,100
56083230658898,15:34:43.230,83.6300,100
56083230798768,15:34:43.230,83.6300,6
56093297109384,15:34:53.297,83.6100,100
56102135056106,15:35:02.135,83.6300,22
56105605536350,15:35:05.605,83.6400,95
56115769601333,15:35:15.769,83.6300,100
56126301268878,15:35:26.301,83.6400,100
56182157172877,15:36:22.157,83.6700,4
56182157172877,15:36:22.157,83.6700,96
56182157173780,15:36:22.157,83.6700,4
56197003805066,15:36:37.003,83.6400,33
56197004718691,15:36:37.004,83.6400,7
56197004890946,15:36:37.004,83.6400,60
56235422595324,15:37:15.422,83.6200,100
56238433023229,15:37:18.433,83.6100,100
56238434011031,15:37:18.434,83.6100,100
56238434035913,15:37:18.434,83.6100,1
56244836486973,15:37:24.836,83.6100,99
56244836486973,15:37:24.836,83.6100,100
56252501730133,15:37:32.501,83.6300,25
56292159099528,15:38:12.159,83.6100,100
56304019616948,15:38:24.019,83.6100,15
56305947906624,15:38:25.947,83.6100,100
56313262081040,15:38:33.262,83.6200,100
56313262241441,15:38:33.262,83.6200,30
56313262241441,15:38:33.262,83.6200,5
56313263430922,15:38:33.263,83.6300,100
56313263430922,15:38:33.263,83.6300,100
56313606038324,15:38:33.606,83.6200,100
56313606103668,15:38:33.606,83.6200,65
56313606103668,15:38:33.606,83.6200,41
56358890762441,15:39:18.890,83.6400,100
56358893803034,15:39:18.893,83.6400,75
56358893828330,15:39:18.893,83.6400,42
56358893878364,15:39:18.893,83.6400,100
56363207012658,15:39:23.207,83.6300,30
56363207049496,15:39:23.207,83.6300,70
56378578826089,15:39:38.578,83.6400,25
56378579820230,15:39:38.579,83.6400,100
56390497280770,15:39:50.497,83.6300,100
56395866320971,15:39:55.866,83.6200,100
56396043444962,15:39:56.043,83.6100,50
56396043473412,15:39:56.043,83.6100,150
56399329987471,15:39:59.329,83.6000,100
56399329987471,15:39:59.329,83.6000,100
56400297357723,15:40:00.297,83.5700,28
56413501539247,15:40:13.501,83.6100,50
56413501564024,15:40:13.501,83.6100,50
56417528519175,15:40:17.528,83.6000,12
56426620500411,15:40:26.620,83.5900,13
56426620740452,15:40:26.620,83.5900,49
56426625374159,15:40:26.625,83.5900,100
56426629046612,15:40:26.629,83.5900,38
56441903867750,15:40:41.903,83.5900,100
56443139408048,15:40:43.139,83.6000,100
56454993824850,15:40:54.993,83.5800,200
56454994052290,15:40:54.994,83.5800,49
56454994262374,15:40:54.994,83.5800,51
56480478001722,15:41:20.478,83.5600,2
56498826961793,15:41:38.826,83.5300,100
56501572134283,15:41:41.572,83.5300,90
56512515656420,15:41:52.515,83.5300,10
56519285517449,15:41:59.285,83.5200,100
56520446518510,15:42:00.446,83.5200,100
56523960132270,15:42:03.960,83.5300,100
56546834230770,15:42:26.834,83.5200,2
56546834693123,15:42:26.834,83.5200,17
56580118654674,15:43:00.118,83.5300,5
56582225274812,15:43:02.225,83.5400,100
56582225274812,15:43:02.225,83.5400,100
56588496285916,15:43:08.496,83.5400,100
56588496424521,15:43:08.496,83.5400,100
56588504802718,15:43:08.504,83.5400,100
56588504875204,15:43:08.504,83.5400,48
56589530727413,15:43:09.530,83.5400,138
56606811180113,15:43:26.811,83.5300,43
56606811180113,15:43:26.811,83.5300,2
56606811180957,15:43:26.811,83.5400,100
56610167143649,15:43:30.167,83.5200,100
56610167477287,15:43:30.167,83.5200,100
56611615417265,15:43:31.615,83.5200,100
56611615417265,15:43:31.615,83.5100,100
56611615418819,15:43:31.615,83.5100,100
56611615421411,15:43:31.615,83.5100,100
56611616025206,15:43:31.616,83.5200,1
56611616393069,15:43:31.616,83.5100,1
56611616393069,15:43:31.616,83.5100,1
56647389713573,15:44:07.389,83.5000,12
56647389713573,15:44:07.389,83.5000,100
56647389713573,15:44:07.389,83.5000,100
56647389713573,15:44:07.389,83.5000,41
56649228061178,15:44:09.228,83.4900,100
56649964457148,15:44:09.964,83.4900,100
56652589210699,15:44:12.589,83.5000,100
56687241215468,15:44:47.241,83.4300,19
56697217917405,15:44:57.217,83.4300,100
56697217974998,15:44:57.217,83.4300,81
56697218109766,15:44:57.218,83.4300,22
56701818868725,15:45:01.818,83.4200,100
56701818893683,15:45:01.818,83.4200,100
56702315929135,15:45:02.315,83.4400,100
56702316743380,15:45:02.316,83.4400,100
56702503126203,15:45:02.503,83.4400,94
56717615168445,15:45:17.615,83.4300,18
56717636175292,15:45:17.636,83.4400,100
56717636175923,15:45:17.636,83.4400,100
56718121501551,15:45:18.121,83.4300,27
56718121800742,15:45:18.121,83.4300,100
56730861611190,15:45:30.861,83.4500,100
56730862159291,15:45:30.862,83.4500,5
56730862446801,15:45:30.862,83.4500,95
56730862766630,15:45:30.862,83.4500,5
56755789970796,15:45:55.789,83.4400,100
56759130534292,15:45:59.130,83.4350,100
56762601519995,15:46:02.601,83.4300,1
56762601729064,15:46:02.601,83.4300,32
56762601729064,15:46:02.601,83.4200,68
56762601986512,15:46:02.601,83.4200,32
56791868776474,15:46:31.868,83.4300,37
56808269321879,15:46:48.269,83.4200,1
56808270434859,15:46:48.270,83.4100,87
56808270434859,15:46:48.270,83.4100,100
56808270434859,15:46:48.270,83.4100,100
56808270457613,15:46:48.270,83.4100,100
56814009988512,15:46:54.009,83.4000,43
56814414283951,15:46:54.414,83.4100,100
56814415097514,15:46:54.415,83.4100,100
56819760844735,15:46:59.760,83.4200,74
56852104196088,15:47:32.104,83.4200,170
56852104196088,15:47:32.104,83.4200,100
56852104196088,15:47:32.104,83.4200,100
56852104196088,15:47:32.104,83.4200,100
56852104196088,15:47:32.104,83.4200,18
56852130749049,15:47:32.130,83.4200,100
56852130833347,15:47:32.130,83.4200,145
56852130833347,15:47:32.130,83.4200,200
56859475943427,15:47:39.475,83.4100,100
56859476052844,15:47:39.476,83.4100,100
56859476052844,15:47:39.476,83.4100,100
56859480996438,15:47:39.480,83.4000,100
56859485991354,15:47:39.485,83.4000,100
56859486048909,15:47:39.486,83.4000,50
56870873646607,15:47:50.873,83.3950,100
56886394376134,15:48:06.394,83.3600,100
56886394854131,15:48:06.394,83.3600,100
56886394854131,15:48:06.394,83.3600,100
56888489441922,15:48:08.489,83.3600,100
56895052263142,15:48:15.052,83.3700,100
56895052263142,15:48:15.052,83.3700,100
56895052263142,15:48:15.052,83.3700,118
56895052263142,15:48:15.052,83.3700,100
56895052764275,15:48:15.052,83.3700,100
56897478857631,15:48:17.478,83.3800,100
56898258401996,15:48:18.258,83.3900,200
56911701432702,15:48:31.701,83.3800,14
56911701432702,15:48:31.701,83.3800,86
56924457729359,15:48:44.457,83.4000,100
56924513854496,15:48:44.513,83.3900,100
56933551611329,15:48:53.551,83.3900,94
56939174974597,15:48:59.174,83.4100,7
56939174974597,15:48:59.174,83.4100,93
56939556974068,15:48:59.556,83.4100,7
56939556974068,15:48:59.556,83.4100,93
56940036698858,15:49:00.036,83.4100,7
56940720446980,15:49:00.720,83.4100,100
56951595978687,15:49:11.595,83.4200,100
56983437035387,15:49:43.437,83.4000,100
56983437035387,15:49:43.437,83.4000,61
56983437035387,15:49:43.437,83.4000,100
56983437035387,15:49:43.437,83.4000,100
56983437035387,15:49:43.437,83.4000,200
56983437095511,15:49:43.437,83.4050,100
56983438122865,15:49:43.438,83.3900,100
56983438610158,15:49:43.438,83.3900,100
56985566095555,15:49:45.566,83.4000,100
56999860296284,15:49:59.860,83.4000,24
56999860339733,15:49:59.860,83.4000,76
56999860339733,15:49:59.860,83.4000,100
57005388601021,15:50:05.388,83.3900,100
57005388648369,15:50:05.388,83.3900,16
57016301858127,15:50:16.301,83.3800,100
57016301858127,15:50:16.301,83.3800,118
57016301883585,15:50:16.301,83.3800,25
57016302003674,15:50:16.302,83.3800,45
57016303849984,15:50:16.303,83.3800,100
57016334012184,15:50:16.334,83.3800,12
57016334012184,15:50:16.334,83.3800,94
57016334103064,15:50:16.334,83.3800,6
57016369966172,15:50:16.369,83.3800,100
57016800602362,15:50:16.800,83.3900,100
57016800777207,15:50:16.800,83.3900,100
57016800777207,15:50:16.800,83.3900,29
57055473853049,15:50:55.473,83.4000,100
57055473859382,15:50:55.473,83.4000,100
57055473859382,15:50:55.473,83.4000,100
57055473859382,15:50:55.473,83.4000,8
57055473925209,15:50:55.473,83.4000,92
57056005147587,15:50:56.005,83.4200,23
57056005205874,15:50:56.005,83.4100,1
57068327307453,15:51:08.327,83.4200,102
57068327307453,15:51:08.327,83.4200,100
57068457996024,15:51:08.457,83.4300,69
57080859493078,15:51:20.859,83.4200,10
57080870078664,15:51:20.870,83.4200,90
57080870078664,15:51:20.870,83.4200,10
57080870108865,15:51:20.870,83.4200,90
57080870108865,15:51:20.870,83.4200,100
57080908442035,15:51:20.908,83.4200,100
57086527913925,15:51:26.527,83.4300,56
57086529873263,15:51:26.529,83.4300,44
57086530361715,15:51:26.530,83.4300,3
57114484477699,15:51:54.484,83.4250,100
57114484845827,15:51:54.484,83.4200,37
57115161553522,15:51:55.161,83.4200,63
57117202249863,15:51:57.202,83.4100,100
57117202249863,15:51:57.202,83.4100,100
57135461127762,15:52:15.461,83.4000,100
57135461127762,15:52:15.461,83.4000,100
57135461830223,15:52:15.461,83.4000,100
57135468803654,15:52:15.468,83.4000,100
57137194942616,15:52:17.194,83.4100,2
57138217457187,15:52:18.217,83.4000,100
57138217457187,15:52:18.217,83.4000,100
57141177323310,15:52:21.177,83.3900,100
57144868252460,15:52:24.868,83.3800,100
57169242568613,15:52:49.242,83.3600,200
57183456600272,15:53:03.456,83.3700,100
57183456605465,15:53:03.456,83.3700,45
57183456682191,15:53:03.456,83.3700,100
57183456720900,15:53:03.456,83.3700,100
57183457325987,15:53:03.457,83.3700,100
57183459217879,15:53:03.459,83.3700,55
57183583071070,15:53:03.583,83.3700,100
57186447819492,15:53:06.447,83.3700,100
57186447889478,15:53:06.447,83.3700,50
57186448254360,15:53:06.448,83.3700,2
57187950960127,15:53:07.950,83.3800,71
57187950960127,15:53:07.950,83.3800,29
57187950999588,15:53:07.950,83.3800,71
57208881413672,15:53:28.881,83.4100,100
57215322094114,15:53:35.322,83.4100,8
57233894588032,15:53:53.894,83.4300,100
57233894588032,15:53:53.894,83.4300,100
57233894846600,15:53:53.894,83.4300,34
57233895092947,15:53:53.895,83.4300,66
57233895092947,15:53:53.895,83.4300,34
57247998245787,15:54:07.998,83.4500,5
57247998245787,15:54:07.998,83.4500,6
57247998245787,15:54:07.998,83.4500,66
57248942445149,15:54:08.942,83.4500,89
57257042337017,15:54:17.042,83.4600,100
57260036970627,15:54:20.036,83.4650,100
57264884004198,15:54:24.884,83.4600,26
57264884004198,15:54:24.884,83.4600,84
57264884011193,15:54:24.884,83.4600,100
57264884012546,15:54:24.884,83.4600,16
57264884012546,15:54:24.884,83.4600,84
57264884034448,15:54:24.884,83.4600,16
57273975461044,15:54:33.975,83.4700,100
57275139269437,15:54:35.139,83.4500,100
57275508792130,15:54:35.508,83.4400,100
57275508792130,15:54:35.508,83.4400,200
57276406558612,15:54:36.406,83.4450,100
57284001996661,15:54:44.001,83.4300,3
57284125455574,15:54:44.125,83.4300,97
57284125455574,15:54:44.125,83.4300,200
57284125455574,15:54:44.125,83.4300,100
57300033029499,15:55:00.033,83.4200,10
57300117991010,15:55:00.117,83.4300,100
57300134536442,15:55:00.134,83.4400,100
57301083612282,15:55:01.083,83.4400,5
57308769010628,15:55:08.769,83.4450,100
57308769010628,15:55:08.769,83.4500,18
57308769495498,15:55:08.769,83.4500,82
57308769495498,15:55:08.769,83.4500,18
57318880470825,15:55:18.880,83.4700,100
57318931975989,15:55:18.931,83.4600,100
57341517137704,15:55:41.517,83.4550,100
57342899237518,15:55:42.899,83.4500,80
57342899267467,15:55:42.899,83.4500,20
57342899656875,15:55:42.899,83.4500,20
57344024314296,15:55:44.024,83.4600,100
57344024347418,15:55:44.024,83.4600,100
57344025010129,15:55:44.025,83.4600,100
57344048330771,15:55:44.048,83.4600,100
57344084371098,15:55:44.084,83.4600,100
57344229387162,15:55:44.229,83.4600,100
57357973471084,15:55:57.973,83.4500,100
57357973930705,15:55:57.973,83.4500,100
57368767325506,15:56:08.767,83.4500,100
57369751547752,15:56:09.751,83.4600,100
57385072992994,15:56:25.072,83.4500,32
57385072992994,15:56:25.072,83.4500,100
57407909721335,15:56:47.909,83.4300,200
57407909721335,15:56:47.909,83.4300,80
57409808262500,15:56:49.808,83.4250,100
57410072152253,15:56:50.072,83.4200,100
57410072153607,15:56:50.072,83.4200,100
57410073515624,15:56:50.073,83.4100,100
57410073516927,15:56:50.073,83.4100,100
57411797985518,15:56:51.797,83.4050,100
57420296268772,15:57:00.296,83.3900,100
57423371702472,15:57:03.371,83.3800,100
57423371702472,15:57:03.371,83.3800,100
57423372375809,15:57:03.372,83.3700,100
57423372375809,15:57:03.372,83.3700,100
57423372375809,15:57:03.372,83.3700,100
57429040312264,15:57:09.040,83.3800,100
57429042195658,15:57:09.042,83.3800,100
57444164440354,15:57:24.164,83.3800,61
57444164440354,15:57:24.164,83.3800,200
57444164440354,15:57:24.164,83.3800,100
57450392790902,15:57:30.392,83.3700,100
57462163253549,15:57:42.163,83.3600,100
57462163253549,15:57:42.163,83.3600,100
57462164065325,15:57:42.164,83.3500,100
57462164277583,15:57:42.164,83.3500,100
57462164278133,15:57:42.164,83.3500,100
57462164356169,15:57:42.164,83.3500,150
57462164474032,15:57:42.164,83.3500,50
57467205154573,15:57:47.205,83.3800,20
57467865890777,15:57:47.865,83.3500,100
57467865890777,15:57:47.865,83.3500,18
57468902668131,15:57:48.902,83.3500,10
57474162037308,15:57:54.162,83.3400,100
57474164870984,15:57:54.164,83.3200,100
57474164870984,15:57:54.164,83.3200,36
57482952217757,15:58:02.952,83.3100,100
57482953204451,15:58:02.953,83.3100,46
57482953957688,15:58:02.953,83.3150,100
57483227070949,15:58:03.227,83.3100,54
57483426224818,15:58:03.426,83.3100,23
57486055705999,15:58:06.055,83.3200,10
57487176762244,15:58:07.176,83.3000,42
57489222420042,15:58:09.222,83.3100,5
57491031789342,15:58:11.031,83.3200,100
57492135530307,15:58:12.135,83.3100,100
57495056522018,15:58:15.056,83.3000,100
57495066768561,15:58:15.066,83.3100,10
57495066768561,15:58:15.066,83.3100,21
57495066792745,15:58:15.066,83.3100,29
57499142762686,15:58:19.142,83.3200,5
57499144937680,15:58:19.144,83.3100,10
57506626260118,15:58:26.626,83.3000,40
57507786156720,15:58:27.786,83.3100,100
57507788197118,15:58:27.788,83.3000,100
57509450887553,15:58:29.450,83.2900,100
57509450887553,15:58:29.450,83.2900,30
57509483586634,15:58:29.483,83.2900,170
57509483586634,15:58:29.483,83.2900,100
57511638983189,15:58:31.638,83.2900,100
57516849300107,15:58:36.849,83.2900,100
57517133409279,15:58:37.133,83.2900,5
57517133409279,15:58:37.133,83.2900,95
57517133502764,15:58:37.133,83.2900,2
57525445590089,15:58:45.445,83.2900,100
57525459482509,15:58:45.459,83.3000,50
57525462679032,15:58:45.462,83.2900,100
57525462679032,15:58:45.462,83.2900,10
57526187323993,15:58:46.187,83.2900,100
57526525312282,15:58:46.525,83.2900,10
57529567976994,15:58:49.567,83.2900,5
57530301019912,15:58:50.301,83.2900,70
57535035993417,15:58:55.035,83.2800,100
57535036763657,15:58:55.036,83.2800,60
57537365180560,15:58:57.365,83.2900,132
57537452703407,15:58:57.452,83.2900,68
57542512278064,15:59:02.512,83.3100,5
57542601811615,15:59:02.601,83.3200,56
57542601811615,15:59:02.601,83.3200,78
57542738635114,15:59:02.738,83.3200,33
57546118548992,15:59:06.118,83.3300,100
57547276114841,15:59:07.276,83.3300,5
57548028949210,15:59:08.028,83.3300,100
57548029023335,15:59:08.029,83.3300,266
57548043106140,15:59:08.043,83.3200,5
57553056366994,15:59:13.056,83.3100,5
57553068640915,15:59:13.068,83.3100,19
57553160855030,15:59:13.160,83.3100,81
57553160855030,15:59:13.160,83.3100,100
57553160855030,15:59:13.160,83.3100,70
57553160855030,15:59:13.160,83.3100,8
57553160855030,15:59:13.160,83.3100,100
57553160855030,15:59:13.160,83.3100,41
57553699742656,15:59:13.699,83.3100,59
57553699742656,15:59:13.699,83.3100,19
57553699742656,15:59:13.699,83.3100,70
57553699742656,15:59:13.699,83.3100,41
57553699742656,15:59:13.699,83.3100,11
57555830684833,15:59:15.830,83.3100,51
57557850455655,15:59:17.850,83.3000,100
57557850455655,15:59:17.850,83.3000,100
57557850455655,15:59:17.850,83.3000,100
57557850455655,15:59:17.850,83.3000,100
57557850455655,15:59:17.850,83.3000,100
57559420431344,15:59:19.420,83.2900,100
57561860549846,15:59:21.860,83.2900,100
57561860549846,15:59:21.860,83.2900,100
57564050884400,15:59:24.050,83.2900,78
57564268253956,15:59:24.268,83.2800,100
57564501234846,15:59:24.501,83.3000,5
57568228822801,15:59:28.228,83.3050,2
57568230131641,15:59:28.230,83.3000,95
57568230131641,15:59:28.230,83.2900,70
57573482225527,15:59:33.482,83.3100,5
57573482225527,15:59:33.482,83.3100,100
57573482225527,15:59:33.482,83.3100,95
57573492642010,15:59:33.492,83.3100,100
57573492721688,15:59:33.492,83.3100,93
57573492721688,15:59:33.492,83.3100,7
57575727187910,15:59:35.727,83.2900,30
57575727187910,15:59:35.727,83.2900,70
57575741468405,15:59:35.741,83.2900,30
57580486075365,15:59:40.486,83.2700,40
57585132044590,15:59:45.132,83.2800,48
57585132869261,15:59:45.132,83.2800,3
57590226999741,15:59:50.226,83.3000,100
57590226999741,15:59:50.226,83.3000,100
57590227862854,15:59:50.227,83.3000,1
57597777112035,15:59:57.777,83.3400,100
57597805015492,15:59:57.805,83.3400,41
57600405336580,16:00:00.405,0.0000,0
