timestamp,time,price,volume
34200421154473,09:30:00.421,0.0000,0
35052982286212,09:44:12.982,21.8200,100
35061004040576,09:44:21.004,21.8100,100
35288000445870,09:48:08.000,21.8200,300
35303304242179,09:48:23.304,21.8200,100
35303304311803,09:48:23.304,21.8200,100
35303304456174,09:48:23.304,21.8200,100
35303305031837,09:48:23.305,21.8200,100
35341357640446,09:49:01.357,21.7900,100
35388199974344,09:49:48.199,21.7900,400
35432269763118,09:50:32.269,21.8000,100
35432269763118,09:50:32.269,21.8000,400
35493025776801,09:51:33.025,21.8000,400
35499701768159,09:51:39.701,21.7900,400
35604443865941,09:53:24.443,21.7800,200
35604444965307,09:53:24.444,21.7800,100
35625641627302,09:53:45.641,21.7700,150
35625641669672,09:53:45.641,21.7700,350
35625641669672,09:53:45.641,21.7700,100
35645936410108,09:54:05.936,21.7700,100
35645936410108,09:54:05.936,21.7700,7
35645936494933,09:54:05.936,21.7700,100
35717707957283,09:55:17.707,21.7800,500
35731440561391,09:55:31.440,21.7800,400
35839712051585,09:57:19.712,21.7800,100
35839712051585,09:57:19.712,21.7800,116
36027638970753,10:00:27.638,21.7700,100
36027683285519,10:00:27.683,21.7800,53
36048905172757,10:00:48.905,21.7900,500
36142367604629,10:02:22.367,21.7900,100
36173544848561,10:02:53.544,21.7800,100
36227696396204,10:03:47.696,21.7900,500
36373221118020,10:06:13.221,21.7800,500
36477256886053,10:07:57.256,21.7600,171
36477256929380,10:07:57.256,21.7600,100
36537883930220,10:08:57.883,21.7800,200
36796571950177,10:13:16.571,21.8400,83
36937346347326,10:15:37.346,21.8500,500
36974609215643,10:16:14.609,21.8400,100
36974609215643,10:16:14.609,21.8400,100
37155885647976,10:19:15.885,21.8100,200
37155885654722,10:19:15.885,21.8100,487
37155885690266,10:19:15.885,21.8100,1159
37155885693226,10:19:15.885,21.8100,500
37155885752748,10:19:15.885,21.8100,100
37155885752748,10:19:15.885,21.8100,100
37155885768279,10:19:15.885,21.8100,54
37155885946822,10:19:15.885,21.8100,46
37156160282930,10:19:16.160,21.8000,100
37159579365644,10:19:19.579,21.8000,100
37231068136621,10:20:31.068,21.8300,100
37359677486475,10:22:39.677,21.8400,200
37587550223574,10:26:27.550,21.8200,700
37654156450295,10:27:34.156,21.8200,83
37654156450295,10:27:34.156,21.8200,100
37800081909605,10:30:00.081,21.8300,500
37800138404306,10:30:00.138,21.8500,100
37800138507013,10:30:00.138,21.8500,100
37829594432867,10:30:29.594,21.8400,91
37829594432867,10:30:29.594,21.8400,109
37829594447221,10:30:29.594,21.8400,91
37852524147840,10:30:52.524,21.8600,500
37892532451149,10:31:32.532,21.8600,100
37892532931953,10:31:32.532,21.8600,100
37892532960912,10:31:32.532,21.8600,100
37940429333204,10:32:20.429,21.8400,200
37940429418233,10:32:20.429,21.8400,100
37940429457110,10:32:20.429,21.8400,100
37940429641220,10:32:20.429,21.8400,200
37940429747937,10:32:20.429,21.8400,183
37940430101896,10:32:20.430,21.8400,100
37940432857903,10:32:20.432,21.8400,100
37940433116340,10:32:20.433,21.8400,100
37940433153302,10:32:20.433,21.8400,17
37940433223448,10:32:20.433,21.8400,100
37943981635730,10:32:23.981,21.8400,100
37953125785366,10:32:33.125,21.8400,100
37979659608247,10:32:59.659,21.8400,500
38075416434182,10:34:35.416,21.8500,600
38153172647816,10:35:53.172,21.8500,100
38153174604061,10:35:53.174,21.8400,200
38153174742822,10:35:53.174,21.8400,200
38153181184337,10:35:53.181,21.8300,200
38157913889355,10:35:57.913,21.8200,600
38211310050015,10:36:51.310,21.8300,100
38289733293748,10:38:09.733,21.8500,200
38312242751730,10:38:32.242,21.8500,200
38344975518684,10:39:04.975,21.8600,100
38397006487564,10:39:57.006,21.8800,100
38498846777525,10:41:38.846,21.8800,100
38498846777525,10:41:38.846,21.8800,358
38572761350483,10:42:52.761,21.8600,100
38632199770363,10:43:52.199,21.8500,100
38657435187433,10:44:17.435,21.8600,300
39019845878190,10:50:19.845,21.8600,100
39019894123954,10:50:19.894,21.8600,75
39407128052183,10:56:47.128,21.9100,100
39647518947595,11:00:47.518,21.9400,545
39651249832928,11:00:51.249,21.9500,700
39663487752848,11:01:03.487,21.9600,100
39663922913066,11:01:03.922,21.9700,100
39666456922003,11:01:06.456,21.9600,700
39666876070284,11:01:06.876,21.9500,100
39666876070284,11:01:06.876,21.9500,1000
39785464260683,11:03:05.464,21.9500,400
39842200537893,11:04:02.200,21.9400,700
39859117600751,11:04:19.117,21.9400,700
39944087020062,11:05:44.087,21.9600,200
39944087094082,11:05:44.087,21.9600,1000
39944087118827,11:05:44.087,21.9600,100
39944227524105,11:05:44.227,21.9600,100
39944227524105,11:05:44.227,21.9600,600
40040019720713,11:07:20.019,21.9700,700
40385778580245,11:13:05.778,21.9800,700
40506690092405,11:15:06.690,21.9900,700
40643629912891,11:17:23.629,22.0000,700
40785586556555,11:19:45.586,21.9900,700
40785586556555,11:19:45.586,21.9900,100
40785591670082,11:19:45.591,21.9800,213
40785592119485,11:19:45.592,21.9800,100
40796312313841,11:19:56.312,21.9800,700
40796312313841,11:19:56.312,21.9800,200
41092806491366,11:24:52.806,22.0100,200
41142820533381,11:25:42.820,22.0050,100
41142821707326,11:25:42.821,22.0000,3000
41142821707326,11:25:42.821,22.0000,300
41142821707326,11:25:42.821,22.0000,100
41142821707326,11:25:42.821,22.0000,700
41142821707326,11:25:42.821,22.0000,200
41142821707326,11:25:42.821,22.0000,100
41142821707326,11:25:42.821,22.0000,100
41143248358897,11:25:43.248,22.0000,100
41143248358897,11:25:43.248,22.0000,1700
41143248650126,11:25:43.248,22.0000,100
41143248650126,11:25:43.248,22.0000,100
41143248867429,11:25:43.248,22.0000,1100
41143248867429,11:25:43.248,22.0000,100
41143248867429,11:25:43.248,22.0000,100
41143248867429,11:25:43.248,22.0000,700
41143248867429,11:25:43.248,22.0000,100
41143248867429,11:25:43.248,22.0000,1500
41143249293151,11:25:43.249,22.0000,1400
41169413169700,11:26:09.413,21.9900,200
41211079433105,11:26:51.079,21.9900,144
41211079600667,11:26:51.079,21.9900,256
41211079600667,11:26:51.079,21.9900,100
41211080899863,11:26:51.080,21.9900,2900
41211080899863,11:26:51.080,21.9900,300
41211080899863,11:26:51.080,21.9900,100
41211080899863,11:26:51.080,21.9900,900
41211080899863,11:26:51.080,21.9900,400
41211080899863,11:26:51.080,21.9900,100
41211080899863,11:26:51.080,21.9900,700
41211080953723,11:26:51.080,21.9900,100
41211081020583,11:26:51.081,21.9900,100
41211081020583,11:26:51.081,21.9900,200
41211081085125,11:26:51.081,21.9900,100
41211081097883,11:26:51.081,21.9900,100
41211081209451,11:26:51.081,21.9900,100
41227013063332,11:27:07.013,21.9900,100
41227013063332,11:27:07.013,21.9900,100
41227013063332,11:27:07.013,21.9900,300
41227013645779,11:27:07.013,21.9900,200
41266906066326,11:27:46.906,21.9900,100
41284243012095,11:28:04.243,21.9900,200
41498467149959,11:31:38.467,22.0300,100
41793391407530,11:36:33.391,21.9900,100
41793391407530,11:36:33.391,21.9900,100
41793391472870,11:36:33.391,21.9900,200
41793392905656,11:36:33.392,21.9900,2900
41793392905656,11:36:33.392,21.9900,100
41793392905656,11:36:33.392,21.9900,100
41793392905656,11:36:33.392,21.9900,100
41793392905656,11:36:33.392,21.9900,100
41793392905656,11:36:33.392,21.9900,200
41793392905656,11:36:33.392,21.9900,400
41793392905656,11:36:33.392,21.9900,1800
41793392905656,11:36:33.392,21.9900,100
41793392938534,11:36:33.392,21.9900,100
41796220697825,11:36:36.220,21.9900,100
41796220768003,11:36:36.220,21.9900,100
41796220779430,11:36:36.220,21.9900,100
41800449683820,11:36:40.449,21.9900,300
41934502997325,11:38:54.502,22.0000,700
42133382667241,11:42:13.382,22.0300,700
42218078714970,11:43:38.078,22.0400,100
42225599551386,11:43:45.599,22.0500,100
42329590983238,11:45:29.590,22.0400,100
42329590983238,11:45:29.590,22.0400,700
42338557185668,11:45:38.557,22.0400,700
42498718980249,11:48:18.718,22.0500,700
42613288012190,11:50:13.288,22.0600,700
42643409485069,11:50:43.409,22.0500,200
42694383081173,11:51:34.383,22.0500,100
42715368242307,11:51:55.368,22.0500,700
42716535223374,11:51:56.535,22.0500,100
42716535223374,11:51:56.535,22.0500,163
42716535299404,11:51:56.535,22.0500,200
42808034491831,11:53:28.034,22.0500,700
42976103682558,11:56:16.103,22.0400,100
43279041842121,12:01:19.041,22.0500,700
43291980352097,12:01:31.980,22.0400,100
43291980352097,12:01:31.980,22.0400,100
43356664603813,12:02:36.664,22.0500,100
43369519990143,12:02:49.519,22.0500,700
43477759161155,12:04:37.759,22.0400,200
43478761062717,12:04:38.761,22.0400,200
43478761636597,12:04:38.761,22.0400,400
43889823194621,12:11:29.823,22.0600,100
44055629717096,12:14:15.629,22.0800,800
44097699574760,12:14:57.699,22.0700,800
44282886305569,12:18:02.886,22.0700,800
44483130993653,12:21:23.130,22.0700,200
44503547846907,12:21:43.547,22.0700,200
44503547846907,12:21:43.547,22.0700,319
45028551837182,12:30:28.551,22.0700,200
45028551837182,12:30:28.551,22.0700,200
45063694464387,12:31:03.694,22.0700,800
45072285880959,12:31:12.285,22.0650,200
45072285880959,12:31:12.285,22.0600,800
45072285880959,12:31:12.285,22.0600,1400
45072285880959,12:31:12.285,22.0600,1700
45072285880959,12:31:12.285,22.0600,100
45072286375553,12:31:12.286,22.0600,100
45072286375553,12:31:12.286,22.0600,100
45072286375553,12:31:12.286,22.0600,100
45072286375553,12:31:12.286,22.0600,100
45121580143992,12:32:01.580,22.0600,100
45121580143992,12:32:01.580,22.0600,100
45121580143992,12:32:01.580,22.0600,800
45121580143992,12:32:01.580,22.0600,200
45121580143992,12:32:01.580,22.0600,300
45297270543841,12:34:57.270,22.0600,100
45711508027298,12:41:51.508,22.0700,800
45873144256244,12:44:33.144,22.0800,800
45885405362234,12:44:45.405,22.0800,7
45885405368201,12:44:45.405,22.0800,793
45968405857716,12:46:08.405,22.1000,800
46066664169793,12:47:46.664,22.0900,100
46328720097156,12:52:08.720,22.1200,41
46649289201880,12:57:29.289,22.1200,700
46673062347734,12:57:53.062,22.1100,400
46727818412222,12:58:47.818,22.1200,700
46812697866089,13:00:12.697,22.1200,192
46812697878487,13:00:12.697,22.1200,493
46818155152304,13:00:18.155,22.1100,300
46886781813231,13:01:26.781,22.1000,200
47051471580988,13:04:11.471,22.1000,700
47172898910047,13:06:12.898,22.1000,700
47621895436273,13:13:41.895,22.1000,700
47621896476059,13:13:41.896,22.1000,100
47621896476059,13:13:41.896,22.1000,415
47621896493459,13:13:41.896,22.1000,100
47621896533566,13:13:41.896,22.1000,200
47621896549845,13:13:41.896,22.1000,100
47621896556837,13:13:41.896,22.1000,100
47621896985694,13:13:41.896,22.1000,100
47668606634907,13:14:28.606,22.1000,100
48238164031293,13:23:58.164,22.1000,700
48250494218405,13:24:10.494,22.1000,200
48274064753784,13:24:34.064,22.1000,700
48291849130797,13:24:51.849,22.1000,100
48291849213212,13:24:51.849,22.1000,100
48342806739723,13:25:42.806,22.0900,100
48345041708997,13:25:45.041,22.0900,200
48345144951787,13:25:45.144,22.0900,200
48544232957472,13:29:04.232,22.0900,700
48544232957472,13:29:04.232,22.0900,100
48725382788957,13:32:05.382,22.0900,100
49057172436235,13:37:37.172,22.0700,84
49199030252861,13:39:59.030,22.0600,100
49237893372419,13:40:37.893,22.0500,800
49238171097980,13:40:38.171,22.0500,700
49450034240210,13:44:10.034,22.0500,700
49572378328037,13:46:12.378,22.0800,700
49761336243665,13:49:21.336,22.0800,687
49761339426091,13:49:21.339,22.0800,100
49761339426091,13:49:21.339,22.0800,100
49761339426091,13:49:21.339,22.0800,200
49882426248482,13:51:22.426,22.0800,100
49912220108474,13:51:52.220,22.0800,300
49912220108474,13:51:52.220,22.0800,700
49951760936632,13:52:31.760,22.0800,700
50065231844678,13:54:25.231,22.0800,100
50076391470557,13:54:36.391,22.0800,700
50095269774738,13:54:55.269,22.0800,700
50095301262187,13:54:55.301,22.0800,300
50095301262187,13:54:55.301,22.0800,200
50095301262187,13:54:55.301,22.0800,700
50101420454573,13:55:01.420,22.0800,1800
50101446576806,13:55:01.446,22.0800,100
50156679481413,13:55:56.679,22.0700,700
50188249858136,13:56:28.249,22.0700,700
50281632725157,13:58:01.632,22.0800,600
50334559888465,13:58:54.559,22.0800,500
50337931893616,13:58:57.931,22.0700,500
50349758941473,13:59:09.758,22.0700,100
50351917086230,13:59:11.917,22.0700,100
50351917133412,13:59:11.917,22.0700,100
50351917133412,13:59:11.917,22.0700,100
50353652760780,13:59:13.652,22.0700,100
50358224730250,13:59:18.224,22.0700,200
50358908910427,13:59:18.908,22.0700,100
50363902672932,13:59:23.902,22.0700,100
50364539091466,13:59:24.539,22.0700,100
50365333893152,13:59:25.333,22.0700,100
50442130845023,14:00:42.130,22.0700,140
50442130971072,14:00:42.130,22.0700,140
50451054972466,14:00:51.054,22.0700,107
50472011191633,14:01:12.011,22.0800,100
50473063643866,14:01:13.063,22.0800,100
50580888296379,14:03:00.888,22.0800,100
50581800567705,14:03:01.800,22.0800,200
50597932173207,14:03:17.932,22.0800,100
50701024578617,14:05:01.024,22.1000,700
50709329417470,14:05:09.329,22.1100,118
50709329452613,14:05:09.329,22.1100,134
50724109156426,14:05:24.109,22.1200,100
50933106018301,14:08:53.106,22.1400,600
50936644376475,14:08:56.644,22.1500,100
50968231936523,14:09:28.231,22.1300,300
50968231936523,14:09:28.231,22.1300,600
50981261159752,14:09:41.261,22.1200,34
50996885957341,14:09:56.885,22.1200,566
51004864987131,14:10:04.864,22.1200,600
51030965223125,14:10:30.965,22.1300,600
51040574583635,14:10:40.574,22.1300,600
51064636233088,14:11:04.636,22.1400,500
51064636270653,14:11:04.636,22.1400,100
51172471356451,14:12:52.471,22.1450,500
51272240532909,14:14:32.240,22.1800,100
51300347361642,14:15:00.347,22.1600,600
51304598576920,14:15:04.598,22.1600,600
51316020429981,14:15:16.020,22.1600,600
51317587399830,14:15:17.587,22.1600,100
51342206715572,14:15:42.206,22.1600,600
51344754870821,14:15:44.754,22.1600,600
51361425112133,14:16:01.425,22.1700,600
51553216505234,14:19:13.216,22.2000,700
51624442479638,14:20:24.442,22.2000,700
51654024782199,14:20:54.024,22.2000,200
51682348520649,14:21:22.348,22.2300,367
51682348944297,14:21:22.348,22.2300,100
51803818703074,14:23:23.818,22.2400,100
51972449844685,14:26:12.449,22.2300,700
52000685739765,14:26:40.685,22.2300,300
52027642798805,14:27:07.642,22.2200,700
52042448075865,14:27:22.448,22.2100,700
52124473284702,14:28:44.473,22.2000,700
52269963474664,14:31:09.963,22.2000,700
52275201523005,14:31:15.201,22.2100,700
52291249748615,14:31:31.249,22.2000,600
52457315914274,14:34:17.315,22.2200,700
52565564091567,14:36:05.564,22.2100,700
52579109108216,14:36:19.109,22.2000,200
52627026818983,14:37:07.026,22.2000,700
52637410985013,14:37:17.410,22.2000,700
52637410985013,14:37:17.410,22.2000,100
52687318067051,14:38:07.318,22.2200,700
52696522914070,14:38:16.522,22.2300,700
52762494837367,14:39:22.494,22.2300,700
52814114349970,14:40:14.114,22.2300,700
52829077865191,14:40:29.077,22.2300,700
52832017362267,14:40:32.017,22.2200,700
52940317948195,14:42:20.317,22.2400,700
52995934843198,14:43:15.934,22.2200,244
52995934852875,14:43:15.934,22.2200,454
53033966541955,14:43:53.966,22.2300,700
53189324699612,14:46:29.324,22.2400,662
53189324910329,14:46:29.324,22.2400,38
53189324910329,14:46:29.324,22.2400,50
53189324933983,14:46:29.324,22.2400,150
53214460529426,14:46:54.460,22.2500,100
53228853244346,14:47:08.853,22.2500,700
53408574085717,14:50:08.574,22.2500,700
53431563440885,14:50:31.563,22.2500,100
53526091931200,14:52:06.091,22.2400,700
53604728562811,14:53:24.728,22.2600,100
53615151256978,14:53:35.151,22.2600,441
53615151875416,14:53:35.151,22.2600,100
53733434131756,14:55:33.434,22.2400,700
53775014980308,14:56:15.014,22.2300,100
53775014980308,14:56:15.014,22.2300,100
53942213460013,14:59:02.213,22.2200,700
53942213460013,14:59:02.213,22.2200,1200
54203194800553,15:03:23.194,22.2200,200
54203194800553,15:03:23.194,22.2200,700
54203194800553,15:03:23.194,22.2200,224
54246305525547,15:04:06.305,22.2100,700
54261575355053,15:04:21.575,22.2000,700
54351759713579,15:05:51.759,22.1800,700
54351759713579,15:05:51.759,22.1800,1200
54351763095043,15:05:51.763,22.1700,1200
54351763095043,15:05:51.763,22.1700,600
54351763095043,15:05:51.763,22.1700,100
54351763095043,15:05:51.763,22.1700,1700
54351763095043,15:05:51.763,22.1700,1700
54351763095043,15:05:51.763,22.1700,100
54351763152157,15:05:51.763,22.1700,500
54351763152157,15:05:51.763,22.1700,100
54351763211739,15:05:51.763,22.1700,200
54351763267719,15:05:51.763,22.1700,200
54351763267719,15:05:51.763,22.1700,700
54351764590867,15:05:51.764,22.1700,158
54351769033381,15:05:51.769,22.1700,100
54351769165930,15:05:51.769,22.1700,100
54351769235380,15:05:51.769,22.1700,100
54351769437125,15:05:51.769,22.1700,300
54351769819927,15:05:51.769,22.1700,800
54351770693838,15:05:51.770,22.1700,100
54351784730854,15:05:51.784,22.1700,700
54351784730854,15:05:51.784,22.1700,700
54351802794472,15:05:51.802,22.1700,2200
54351802794472,15:05:51.802,22.1700,3000
54351802794472,15:05:51.802,22.1700,700
54351802839829,15:05:51.802,22.1700,300
54351972644363,15:05:51.972,22.1700,100
54387711796382,15:06:27.711,22.1700,700
54387711796382,15:06:27.711,22.1700,200
54387799926280,15:06:27.799,22.1700,90
54437444069481,15:07:17.444,22.1600,600
54437444069481,15:07:17.444,22.1600,200
54635867432445,15:10:35.867,22.1500,100
54685131354620,15:11:25.131,22.1400,600
54869660623431,15:14:29.660,22.1600,200
54930403999107,15:15:30.403,22.1600,200
55043423809978,15:17:23.423,22.1600,800
55105388988752,15:18:25.388,22.1650,200
55185228691878,15:19:45.228,22.1600,200
55261281907053,15:21:01.281,22.1700,3000
55261281907053,15:21:01.281,22.1700,800
55261383344999,15:21:01.383,22.1700,800
55261383344999,15:21:01.383,22.1700,41
55391862535457,15:23:11.862,22.1500,500
55391862535457,15:23:11.862,22.1500,500
55391862536278,15:23:11.862,22.1500,682
55391862656127,15:23:11.862,22.1500,800
55391862748537,15:23:11.862,22.1500,100
55391862818356,15:23:11.862,22.1500,318
55391862868001,15:23:11.862,22.1500,800
55500013313170,15:25:00.013,22.1400,100
55693692783477,15:28:13.692,22.1400,100
55805158025319,15:30:05.158,22.1200,300
56048415113603,15:34:08.415,22.1100,600
56126650224626,15:35:26.650,22.1100,700
56174161964401,15:36:14.161,22.1100,800
56703299916243,15:45:03.299,22.1200,100
56715848660640,15:45:15.848,22.1200,100
57159032134364,15:52:39.032,22.1100,300
57272089386202,15:54:32.089,22.1050,100
57322740788323,15:55:22.740,22.1200,200
57322958865161,15:55:22.958,22.1200,100
57505633772477,15:58:25.633,22.1200,100
57526118726623,15:58:46.118,22.1200,100
57526119085369,15:58:46.119,22.1200,118
57526123394988,15:58:46.123,22.1200,100
57532566121881,15:58:52.566,22.1200,200
57539734960303,15:58:59.734,22.1150,200
57539979581737,15:58:59.979,22.1150,200
57540272834496,15:59:00.272,22.1150,200
57593762615239,15:59:53.762,22.1250,180
57594159370526,15:59:54.159,22.1200,14
57600200735442,16:00:00.200,0.0000,0
