timestamp,time,price,volume
34200938657842,09:30:00.938,0.0000,0
34205119831684,09:30:05.119,84.3500,100
34205119883281,09:30:05.119,84.3600,100
34210466581748,09:30:10.466,84.3500,100
34210466581748,09:30:10.466,84.3500,100
34213830674159,09:30:13.830,84.3500,100
34213830674159,09:30:13.830,84.3500,100
34213830674159,09:30:13.830,84.3500,100
34213831369835,09:30:13.831,84.3500,100
34218537907361,09:30:18.537,84.3500,100
34218537907361,09:30:18.537,84.3500,100
34260312197942,09:31:00.312,84.3600,100
34260312197942,09:31:00.312,84.3600,300
34260312197942,09:31:00.312,84.3600,100
34260312197942,09:31:00.312,84.3600,600
34280495920345,09:31:20.495,84.3600,200
34280495920345,09:31:20.495,84.3600,300
34280495920345,09:31:20.495,84.3600,200
34280495920345,09:31:20.495,84.3600,500
34280495920345,09:31:20.495,84.3600,100
34280495920345,09:31:20.495,84.3600,100
34280495920345,09:31:20.495,84.3600,100
34280495920345,09:31:20.495,84.3600,100
34280495920345,09:31:20.495,84.3600,100
34280496023044,09:31:20.496,84.3600,100
34280496023044,09:31:20.496,84.3600,200
34280496028149,09:31:20.496,84.3600,100
34280496038139,09:31:20.496,84.3600,100
34280496043000,09:31:20.496,84.3600,100
34280496051323,09:31:20.496,84.3600,200
34280712696198,09:31:20.712,84.3600,200
34281535030095,09:31:21.535,84.3600,100
34281535030095,09:31:21.535,84.3600,400
34281535030095,09:31:21.535,84.3600,200
34283906991531,09:31:23.906,84.3700,200
34283906991531,09:31:23.906,84.3700,100
34301898325228,09:31:41.898,84.3800,100
34301898325228,09:31:41.898,84.3800,100
34301898325228,09:31:41.898,84.3800,100
34301898325228,09:31:41.898,84.3800,200
34301898325228,09:31:41.898,84.3800,400
34320008393787,09:32:00.008,84.3850,32
34376159072307,09:32:56.159,84.4050,100
34392572308751,09:33:12.572,84.4000,100
34392572308751,09:33:12.572,84.4000,100
34392572308751,09:33:12.572,84.4000,51
34392572308751,09:33:12.572,84.4000,965
34392572308751,09:33:12.572,84.4000,49
34402433438631,09:33:22.433,84.3900,100
34402433438631,09:33:22.433,84.3900,400
34403957392593,09:33:23.957,84.3900,300
34408398388473,09:33:28.398,84.3900,100
34408398388473,09:33:28.398,84.3900,100
34408398388473,09:33:28.398,84.3900,6100
34408398411503,09:33:28.398,84.3900,200
34408398800803,09:33:28.398,84.3900,100
34408398800803,09:33:28.398,84.3900,400
34408398800803,09:33:28.398,84.3900,700
34408398800803,09:33:28.398,84.3900,400
34408399381163,09:33:28.399,84.3900,100
34408399381163,09:33:28.399,84.3900,4
34408824834710,09:33:28.824,84.3900,700
34501021042040,09:35:01.021,84.3950,100
34501970670966,09:35:01.970,84.3950,1
34516384552866,09:35:16.384,84.3950,500
34516389020080,09:35:16.389,84.3950,100
34528440788043,09:35:28.440,84.4000,155
34528440969712,09:35:28.440,84.4000,145
34528440969712,09:35:28.440,84.4000,255
34528441133401,09:35:28.441,84.4000,345
34532496871449,09:35:32.496,84.4000,100
34532496871449,09:35:32.496,84.4000,104
34532496901006,09:35:32.496,84.4000,496
34532496901006,09:35:32.496,84.4000,199
34532496901006,09:35:32.496,84.4000,500
34535520024560,09:35:35.520,84.4000,100
34535520487264,09:35:35.520,84.4000,100
34595509189144,09:36:35.509,84.3950,800
34595509189144,09:36:35.509,84.3950,400
34595509189144,09:36:35.509,84.4000,700
34595509189144,09:36:35.509,84.4000,100
34595509189144,09:36:35.509,84.4000,400
34628356207591,09:37:08.356,84.4000,100
34628356207591,09:37:08.356,84.4000,100
34628356207591,09:37:08.356,84.4000,100
34628356207591,09:37:08.356,84.4000,400
34628356207591,09:37:08.356,84.4000,400
34630358058431,09:37:10.358,84.4050,200
34638868161611,09:37:18.868,84.4100,200
34638868161611,09:37:18.868,84.4100,100
34638868161611,09:37:18.868,84.4100,100
34638868161611,09:37:18.868,84.4100,300
34638868161611,09:37:18.868,84.4100,200
34638868161611,09:37:18.868,84.4100,300
34638868161611,09:37:18.868,84.4100,100
34638868904867,09:37:18.868,84.4100,100
34638868904867,09:37:18.868,84.4100,33
34638869276330,09:37:18.869,84.4100,67
34638869276330,09:37:18.869,84.4100,74
34638894908302,09:37:18.894,84.4100,26
34638894908302,09:37:18.894,84.4100,2800
34638894908302,09:37:18.894,84.4100,470
34638926281788,09:37:18.926,84.4150,100
34648011859439,09:37:28.011,84.4200,100
34648011859439,09:37:28.011,84.4200,100
34648011859439,09:37:28.011,84.4200,300
34648011859439,09:37:28.011,84.4200,200
34648011859439,09:37:28.011,84.4200,400
34648011859439,09:37:28.011,84.4200,600
34648011859439,09:37:28.011,84.4200,400
34648028383166,09:37:28.028,84.4200,100
34648028383166,09:37:28.028,84.4200,100
34648028383166,09:37:28.028,84.4200,600
34648028383166,09:37:28.028,84.4200,900
34648028383166,09:37:28.028,84.4200,100
34648028383166,09:37:28.028,84.4200,300
34648029180409,09:37:28.029,84.4200,100
34648030024014,09:37:28.030,84.4200,800
34654903082030,09:37:34.903,84.4200,100
34654903082030,09:37:34.903,84.4200,100
34654903110432,09:37:34.903,84.4200,500
34654903160968,09:37:34.903,84.4200,500
34654903269101,09:37:34.903,84.4200,300
34654903381989,09:37:34.903,84.4200,100
34654903875712,09:37:34.903,84.4200,228
34654931754419,09:37:34.931,84.4200,200
34654931754419,09:37:34.931,84.4200,100
34654931754419,09:37:34.931,84.4200,100
34654931754419,09:37:34.931,84.4200,100
34654931754419,09:37:34.931,84.4200,1100
34654931754419,09:37:34.931,84.4200,3000
34654931754419,09:37:34.931,84.4200,1000
34654931754419,09:37:34.931,84.4200,300
34654931754419,09:37:34.931,84.4200,800
34664897786430,09:37:44.897,84.4200,100
34664897786430,09:37:44.897,84.4200,100
34664897786430,09:37:44.897,84.4200,8
34664898440658,09:37:44.898,84.4200,208
34664898485533,09:37:44.898,84.4200,400
34664899309098,09:37:44.899,84.4200,117
34664902239508,09:37:44.902,84.4200,300
34664902444346,09:37:44.902,84.4200,208
34664978004527,09:37:44.978,84.4200,100
34664978004527,09:37:44.978,84.4200,100
34664978004527,09:37:44.978,84.4200,100
34664978004527,09:37:44.978,84.4200,100
34664978004527,09:37:44.978,84.4200,500
34664978004527,09:37:44.978,84.4200,1400
34688694731340,09:38:08.694,84.4300,100
34707484113862,09:38:27.484,84.4300,100
34715095237509,09:38:35.095,84.4300,100
34715095237509,09:38:35.095,84.4300,700
34715095237509,09:38:35.095,84.4300,900
34715095237509,09:38:35.095,84.4300,200
34715095237509,09:38:35.095,84.4300,400
34715144701616,09:38:35.144,84.4300,100
34715657738813,09:38:35.657,84.4300,200
34716198138402,09:38:36.198,84.4300,200
34726792954921,09:38:46.792,84.4350,200
34756235032522,09:39:16.235,84.4350,200
34763388212415,09:39:23.388,84.4300,100
34763388212415,09:39:23.388,84.4300,900
34763388212415,09:39:23.388,84.4300,570
34763388228149,09:39:23.388,84.4300,30
34763389992666,09:39:23.389,84.4200,154
34771293674599,09:39:31.293,84.4300,100
34771293674599,09:39:31.293,84.4300,100
34771293674599,09:39:31.293,84.4300,100
34771293674599,09:39:31.293,84.4300,1500
34771293674599,09:39:31.293,84.4300,200
34771293674599,09:39:31.293,84.4300,400
34771293674599,09:39:31.293,84.4300,600
34771293674599,09:39:31.293,84.4300,200
34771366366238,09:39:31.366,84.4300,40
34793559004950,09:39:53.559,84.4350,100
34802326804300,09:40:02.326,84.4350,891
34802327928215,09:40:02.327,84.4350,609
34802327928215,09:40:02.327,84.4400,300
34802327928215,09:40:02.327,84.4400,91
34802457936969,09:40:02.457,84.4400,9
34802457936969,09:40:02.457,84.4400,100
34802457936969,09:40:02.457,84.4400,200
34802457936969,09:40:02.457,84.4400,400
34802457936969,09:40:02.457,84.4400,100
34802459141744,09:40:02.459,84.4400,100
34802459141744,09:40:02.459,84.4400,100
34802459141744,09:40:02.459,84.4400,100
34802459762829,09:40:02.459,84.4400,100
34802459762829,09:40:02.459,84.4400,100
34802459800788,09:40:02.459,84.4400,100
34802459838953,09:40:02.459,84.4400,100
34803034446434,09:40:03.034,84.4400,200
34818047396566,09:40:18.047,84.4400,500
34818047396566,09:40:18.047,84.4400,900
34818047396566,09:40:18.047,84.4400,300
34818047396566,09:40:18.047,84.4400,200
34818047426037,09:40:18.047,84.4400,146
34819326688749,09:40:19.326,84.4400,6354
34819326688749,09:40:19.326,84.4400,100
34836473773186,09:40:36.473,84.4300,1500
34836473773186,09:40:36.473,84.4300,200
34836517631320,09:40:36.517,84.4200,600
34836517631320,09:40:36.517,84.4200,50
34836517631320,09:40:36.517,84.4200,100
34836517631320,09:40:36.517,84.4200,100
34836517675216,09:40:36.517,84.4200,200
34836517702426,09:40:36.517,84.4200,200
34836517737893,09:40:36.517,84.4200,500
34836517741123,09:40:36.517,84.4200,500
34836517775765,09:40:36.517,84.4200,750
34836517800153,09:40:36.517,84.4200,400
34836517915102,09:40:36.517,84.4200,200
34836517932470,09:40:36.517,84.4200,200
34836518220421,09:40:36.518,84.4200,200
34836686747759,09:40:36.686,84.4200,30
34836686768638,09:40:36.686,84.4200,670
34836686768638,09:40:36.686,84.4200,100
34836686768638,09:40:36.686,84.4200,900
34837631691554,09:40:37.631,84.4300,100
34886591918462,09:41:26.591,84.4200,200
34886591918462,09:41:26.591,84.4200,35
34886591918462,09:41:26.591,84.4200,65
34899256529666,09:41:39.256,84.4200,5500
34918227222225,09:41:58.227,84.4200,100
34942188262428,09:42:22.188,84.4200,100
34945151718112,09:42:25.151,84.4200,100
34945151718112,09:42:25.151,84.4200,100
34961624997605,09:42:41.624,84.4150,300
34961624997605,09:42:41.624,84.4150,100
34961624997605,09:42:41.624,84.4150,120
34961624997605,09:42:41.624,84.4150,100
34961624997605,09:42:41.624,84.4150,100
34961652144610,09:42:41.652,84.4200,21
34961652144610,09:42:41.652,84.4200,29
34961652144610,09:42:41.652,84.4200,22
34961652144610,09:42:41.652,84.4200,100
34961652144610,09:42:41.652,84.4200,100
34961653667811,09:42:41.653,84.4200,400
34961653667811,09:42:41.653,84.4200,1800
34961653667811,09:42:41.653,84.4200,900
34961653667811,09:42:41.653,84.4200,264
34964398007193,09:42:44.398,84.4250,200
34970006079215,09:42:50.006,84.4200,900
34970006079215,09:42:50.006,84.4200,5400
34970006776143,09:42:50.006,84.4200,300
34970006776143,09:42:50.006,84.4200,800
34970006776143,09:42:50.006,84.4200,2600
34970006776143,09:42:50.006,84.4200,4900
34970006922896,09:42:50.006,84.4200,200
34970134402997,09:42:50.134,84.4200,1600
34970134402997,09:42:50.134,84.4200,300
34970134402997,09:42:50.134,84.4200,1500
34970134402997,09:42:50.134,84.4200,900
34970135247053,09:42:50.135,84.4200,100
34979667812648,09:42:59.667,84.4300,100
34979667812648,09:42:59.667,84.4300,25
34983033723321,09:43:03.033,84.4300,75
34983033723321,09:43:03.033,84.4300,100
34983033723321,09:43:03.033,84.4300,100
34983033723321,09:43:03.033,84.4300,1100
34983033723321,09:43:03.033,84.4300,900
34983033723321,09:43:03.033,84.4300,401
34983240547428,09:43:03.240,84.4300,208
35024994300734,09:43:44.994,84.4300,6200
35024994300734,09:43:44.994,84.4300,3600
35024994300734,09:43:44.994,84.4300,200
35028968104695,09:43:48.968,84.4200,100
35028968149220,09:43:48.968,84.4200,500
35028968256475,09:43:48.968,84.4200,100
35029094909985,09:43:49.094,84.4200,1600
35029094909985,09:43:49.094,84.4200,300
35029094909985,09:43:49.094,84.4200,3000
35029094909985,09:43:49.094,84.4200,300
35029094909985,09:43:49.094,84.4200,1000
35029094909985,09:43:49.094,84.4200,100
35029094909985,09:43:49.094,84.4200,400
35058061243449,09:44:18.061,84.4200,200
35098795042717,09:44:58.795,84.4150,200
35099296038974,09:44:59.296,84.4150,100
35100726041050,09:45:00.726,84.4150,100
35101226044492,09:45:01.226,84.4150,200
35102472042216,09:45:02.472,84.4150,200
35102973040379,09:45:02.973,84.4150,100
35105393044318,09:45:05.393,84.4150,100
35105893042203,09:45:05.893,84.4150,100
35107500036260,09:45:07.500,84.4150,100
35108470043406,09:45:08.470,84.4150,100
35110372044458,09:45:10.372,84.4150,100
35110873041720,09:45:10.873,84.4150,100
35113032044072,09:45:13.032,84.4150,100
35113532043912,09:45:13.532,84.4150,100
35129660048443,09:45:29.660,84.4150,200
35135669047388,09:45:35.669,84.4150,200
35136170044151,09:45:36.170,84.4150,200
35136671042845,09:45:36.671,84.4150,100
35140196057965,09:45:40.196,84.4150,100
35146633955944,09:45:46.633,84.4100,600
35146633955944,09:45:46.633,84.4100,100
35146633955944,09:45:46.633,84.4100,100
35146633955944,09:45:46.633,84.4100,100
35146633955944,09:45:46.633,84.4100,100
35146633955944,09:45:46.633,84.4100,100
35146633955944,09:45:46.633,84.4100,100
35146633955944,09:45:46.633,84.4100,100
35146633955944,09:45:46.633,84.4100,500
35146633955944,09:45:46.633,84.4100,100
35146633955944,09:45:46.633,84.4100,100
35146633955944,09:45:46.633,84.4100,24
35146633955944,09:45:46.633,84.4100,8
35146633955944,09:45:46.633,84.4100,400
35146633955944,09:45:46.633,84.4100,68
35146633955944,09:45:46.633,84.4100,3800
35146634022860,09:45:46.634,84.4100,965
35146634024610,09:45:46.634,84.4100,900
35146634043602,09:45:46.634,84.4100,744
35146634080822,09:45:46.634,84.4100,500
35146634100629,09:45:46.634,84.4100,500
35146634113696,09:45:46.634,84.4100,100
35146634181849,09:45:46.634,84.4100,820
35146634184416,09:45:46.634,84.4100,71
35146634184416,09:45:46.634,84.4100,100
35146634184416,09:45:46.634,84.4100,100
35146634184416,09:45:46.634,84.4100,1320
35146634221021,09:45:46.634,84.4100,100
35146634486135,09:45:46.634,84.4100,100
35146634486135,09:45:46.634,84.4100,100
35146634512824,09:45:46.634,84.4100,1600
35146634542427,09:45:46.634,84.4100,73
35146634568629,09:45:46.634,84.4100,327
35146634568629,09:45:46.634,84.4100,300
35146634568629,09:45:46.634,84.4100,100
35146634568629,09:45:46.634,84.4100,100
35146634568629,09:45:46.634,84.4100,1180
35146634568629,09:45:46.634,84.4100,293
35146634581424,09:45:46.634,84.4100,1465
35146634584568,09:45:46.634,84.4100,200
35146634602924,09:45:46.634,84.4100,627
35205083455168,09:46:45.083,84.4000,100
35205083455168,09:46:45.083,84.4000,100
35205083455168,09:46:45.083,84.4000,2400
35225232494409,09:47:05.232,84.4000,100
35225232494409,09:47:05.232,84.4000,100
35225232494409,09:47:05.232,84.4000,1
35225232494409,09:47:05.232,84.4000,793
35231302962469,09:47:11.302,84.4000,200
35231302989172,09:47:11.302,84.4000,7
35231302989172,09:47:11.302,84.4000,100
35231302989172,09:47:11.302,84.4000,100
35231302989172,09:47:11.302,84.4000,800
35231303355893,09:47:11.303,84.4000,2000
35231303355893,09:47:11.303,84.4000,1000
35231303355893,09:47:11.303,84.4000,100
35260126784124,09:47:40.126,84.4000,100
35260126784124,09:47:40.126,84.4000,21
35287886575095,09:48:07.886,84.3900,489
35287886851794,09:48:07.886,84.3900,11
35295915042298,09:48:15.915,84.3850,200
35301851719940,09:48:21.851,84.3850,100
35301851719940,09:48:21.851,84.3850,200
35306616045102,09:48:26.616,84.3850,100
35309061046539,09:48:29.061,84.3850,100
35313713045027,09:48:33.713,84.3850,100
35324372041746,09:48:44.372,84.3850,100
35330644636095,09:48:50.644,84.3800,2000
35333641798182,09:48:53.641,84.3800,2000
35333641878219,09:48:53.641,84.3800,406
35333641931181,09:48:53.641,84.3800,1500
35336647043972,09:48:56.647,84.3850,200
35339626048502,09:48:59.626,84.3850,200
35341321050770,09:49:01.321,84.3850,200
35343977042000,09:49:03.977,84.3850,100
35346938051262,09:49:06.938,84.3850,100
35351175673253,09:49:11.175,84.3800,94
35351175673253,09:49:11.175,84.3800,1100
35351175673253,09:49:11.175,84.3800,2000
35351175673253,09:49:11.175,84.3800,1000
35351175673253,09:49:11.175,84.3800,800
35351175673253,09:49:11.175,84.3800,500
35351175673253,09:49:11.175,84.3800,106
35369185712881,09:49:29.185,84.3850,400
35369185712881,09:49:29.185,84.3850,800
35369185712881,09:49:29.185,84.3900,64
35393321343314,09:49:53.321,84.3800,208
35404393536426,09:50:04.393,84.3800,1792
35404393536426,09:50:04.393,84.3800,14
35404393536426,09:50:04.393,84.3800,5
35404393536426,09:50:04.393,84.3800,7
35404393536426,09:50:04.393,84.3800,1000
35404393573155,09:50:04.393,84.3800,600
35404393817557,09:50:04.393,84.3800,2818
35404393941682,09:50:04.393,84.3800,1818
35404394111292,09:50:04.394,84.3800,200
35405744740405,09:50:05.744,84.3800,100
35410452022299,09:50:10.452,84.3800,100
35410452028246,09:50:10.452,84.3800,100
35410452106431,09:50:10.452,84.3800,120
35413848542389,09:50:13.848,84.3800,3
35417283582471,09:50:17.283,84.3800,114
35417825936628,09:50:17.825,84.3800,900
35419162105748,09:50:19.162,84.3800,125
35446199377010,09:50:46.199,84.3800,100
35448681246755,09:50:48.681,84.3800,80
35448681370814,09:50:48.681,84.3800,300
35454987713266,09:50:54.987,84.3800,255
35455926276135,09:50:55.926,84.3800,800
35457270045951,09:50:57.270,84.3800,300
35458444754528,09:50:58.444,84.3800,800
35485038007863,09:51:25.038,84.3800,262
35485038047872,09:51:25.038,84.3800,300
35485038711059,09:51:25.038,84.3800,200
35485052706533,09:51:25.052,84.3800,100
35487444576801,09:51:27.444,84.3800,800
35528427501925,09:52:08.427,84.3800,100
35533425882796,09:52:13.425,84.3800,80
35533426474165,09:52:13.426,84.3800,200
35533436141775,09:52:13.436,84.3800,80
35533759277908,09:52:13.759,84.3800,80
35533766780495,09:52:13.766,84.3800,800
35533843227271,09:52:13.843,84.3800,80
35538311500576,09:52:18.311,84.3800,100
35538824997601,09:52:18.824,84.3800,200
35542877884112,09:52:22.877,84.3800,1000
35544367345894,09:52:24.367,84.3800,200
35544368093185,09:52:24.368,84.3800,80
35544867367567,09:52:24.867,84.3800,200
35545262524888,09:52:25.262,84.3800,800
35545367748465,09:52:25.367,84.3800,200
35545868606102,09:52:25.868,84.3800,109
35545868606102,09:52:25.868,84.3800,91
35545868641040,09:52:25.868,84.3800,200
35546369602122,09:52:26.369,84.3800,200
35546370013762,09:52:26.370,84.3800,200
35546870366404,09:52:26.870,84.3800,200
35547370721043,09:52:27.370,84.3800,200
35547871322381,09:52:27.871,84.3800,200
35548371956817,09:52:28.371,84.3800,200
35548872424841,09:52:28.872,84.3800,200
35551856430214,09:52:31.856,84.3800,200
35552356427403,09:52:32.356,84.3800,109
35667767032274,09:54:27.767,84.3800,12
35730408219727,09:55:30.408,84.3750,100
35749855601164,09:55:49.855,84.3800,100
35749855601164,09:55:49.855,84.3800,125
35749855601164,09:55:49.855,84.3800,100
35749855601164,09:55:49.855,84.3800,1200
35749855601164,09:55:49.855,84.3800,100
35749855601164,09:55:49.855,84.3800,100
35749855601164,09:55:49.855,84.3800,100
35749855601164,09:55:49.855,84.3800,575
35769923419836,09:56:09.923,84.3750,9
35769923419836,09:56:09.923,84.3750,3
35769923419836,09:56:09.923,84.3750,88
35791020992007,09:56:31.020,84.3750,1
35803499656084,09:56:43.499,84.3700,29
35803499922858,09:56:43.499,84.3700,871
35803499922858,09:56:43.499,84.3700,100
35803499922858,09:56:43.499,84.3700,100
35803499922858,09:56:43.499,84.3700,100
35803499922858,09:56:43.499,84.3700,200
35803499922858,09:56:43.499,84.3700,100
35803499922858,09:56:43.499,84.3700,100
35803499922858,09:56:43.499,84.3700,53
35803499922858,09:56:43.499,84.3700,30
35803499922858,09:56:43.499,84.3700,22
35803499922858,09:56:43.499,84.3700,100
35803499922858,09:56:43.499,84.3700,100
35803500949719,09:56:43.500,84.3700,305
35803501160877,09:56:43.501,84.3700,100
35803501261610,09:56:43.501,84.3700,29
35803722243419,09:56:43.722,84.3700,766
35803722243419,09:56:43.722,84.3700,1400
35820076658260,09:57:00.076,84.3600,6
35823779138291,09:57:03.779,84.3600,194
35823779138291,09:57:03.779,84.3600,100
35823779138291,09:57:03.779,84.3600,100
35823779138291,09:57:03.779,84.3600,100
35823779138291,09:57:03.779,84.3600,100
35823779138291,09:57:03.779,84.3600,6
35823780796720,09:57:03.780,84.3600,100
35823780796720,09:57:03.780,84.3600,100
35843452313746,09:57:23.452,84.3500,100
35843452313746,09:57:23.452,84.3500,300
35843452313746,09:57:23.452,84.3500,100
35843453312639,09:57:23.453,84.3500,3000
35843453312639,09:57:23.453,84.3500,100
35843453312639,09:57:23.453,84.3500,200
35843453312639,09:57:23.453,84.3500,200
35843453312639,09:57:23.453,84.3500,100
35843453312639,09:57:23.453,84.3500,100
35843453312639,09:57:23.453,84.3500,200
35843453312639,09:57:23.453,84.3500,100
35843453312639,09:57:23.453,84.3500,100
35843453312639,09:57:23.453,84.3500,100
35843453312639,09:57:23.453,84.3500,100
35843453312639,09:57:23.453,84.3500,100
35843453312639,09:57:23.453,84.3500,100
35843453312639,09:57:23.453,84.3500,1100
35843453312639,09:57:23.453,84.3500,600
35856820492938,09:57:36.820,84.3500,100
36050322453056,10:00:50.322,84.3600,100
36050322453056,10:00:50.322,84.3600,900
36065346009821,10:01:05.346,84.3600,300
36065346009821,10:01:05.346,84.3600,1200
36095391186999,10:01:35.391,84.3600,200
36095391186999,10:01:35.391,84.3600,400
36095391186999,10:01:35.391,84.3600,100
36095391186999,10:01:35.391,84.3600,100
36095391186999,10:01:35.391,84.3600,100
36095391186999,10:01:35.391,84.3600,100
36095391186999,10:01:35.391,84.3600,1400
36096263552070,10:01:36.263,84.3600,100
36096263552070,10:01:36.263,84.3600,100
36096263552070,10:01:36.263,84.3600,100
36110413979439,10:01:50.413,84.3600,100
36110413979439,10:01:50.413,84.3600,1600
36110413979439,10:01:50.413,84.3600,700
36140464025213,10:02:20.464,84.3600,400
36140464025213,10:02:20.464,84.3600,100
36140464025213,10:02:20.464,84.3600,100
36140464025213,10:02:20.464,84.3600,100
36140464025213,10:02:20.464,84.3600,100
36140464025213,10:02:20.464,84.3600,700
36140464025213,10:02:20.464,84.3600,100
36140464025213,10:02:20.464,84.3600,700
36155488442449,10:02:35.488,84.3600,700
36155488442449,10:02:35.488,84.3600,100
36155488442449,10:02:35.488,84.3600,100
36155488442449,10:02:35.488,84.3600,100
36155488442449,10:02:35.488,84.3600,100
36155488442449,10:02:35.488,84.3600,100
36155488442449,10:02:35.488,84.3600,700
36155488442449,10:02:35.488,84.3600,100
36155488442449,10:02:35.488,84.3600,400
36158268871562,10:02:38.268,84.3600,100
36173941584564,10:02:53.941,84.3500,1100
36173941584564,10:02:53.941,84.3500,6500
36173941584564,10:02:53.941,84.3500,100
36173941584564,10:02:53.941,84.3500,100
36173942502102,10:02:53.942,84.3500,100
36173943364485,10:02:53.943,84.3500,100
36173944996124,10:02:53.944,84.3500,100
36173945758497,10:02:53.945,84.3500,100
36173946745302,10:02:53.946,84.3500,100
36173947679600,10:02:53.947,84.3500,100
36173948691171,10:02:53.948,84.3500,100
36173949602729,10:02:53.949,84.3500,100
36173950199276,10:02:53.950,84.3500,270
36177465112747,10:02:57.465,84.3400,100
36182383788286,10:03:02.383,84.3400,100
36182383788286,10:03:02.383,84.3400,100
36182383788286,10:03:02.383,84.3400,100
36182383788286,10:03:02.383,84.3400,100
36182383788286,10:03:02.383,84.3400,700
36182383788286,10:03:02.383,84.3400,1700
36182383788286,10:03:02.383,84.3400,1500
36182386316751,10:03:02.386,84.3400,100
36183159056694,10:03:03.159,84.3400,100
36197295272447,10:03:17.295,84.3300,100
36197295272447,10:03:17.295,84.3300,100
36197295272447,10:03:17.295,84.3300,200
36197295272447,10:03:17.295,84.3300,100
36197295272447,10:03:17.295,84.3300,100
36197295272447,10:03:17.295,84.3300,100
36197295272447,10:03:17.295,84.3300,1000
36197295272447,10:03:17.295,84.3300,100
36197295272447,10:03:17.295,84.3300,1500
36240949630557,10:04:00.949,84.3400,1193
36240949669479,10:04:00.949,84.3400,307
36240949669479,10:04:00.949,84.3400,393
36240949702919,10:04:00.949,84.3400,7
36337818012744,10:05:37.818,84.3450,100
36380852730571,10:06:20.852,84.3500,300
36380852730571,10:06:20.852,84.3500,1100
36395876076452,10:06:35.876,84.3500,1500
36395876076452,10:06:35.876,84.3500,300
36395876076452,10:06:35.876,84.3500,100
36395876076452,10:06:35.876,84.3500,100
36395876076452,10:06:35.876,84.3500,100
36395876076452,10:06:35.876,84.3500,300
36410900631666,10:06:50.900,84.3500,100
36410900631666,10:06:50.900,84.3500,700
36410901146876,10:06:50.901,84.3500,100
36410903248543,10:06:50.903,84.3500,500
36413849673506,10:06:53.849,84.3500,300
36413849673506,10:06:53.849,84.3500,100
36413849673506,10:06:53.849,84.3500,100
36413849673506,10:06:53.849,84.3500,100
36413849673506,10:06:53.849,84.3500,1000
36413849673506,10:06:53.849,84.3500,100
36413849673506,10:06:53.849,84.3500,700
36413849673506,10:06:53.849,84.3500,100
36413849673506,10:06:53.849,84.3500,1500
36413849673506,10:06:53.849,84.3500,200
36414158568157,10:06:54.158,84.3500,1600
36414158568157,10:06:54.158,84.3500,100
36414158568157,10:06:54.158,84.3500,900
36414158568157,10:06:54.158,84.3500,1500
36414960532073,10:06:54.960,84.3500,100
36440949998789,10:07:20.949,84.3550,200
36440949998789,10:07:20.949,84.3550,80
36440949998789,10:07:20.949,84.3550,100
36440949998789,10:07:20.949,84.3550,100
36440949998789,10:07:20.949,84.3600,100
36440949998789,10:07:20.949,84.3600,420
36470995066422,10:07:50.995,84.3550,900
36470995066422,10:07:50.995,84.3550,80
36470995066422,10:07:50.995,84.3600,520
36486047165752,10:08:06.047,84.3600,660
36486047165752,10:08:06.047,84.3600,1140
36491043000123,10:08:11.043,84.3550,200
36492933007068,10:08:12.933,84.3550,200
36501070128718,10:08:21.070,84.3550,400
36501070128718,10:08:21.070,84.3550,400
36543760013426,10:09:03.760,84.3550,200
36546137142876,10:09:06.137,84.3550,400
36546137142876,10:09:06.137,84.3550,600
36591207652946,10:09:51.207,84.3550,100
36592349008455,10:09:52.349,84.3550,200
36595032013388,10:09:55.032,84.3550,200
36606229234168,10:10:06.229,84.3600,260
36606229234168,10:10:06.229,84.3600,100
36606229234168,10:10:06.229,84.3600,100
36606229234168,10:10:06.229,84.3600,900
36606229234168,10:10:06.229,84.3600,40
36621229664098,10:10:21.229,84.3550,100
36621229664098,10:10:21.229,84.3550,80
36621229664098,10:10:21.229,84.3550,119
36621229664098,10:10:21.229,84.3550,100
36621229664098,10:10:21.229,84.3550,100
36636273277203,10:10:36.273,84.3550,900
36651294304903,10:10:51.294,84.3550,301
36651294304903,10:10:51.294,84.3550,599
36666316820057,10:11:06.316,84.3550,401
36666316820057,10:11:06.316,84.3550,499
36681341737929,10:11:21.341,84.3550,1001
36681341737929,10:11:21.341,84.3600,99
36696365375875,10:11:36.365,84.3550,800
36696365375875,10:11:36.365,84.3600,1
36696365375875,10:11:36.365,84.3600,100
36696365375875,10:11:36.365,84.3600,699
36696865003436,10:11:36.865,84.3550,100
36708689058512,10:11:48.689,84.3600,501
36708689058512,10:11:48.689,84.3600,100
36708689058512,10:11:48.689,84.3600,100
36708689058512,10:11:48.689,84.3600,100
36708689058512,10:11:48.689,84.3600,400
36708689058512,10:11:48.689,84.3600,100
36708689058512,10:11:48.689,84.3600,400
36708689058512,10:11:48.689,84.3600,100
36708689058512,10:11:48.689,84.3600,199
36708691260541,10:11:48.691,84.3600,1
36708691260541,10:11:48.691,84.3600,100
36708691260541,10:11:48.691,84.3600,100
36708691260541,10:11:48.691,84.3600,200
36708691260541,10:11:48.691,84.3600,800
36708691260541,10:11:48.691,84.3600,100
36708691707753,10:11:48.691,84.3600,100
36708695925000,10:11:48.695,84.3600,100
36816972351943,10:13:36.972,84.3650,100
36816972351943,10:13:36.972,84.3650,147
36816972982491,10:13:36.972,84.3650,166
36816974995859,10:13:36.974,84.3650,207
36816975863223,10:13:36.975,84.3650,208
36818028715012,10:13:38.028,84.3700,100
36818028715012,10:13:38.028,84.3700,100
36818028715012,10:13:38.028,84.3700,8
36818029107416,10:13:38.029,84.3700,92
36818029107416,10:13:38.029,84.3700,16
36818620573313,10:13:38.620,84.3700,84
36818620573313,10:13:38.620,84.3700,41
36826929477600,10:13:46.929,84.3700,59
36826929477600,10:13:46.929,84.3700,100
36826929477600,10:13:46.929,84.3700,188
36826929498744,10:13:46.929,84.3700,100
36826929521031,10:13:46.929,84.3700,107
36826929550687,10:13:46.929,84.3700,305
36826930255763,10:13:46.930,84.3800,100
36893486439148,10:14:53.486,84.3750,200
36893486439148,10:14:53.486,84.3800,100
36893486439148,10:14:53.486,84.3800,100
36893486439148,10:14:53.486,84.3800,100
36893486439148,10:14:53.486,84.3800,100
36893486439148,10:14:53.486,84.3800,400
36893486439148,10:14:53.486,84.3800,1800
36893486439148,10:14:53.486,84.3800,300
36893487571071,10:14:53.487,84.3800,100
36893704979647,10:14:53.704,84.3800,1900
36951767624172,10:15:51.767,84.3850,200
36951767624172,10:15:51.767,84.3850,100
36951767624172,10:15:51.767,84.3850,80
36951767624172,10:15:51.767,84.3900,1025
36951767624172,10:15:51.767,84.3900,100
36951767624172,10:15:51.767,84.3900,700
36951767624172,10:15:51.767,84.3900,100
36951767624172,10:15:51.767,84.3900,295
36973924127740,10:16:13.924,84.3900,100
36973924127740,10:16:13.924,84.3900,100
36973924127740,10:16:13.924,84.3900,900
36973924127740,10:16:13.924,84.3900,500
36973924127740,10:16:13.924,84.3900,300
36973924127740,10:16:13.924,84.3900,185
36981814942812,10:16:21.814,84.3900,15
36981814942812,10:16:21.814,84.3900,100
36981814942812,10:16:21.814,84.3900,100
36981814942812,10:16:21.814,84.3900,100
36981814942812,10:16:21.814,84.3900,100
36981814942812,10:16:21.814,84.3900,1700
36981814942812,10:16:21.814,84.3900,100
36981814942812,10:16:21.814,84.3900,100
36981814942812,10:16:21.814,84.3900,385
36981893729320,10:16:21.893,84.3900,15
36996837649646,10:16:36.837,84.3900,100
36996837649646,10:16:36.837,84.3900,2200
36996837649646,10:16:36.837,84.3900,500
37001279871819,10:16:41.279,84.3900,400
37004395366469,10:16:44.395,84.3900,400
37011860356386,10:16:51.860,84.3900,300
37011860356386,10:16:51.860,84.3900,400
37011860356386,10:16:51.860,84.3900,100
37011860356386,10:16:51.860,84.3900,500
37011860356386,10:16:51.860,84.3900,400
37011860356386,10:16:51.860,84.3900,100
37011860356386,10:16:51.860,84.3900,100
37011860356386,10:16:51.860,84.3900,400
37011860356386,10:16:51.860,84.3900,100
37011860356386,10:16:51.860,84.3900,400
37020926921121,10:17:00.926,84.3900,21
37020926921121,10:17:00.926,84.3900,100
37020926921121,10:17:00.926,84.3900,400
37020926921121,10:17:00.926,84.3900,156
37021156221720,10:17:01.156,84.3900,100
37021156221720,10:17:01.156,84.3900,29
37022160952790,10:17:02.160,84.3900,300
37026884813661,10:17:06.884,84.3900,1200
37026884813661,10:17:06.884,84.3900,1500
37026884813661,10:17:06.884,84.3900,100
37041909174122,10:17:21.909,84.3850,200
37041909174122,10:17:21.909,84.3900,600
37041909174122,10:17:21.909,84.3900,300
37041909174122,10:17:21.909,84.3900,400
37041909174122,10:17:21.909,84.3900,100
37041909174122,10:17:21.909,84.3900,100
37041909174122,10:17:21.909,84.3900,100
37041909174122,10:17:21.909,84.3900,100
37041909174122,10:17:21.909,84.3900,100
37041909174122,10:17:21.909,84.3900,100
37041909174122,10:17:21.909,84.3900,100
37041909174122,10:17:21.909,84.3900,100
37041909174122,10:17:21.909,84.3900,500
37056930537743,10:17:36.930,84.3900,700
37056930537743,10:17:36.930,84.3900,100
37056930537743,10:17:36.930,84.3900,100
37056930537743,10:17:36.930,84.3900,400
37056930537743,10:17:36.930,84.3900,700
37056930537743,10:17:36.930,84.3900,100
37056930537743,10:17:36.930,84.3900,100
37056930537743,10:17:36.930,84.3900,600
37069395790023,10:17:49.395,84.3900,100
37069395790023,10:17:49.395,84.3900,300
37071954180371,10:17:51.954,84.3900,100
37071954180371,10:17:51.954,84.3900,1400
37071954180371,10:17:51.954,84.3900,100
37071954180371,10:17:51.954,84.3900,100
37071954180371,10:17:51.954,84.3900,100
37071954180371,10:17:51.954,84.3900,22
37071954180371,10:17:51.954,84.3900,78
37072075968363,10:17:52.075,84.3900,700
37086041728236,10:18:06.041,84.3850,120
37086041728236,10:18:06.041,84.3800,300
37086041728236,10:18:06.041,84.3800,800
37086041728236,10:18:06.041,84.3800,100
37086041728236,10:18:06.041,84.3800,100
37086041728236,10:18:06.041,84.3800,200
37086041728236,10:18:06.041,84.3800,1800
37086041728236,10:18:06.041,84.3800,2200
37086041728236,10:18:06.041,84.3800,100
37086041728236,10:18:06.041,84.3800,40
37086041728236,10:18:06.041,84.3800,540
37086108703516,10:18:06.108,84.3850,100
37086443149732,10:18:06.443,84.3900,700
37086443149732,10:18:06.443,84.3900,600
37086443149732,10:18:06.443,84.3900,100
37086443149732,10:18:06.443,84.3900,100
37086443149732,10:18:06.443,84.3900,100
37086443149732,10:18:06.443,84.3900,100
37086443149732,10:18:06.443,84.3900,100
37086443149732,10:18:06.443,84.3900,100
37086443149732,10:18:06.443,84.3900,100
37086443149732,10:18:06.443,84.3900,700
37086443149732,10:18:06.443,84.3900,100
37086443149732,10:18:06.443,84.3900,500
37086443149732,10:18:06.443,84.3900,100
37086443149732,10:18:06.443,84.3900,100
37086443149732,10:18:06.443,84.3900,100
37086444430711,10:18:06.444,84.3900,100
37086444430711,10:18:06.444,84.3900,800
37086837180224,10:18:06.837,84.3900,300
37087232422433,10:18:07.232,84.3900,300
37088324429683,10:18:08.324,84.3900,700
37088324429683,10:18:08.324,84.3900,100
37088326240813,10:18:08.326,84.3900,150
37088417343540,10:18:08.417,84.3900,300
37103351000732,10:18:23.351,84.3900,800
37133402889649,10:18:53.402,84.3900,50
37133402889649,10:18:53.402,84.3900,100
37133402889649,10:18:53.402,84.3900,100
37133402889649,10:18:53.402,84.3900,500
37133402889649,10:18:53.402,84.3900,50
37140904577985,10:19:00.904,84.3900,414
37147062603548,10:19:07.062,84.3900,86
37147062603548,10:19:07.062,84.3900,1
37147062603548,10:19:07.062,84.3900,100
37147062603548,10:19:07.062,84.3900,100
37147062603548,10:19:07.062,84.3900,100
37147062603548,10:19:07.062,84.3900,100
37147062603548,10:19:07.062,84.3900,700
37147062603548,10:19:07.062,84.3900,400
37147062603548,10:19:07.062,84.3900,100
37147062603548,10:19:07.062,84.3900,13
37149224270905,10:19:09.224,84.3850,6
37153829847001,10:19:13.829,84.3900,295
37153829904907,10:19:13.829,84.3900,105
37163465191254,10:19:23.465,84.4000,300
37163465191254,10:19:23.465,84.4000,300
37176082987247,10:19:36.082,84.4000,400
37219026239820,10:20:19.026,84.4100,121
37222831845549,10:20:22.831,84.4100,300
37222831845549,10:20:22.831,84.4100,100
37252318986763,10:20:52.318,84.4150,100
37252318988194,10:20:52.318,84.4150,200
37283644445740,10:21:23.644,84.4200,800
37283644445740,10:21:23.644,84.4200,100
37283644445740,10:21:23.644,84.4200,161
37283644506811,10:21:23.644,84.4200,239
37285353443380,10:21:25.353,84.4200,100
37285353443380,10:21:25.353,84.4200,2600
37285353443380,10:21:25.353,84.4200,100
37285353443380,10:21:25.353,84.4200,100
37285353443380,10:21:25.353,84.4200,100
37285353443380,10:21:25.353,84.4200,100
37285353443380,10:21:25.353,84.4200,100
37285353443380,10:21:25.353,84.4200,300
37285353443380,10:21:25.353,84.4200,100
37285353443380,10:21:25.353,84.4200,100
37285353443380,10:21:25.353,84.4200,100
37285353443380,10:21:25.353,84.4200,700
37285353443380,10:21:25.353,84.4200,300
37285353443380,10:21:25.353,84.4200,2100
37285353443380,10:21:25.353,84.4200,100
37311385246345,10:21:51.385,84.4200,700
37311385385317,10:21:51.385,84.4200,100
37320139693257,10:22:00.139,84.4200,400
37320139693257,10:22:00.139,84.4200,200
37320139693257,10:22:00.139,84.4200,100
37320139693257,10:22:00.139,84.4200,100
37320139693257,10:22:00.139,84.4200,73
37320139693257,10:22:00.139,84.4200,800
37327326968566,10:22:07.326,84.4200,200
37341691659527,10:22:21.691,84.4200,2000
37341691659527,10:22:21.691,84.4200,1300
37341691659527,10:22:21.691,84.4200,700
37341691659527,10:22:21.691,84.4200,900
37341691780056,10:22:21.691,84.4200,289
37341691836511,10:22:21.691,84.4200,1678
37363014375375,10:22:43.014,84.4200,300
37363014419215,10:22:43.014,84.4200,1233
37363014419215,10:22:43.014,84.4200,700
37363014419215,10:22:43.014,84.4200,100
37363014419215,10:22:43.014,84.4200,1300
37363015331775,10:22:43.015,84.4200,2000
37363015384604,10:22:43.015,84.4200,1300
37379157758435,10:22:59.157,84.4200,200
37423161271962,10:23:43.161,84.4200,933
37423161271962,10:23:43.161,84.4200,1300
37423161271962,10:23:43.161,84.4200,2000
37423161271962,10:23:43.161,84.4200,300
37423161575808,10:23:43.161,84.4200,2000
37423161575808,10:23:43.161,84.4200,200
37423161631782,10:23:43.161,84.4200,1100
37423478522759,10:23:43.478,84.4200,1500
37434634063141,10:23:54.634,84.4200,500
37434634063141,10:23:54.634,84.4200,1300
37434634063141,10:23:54.634,84.4200,100
37439161922160,10:23:59.161,84.4200,100
37440808673257,10:24:00.808,84.4200,100
37458497059463,10:24:18.497,84.4200,100
37461552247094,10:24:21.552,84.4200,200
37503945676800,10:25:03.945,84.4200,2000
37503945676800,10:25:03.945,84.4200,100
37503945676800,10:25:03.945,84.4200,1300
37503945676800,10:25:03.945,84.4200,400
37503945676800,10:25:03.945,84.4200,100
37503945676800,10:25:03.945,84.4200,500
37503945676800,10:25:03.945,84.4200,200
37503945676800,10:25:03.945,84.4200,100
37525859924541,10:25:25.859,84.4300,100
37525859924541,10:25:25.859,84.4300,137
37526538308302,10:25:26.538,84.4300,179
37526538308302,10:25:26.538,84.4300,279
37552707353855,10:25:52.707,84.4400,100
37552707377079,10:25:52.707,84.4400,1
37552707432844,10:25:52.707,84.4400,499
37552707432844,10:25:52.707,84.4400,100
37552707432844,10:25:52.707,84.4400,600
37566511758620,10:26:06.511,84.4500,600
37566511758620,10:26:06.511,84.4500,100
37566511758620,10:26:06.511,84.4500,900
37566511758620,10:26:06.511,84.4500,84
37568912932592,10:26:08.912,84.4500,600
37568912932592,10:26:08.912,84.4500,100
37568912932592,10:26:08.912,84.4500,100
37568912932592,10:26:08.912,84.4500,700
37568912932592,10:26:08.912,84.4500,1000
37568931813615,10:26:08.931,84.4500,100
37568931813615,10:26:08.931,84.4500,300
37568931813615,10:26:08.931,84.4500,100
37568931813615,10:26:08.931,84.4500,100
37568931813615,10:26:08.931,84.4500,100
37568931813615,10:26:08.931,84.4500,100
37568931813615,10:26:08.931,84.4500,100
37568931813615,10:26:08.931,84.4500,100
37568931813615,10:26:08.931,84.4500,900
37568931813615,10:26:08.931,84.4500,100
37568931813615,10:26:08.931,84.4500,440
37568986376777,10:26:08.986,84.4500,260
37568986376777,10:26:08.986,84.4500,1300
37568986376777,10:26:08.986,84.4500,2000
37568986493020,10:26:08.986,84.4500,100
37568986493020,10:26:08.986,84.4500,100
37568986493020,10:26:08.986,84.4500,100
37568986493020,10:26:08.986,84.4500,100
37568987676200,10:26:08.987,84.4500,100
37568987676200,10:26:08.987,84.4500,100
37568987676200,10:26:08.987,84.4500,100
37695425738256,10:28:15.425,84.4450,100
37695426242134,10:28:15.426,84.4450,100
37695426242134,10:28:15.426,84.4450,300
37695426330042,10:28:15.426,84.4450,100
37695426330692,10:28:15.426,84.4450,100
37695426388467,10:28:15.426,84.4450,100
37707548083037,10:28:27.548,84.4500,100
37707548083037,10:28:27.548,84.4500,100
37707548083037,10:28:27.548,84.4500,1936
37716730719117,10:28:36.730,84.4500,100
37760442503080,10:29:20.442,84.4600,100
37760442503080,10:29:20.442,84.4600,300
37760442503080,10:29:20.442,84.4600,1300
37760442503080,10:29:20.442,84.4600,100
37760442503080,10:29:20.442,84.4600,100
37760442503080,10:29:20.442,84.4600,100
37760442503080,10:29:20.442,84.4600,100
37760442503080,10:29:20.442,84.4600,100
37760442503080,10:29:20.442,84.4600,100
37760442503080,10:29:20.442,84.4600,100
37761684775414,10:29:21.684,84.4600,300
37761684775414,10:29:21.684,84.4600,2000
37761684775414,10:29:21.684,84.4600,1300
37761684775414,10:29:21.684,84.4600,400
37765778871653,10:29:25.778,84.4600,100
37765778871653,10:29:25.778,84.4600,100
37765778871653,10:29:25.778,84.4600,100
37765778871653,10:29:25.778,84.4600,100
37765778871653,10:29:25.778,84.4600,100
37765778871653,10:29:25.778,84.4600,100
37765778871653,10:29:25.778,84.4600,100
37765778871653,10:29:25.778,84.4600,100
37765778871653,10:29:25.778,84.4600,200
37765779918608,10:29:25.779,84.4600,704
37803872068000,10:30:03.872,84.4700,100
37803872068000,10:30:03.872,84.4700,100
37803872068000,10:30:03.872,84.4700,100
37803872068000,10:30:03.872,84.4700,100
37803872068000,10:30:03.872,84.4700,100
37803872068000,10:30:03.872,84.4700,196
37832603405987,10:30:32.603,84.4650,50
37905905136020,10:31:45.905,84.4600,596
37905905136020,10:31:45.905,84.4600,2000
37905905136020,10:31:45.905,84.4600,600
37905905136020,10:31:45.905,84.4600,1000
37905905136020,10:31:45.905,84.4600,700
37905905136020,10:31:45.905,84.4600,137
37905905136020,10:31:45.905,84.4600,196
37905905136020,10:31:45.905,84.4600,100
37905905136020,10:31:45.905,84.4600,200
37905905136020,10:31:45.905,84.4600,100
37905905974529,10:31:45.905,84.4600,15
37905906406658,10:31:45.906,84.4600,200
37905906442935,10:31:45.906,84.4600,1785
37905906442935,10:31:45.906,84.4600,1200
37905906815722,10:31:45.906,84.4600,303
37906407100878,10:31:46.407,84.4550,162
37929017905043,10:32:09.017,84.4550,40
37929017905043,10:32:09.017,84.4550,100
37929017905043,10:32:09.017,84.4550,200
37929017905043,10:32:09.017,84.4550,80
37929017905043,10:32:09.017,84.4550,300
37929017905043,10:32:09.017,84.4550,100
37929017905043,10:32:09.017,84.4550,200
37929017905043,10:32:09.017,84.4550,100
37929017905043,10:32:09.017,84.4600,197
37929017905043,10:32:09.017,84.4600,1000
37929017905043,10:32:09.017,84.4600,2900
37929017905043,10:32:09.017,84.4600,100
37929017905043,10:32:09.017,84.4600,100
37929017905043,10:32:09.017,84.4600,100
37929017905043,10:32:09.017,84.4600,100
37929017905043,10:32:09.017,84.4600,100
37929017905043,10:32:09.017,84.4600,100
37929017905043,10:32:09.017,84.4600,100
37929017905043,10:32:09.017,84.4600,100
37929017905043,10:32:09.017,84.4600,1200
37929017905043,10:32:09.017,84.4600,100
37929017905043,10:32:09.017,84.4600,200
37929017905043,10:32:09.017,84.4600,100
37929017905043,10:32:09.017,84.4600,683
37929018654524,10:32:09.018,84.4600,400
37929018654524,10:32:09.018,84.4600,17
37929018702204,10:32:09.018,84.4600,83
37929018702204,10:32:09.018,84.4600,100
37929018702204,10:32:09.018,84.4600,100
37929018702204,10:32:09.018,84.4600,100
37935246159011,10:32:15.246,84.4700,895
37939469941182,10:32:19.469,84.4700,100
37943448475926,10:32:23.448,84.4700,100
37972283121969,10:32:52.283,84.4700,100
37972283121969,10:32:52.283,84.4700,100
37972283121969,10:32:52.283,84.4700,100
37972283121969,10:32:52.283,84.4700,400
38040005527581,10:34:00.005,84.4800,100
38040005527581,10:34:00.005,84.4800,400
38040005527581,10:34:00.005,84.4800,1200
38040005527581,10:34:00.005,84.4800,100
38041112028482,10:34:01.112,84.4800,331
38043032615251,10:34:03.032,84.4800,69
38043032615251,10:34:03.032,84.4800,353
38043033197352,10:34:03.033,84.4800,3
38047222376233,10:34:07.222,84.4800,100
38053090263131,10:34:13.090,84.4800,644
38053090263131,10:34:13.090,84.4800,1900
38053090263131,10:34:13.090,84.4800,300
38053090263131,10:34:13.090,84.4800,400
38053090263131,10:34:13.090,84.4800,700
38053090263131,10:34:13.090,84.4800,856
38053340867924,10:34:13.340,84.4800,100
38053340867924,10:34:13.340,84.4800,100
38053340867924,10:34:13.340,84.4800,100
38053478388104,10:34:13.478,84.4800,100
38056540040032,10:34:16.540,84.4850,400
38069481281400,10:34:29.481,84.4800,200
38069488720398,10:34:29.488,84.4800,100
38069501729446,10:34:29.501,84.4800,100
38091515094189,10:34:51.515,84.4850,100
38119307654576,10:35:19.307,84.4900,100
38119307654576,10:35:19.307,84.4900,100
38176751132624,10:36:16.751,84.4850,200
38176751132624,10:36:16.751,84.4850,900
38176751132624,10:36:16.751,84.4900,10
38176751132624,10:36:16.751,84.4900,100
38176751132624,10:36:16.751,84.4900,100
38176751132624,10:36:16.751,84.4900,100
38176751132624,10:36:16.751,84.4900,100
38176751132624,10:36:16.751,84.4900,100
38176751132624,10:36:16.751,84.4900,100
38176751132624,10:36:16.751,84.4900,100
38176751132624,10:36:16.751,84.4900,100
38176751132624,10:36:16.751,84.4900,100
38176751132624,10:36:16.751,84.4900,100
38176751132624,10:36:16.751,84.4900,100
38176751132624,10:36:16.751,84.4900,100
38176751132624,10:36:16.751,84.4900,100
38176751132624,10:36:16.751,84.4900,500
38176751132624,10:36:16.751,84.4900,200
38176751132624,10:36:16.751,84.4900,900
38176751132624,10:36:16.751,84.4900,100
38176751132624,10:36:16.751,84.4900,100
38176751132624,10:36:16.751,84.4900,290
38215645129409,10:36:55.645,84.4850,800
38215645129409,10:36:55.645,84.4900,10
38215645129409,10:36:55.645,84.4900,400
38215645129409,10:36:55.645,84.4900,300
38215645129409,10:36:55.645,84.4900,100
38215645129409,10:36:55.645,84.4900,100
38215645129409,10:36:55.645,84.4900,100
38215645129409,10:36:55.645,84.4900,100
38215645129409,10:36:55.645,84.4900,100
38215645129409,10:36:55.645,84.4900,100
38215645129409,10:36:55.645,84.4900,100
38215645129409,10:36:55.645,84.4900,100
38215645129409,10:36:55.645,84.4900,100
38215645129409,10:36:55.645,84.4900,1000
38215645129409,10:36:55.645,84.4900,100
38215645129409,10:36:55.645,84.4900,100
38215645129409,10:36:55.645,84.4900,200
38215645129409,10:36:55.645,84.4900,90
38236186495426,10:37:16.186,84.4850,15
38257077028733,10:37:37.077,84.4850,300
38258817027588,10:37:38.817,84.4850,300
38275200770455,10:37:55.200,84.4800,86
38275200770455,10:37:55.200,84.4800,100
38275200770455,10:37:55.200,84.4800,22
38275200800264,10:37:55.200,84.4800,178
38275200800264,10:37:55.200,84.4800,200
38275200800264,10:37:55.200,84.4800,200
38275200800264,10:37:55.200,84.4800,200
38275200800264,10:37:55.200,84.4800,200
38275200800264,10:37:55.200,84.4800,1100
38275200800264,10:37:55.200,84.4800,200
38275200800264,10:37:55.200,84.4800,200
38275200800264,10:37:55.200,84.4800,200
38275200800264,10:37:55.200,84.4800,200
38275200800264,10:37:55.200,84.4800,100
38275200800264,10:37:55.200,84.4800,200
38275200800264,10:37:55.200,84.4800,200
38275200800264,10:37:55.200,84.4800,100
38275200800264,10:37:55.200,84.4800,200
38275200800264,10:37:55.200,84.4800,100
38275200800264,10:37:55.200,84.4800,600
38275200800264,10:37:55.200,84.4800,1200
38275200800264,10:37:55.200,84.4800,1922
38276243232903,10:37:56.243,84.4800,100
38279524213457,10:37:59.524,84.4800,208
38280938115190,10:38:00.938,84.4800,100
38280938115190,10:38:00.938,84.4800,100
38280938115190,10:38:00.938,84.4800,1100
38280938115190,10:38:00.938,84.4800,100
38280938352024,10:38:00.938,84.4800,1900
38280938352024,10:38:00.938,84.4800,1100
38280938352024,10:38:00.938,84.4800,1500
38280958458897,10:38:00.958,84.4800,267
38283054092026,10:38:03.054,84.4800,1633
38283054092026,10:38:03.054,84.4800,67
38288448778388,10:38:08.448,84.4800,200
38288448778388,10:38:08.448,84.4800,8
38295412151220,10:38:15.412,84.4800,92
38295412151220,10:38:15.412,84.4800,200
38295412151220,10:38:15.412,84.4800,100
38295412151220,10:38:15.412,84.4800,100
38295412151220,10:38:15.412,84.4800,100
38295412151220,10:38:15.412,84.4800,100
38295412151220,10:38:15.412,84.4800,100
38295412151220,10:38:15.412,84.4800,100
38295412151220,10:38:15.412,84.4800,700
38295412151220,10:38:15.412,84.4800,100
38295412151220,10:38:15.412,84.4800,200
38295412151220,10:38:15.412,84.4800,208
38342143570231,10:39:02.143,84.4900,110
38342143570231,10:39:02.143,84.4900,100
38342143570231,10:39:02.143,84.4900,1000
38342143570231,10:39:02.143,84.4900,100
38344345668240,10:39:04.345,84.4950,100
38358146417481,10:39:18.146,84.4950,100
38385154009868,10:39:45.154,84.4950,100
38387257478596,10:39:47.257,84.5000,50
38387257478596,10:39:47.257,84.5000,100
38387257478596,10:39:47.257,84.5000,1100
38387257478596,10:39:47.257,84.5000,100
38387257478596,10:39:47.257,84.5000,100
38402049272924,10:40:02.049,84.5100,400
38402049272924,10:40:02.049,84.5100,867
38402049650658,10:40:02.049,84.5100,300
38402049718553,10:40:02.049,84.5100,33
38452251306918,10:40:52.251,84.5100,500
38452251306918,10:40:52.251,84.5100,100
38452251306918,10:40:52.251,84.5100,100
38452251306918,10:40:52.251,84.5100,100
38452251306918,10:40:52.251,84.5100,100
38452251306918,10:40:52.251,84.5100,100
38452251306918,10:40:52.251,84.5100,100
38452251306918,10:40:52.251,84.5100,100
38452251306918,10:40:52.251,84.5100,300
38452251306918,10:40:52.251,84.5100,700
38452251306918,10:40:52.251,84.5100,1900
38452251306918,10:40:52.251,84.5100,29
38452251306918,10:40:52.251,84.5100,1200
38452251306918,10:40:52.251,84.5100,100
38452251306918,10:40:52.251,84.5100,1100
38452251306918,10:40:52.251,84.5100,600
38452251306918,10:40:52.251,84.5100,100
38452251306918,10:40:52.251,84.5100,600
38452251306918,10:40:52.251,84.5100,100
38452251306918,10:40:52.251,84.5100,100
38452251495709,10:40:52.251,84.5100,173
38452251495709,10:40:52.251,84.5100,26
38452251495709,10:40:52.251,84.5100,1
38452251582750,10:40:52.251,84.5100,700
38452251595448,10:40:52.251,84.5100,1199
38452251595448,10:40:52.251,84.5100,28
38452251606225,10:40:52.251,84.5100,500
38452251608846,10:40:52.251,84.5100,672
38452251608846,10:40:52.251,84.5100,100
38452264982539,10:40:52.264,84.5100,100
38452264982539,10:40:52.264,84.5100,100
38452300866191,10:40:52.300,84.5100,100
38452300866191,10:40:52.300,84.5100,100
38452300866191,10:40:52.300,84.5100,600
38452300866191,10:40:52.300,84.5100,2900
38452300866191,10:40:52.300,84.5100,200
38452300866191,10:40:52.300,84.5100,800
38452319688642,10:40:52.319,84.5100,200
38521131011056,10:42:01.131,84.5050,400
38530422016566,10:42:10.422,84.5050,400
38550849005216,10:42:30.849,84.5050,300
38572089009425,10:42:52.089,84.5050,300
38641001132931,10:44:01.001,84.5100,11
38641001132931,10:44:01.001,84.5100,89
38641001132931,10:44:01.001,84.5100,1900
38641001132931,10:44:01.001,84.5100,1200
38641001132931,10:44:01.001,84.5100,100
38641001132931,10:44:01.001,84.5100,500
38641001132931,10:44:01.001,84.5100,400
38641001132931,10:44:01.001,84.5100,300
38641001132931,10:44:01.001,84.5100,700
38641001211605,10:44:01.001,84.5100,100
38641163470606,10:44:01.163,84.5100,300
38641163470606,10:44:01.163,84.5100,100
38641163470606,10:44:01.163,84.5100,100
38641163470606,10:44:01.163,84.5100,100
38641163470606,10:44:01.163,84.5100,100
38641163470606,10:44:01.163,84.5100,3000
38641163470606,10:44:01.163,84.5100,100
38641163470606,10:44:01.163,84.5100,100
38641163470606,10:44:01.163,84.5100,100
38641163470606,10:44:01.163,84.5100,300
38641163470606,10:44:01.163,84.5100,100
38641163470606,10:44:01.163,84.5100,600
38641598741044,10:44:01.598,84.5100,100
38641598741044,10:44:01.598,84.5100,1900
38641598741044,10:44:01.598,84.5100,1
38641598741044,10:44:01.598,84.5100,100
38641598741044,10:44:01.598,84.5100,100
38641598741044,10:44:01.598,84.5100,99
38641599097440,10:44:01.599,84.5100,1
38641599097440,10:44:01.599,84.5100,300
38641599097440,10:44:01.599,84.5100,100
38641599337782,10:44:01.599,84.5100,100
38641599337782,10:44:01.599,84.5100,100
38641599337782,10:44:01.599,84.5100,100
38641599337782,10:44:01.599,84.5100,100
38641599337782,10:44:01.599,84.5100,200
38641599337782,10:44:01.599,84.5100,1
38642266199735,10:44:02.266,84.5100,199
38642266199735,10:44:02.266,84.5100,100
38642266199735,10:44:02.266,84.5100,200
38642266199735,10:44:02.266,84.5100,100
38642266199735,10:44:02.266,84.5100,100
38642266199735,10:44:02.266,84.5100,100
38642266199735,10:44:02.266,84.5100,1300
38642266199735,10:44:02.266,84.5100,100
38642266199735,10:44:02.266,84.5100,100
38642266199735,10:44:02.266,84.5100,100
38642266199735,10:44:02.266,84.5100,453
38642266250410,10:44:02.266,84.5100,247
38642267208149,10:44:02.267,84.5100,1000
38642267208149,10:44:02.267,84.5100,100
38642267208149,10:44:02.267,84.5100,100
38642267208149,10:44:02.267,84.5100,247
38642439629264,10:44:02.439,84.5100,153
38642439629264,10:44:02.439,84.5100,100
38642439629264,10:44:02.439,84.5100,100
38642439629264,10:44:02.439,84.5100,200
38642439629264,10:44:02.439,84.5100,100
38642439629264,10:44:02.439,84.5100,100
38642439629264,10:44:02.439,84.5100,100
38642439629264,10:44:02.439,84.5100,100
38642439629264,10:44:02.439,84.5100,700
38642439629264,10:44:02.439,84.5100,100
38642439629264,10:44:02.439,84.5100,100
38642439629264,10:44:02.439,84.5100,100
38642439941299,10:44:02.439,84.5100,200
38653114963936,10:44:13.114,84.5100,16
38653262374603,10:44:13.262,84.5100,458
38653262374603,10:44:13.262,84.5100,42
38653264169611,10:44:13.264,84.5100,58
38657482363002,10:44:17.482,84.5150,200
38698610573771,10:44:58.610,84.5100,100
38698610573771,10:44:58.610,84.5100,100
38698610573771,10:44:58.610,84.5100,300
38698610573771,10:44:58.610,84.5100,300
38698610573771,10:44:58.610,84.5100,1900
38698610573771,10:44:58.610,84.5100,1300
38698610573771,10:44:58.610,84.5100,933
38698610573771,10:44:58.610,84.5100,20
38698610573771,10:44:58.610,84.5100,142
38698610573771,10:44:58.610,84.5100,58
38698610573771,10:44:58.610,84.5100,200
38698610573771,10:44:58.610,84.5100,300
38698610573771,10:44:58.610,84.5100,200
38698610573771,10:44:58.610,84.5100,700
38698610573771,10:44:58.610,84.5100,147
38698611087286,10:44:58.611,84.5100,200
38698611087286,10:44:58.611,84.5100,27
38698611093803,10:44:58.611,84.5100,173
38698611093803,10:44:58.611,84.5100,1300
38698611093803,10:44:58.611,84.5100,100
38698611093803,10:44:58.611,84.5100,100
38715212084101,10:45:15.212,84.5050,100
38719940966833,10:45:19.940,84.5050,50
38809671312659,10:46:49.671,84.5000,100
38809671312659,10:46:49.671,84.5000,100
38809671312659,10:46:49.671,84.5000,100
38809671312659,10:46:49.671,84.5000,100
38809671312659,10:46:49.671,84.5000,1900
38809671312659,10:46:49.671,84.5000,1200
38809671312659,10:46:49.671,84.5000,100
38809671312659,10:46:49.671,84.5000,100
38809671312659,10:46:49.671,84.5000,400
38809671312659,10:46:49.671,84.5000,100
38809671312659,10:46:49.671,84.5000,200
38809671312659,10:46:49.671,84.5000,100
38809671312659,10:46:49.671,84.5000,200
38809671312659,10:46:49.671,84.5000,100
38809671312659,10:46:49.671,84.5000,482
38809671746215,10:46:49.671,84.5000,18
38809671746215,10:46:49.671,84.5000,82
38809672067358,10:46:49.672,84.5000,218
38809672067358,10:46:49.672,84.5000,100
38809672067358,10:46:49.672,84.5000,100
38809672067358,10:46:49.672,84.5000,100
38809672067358,10:46:49.672,84.5000,100
38809672067358,10:46:49.672,84.5000,200
38827056512172,10:47:07.056,84.4900,100
38827056573312,10:47:07.056,84.4900,200
38827056573312,10:47:07.056,84.4900,200
38827056573312,10:47:07.056,84.4900,504
38827056634195,10:47:07.056,84.4900,100
38827057257733,10:47:07.057,84.4900,320
38827057257733,10:47:07.057,84.4900,400
38827057257733,10:47:07.057,84.4900,100
39043673935856,10:50:43.673,84.4800,92
39043673935856,10:50:43.673,84.4800,100
39043673935856,10:50:43.673,84.4800,16
39043674317588,10:50:43.674,84.4800,206
39057050920316,10:50:57.050,84.4800,194
39057050920316,10:50:57.050,84.4800,200
39057050920316,10:50:57.050,84.4800,100
39057050920316,10:50:57.050,84.4800,200
39057050920316,10:50:57.050,84.4800,200
39057050920316,10:50:57.050,84.4800,100
39057050920316,10:50:57.050,84.4800,100
39057050920316,10:50:57.050,84.4800,100
39057050920316,10:50:57.050,84.4800,300
39057050920316,10:50:57.050,84.4800,100
39057050920316,10:50:57.050,84.4800,100
39057050920316,10:50:57.050,84.4800,300
39057050920316,10:50:57.050,84.4800,400
39057050920316,10:50:57.050,84.4800,100
39057050920316,10:50:57.050,84.4800,100
39057050920316,10:50:57.050,84.4800,200
39057050920316,10:50:57.050,84.4800,100
39057050920316,10:50:57.050,84.4800,100
39057050920316,10:50:57.050,84.4800,100
39057050920316,10:50:57.050,84.4800,100
39057050920316,10:50:57.050,84.4800,6
39057050920316,10:50:57.050,84.4800,1600
39057050920316,10:50:57.050,84.4800,900
39057050920316,10:50:57.050,84.4800,100
39057051099447,10:50:57.051,84.4800,40
39057051149404,10:50:57.051,84.4800,40
39057051510287,10:50:57.051,84.4800,100
39057279334104,10:50:57.279,84.4800,200
39172303709511,10:52:52.303,84.4800,110
39172303709511,10:52:52.303,84.4800,16
39181915658661,10:53:01.915,84.4800,100
39181915658661,10:53:01.915,84.4800,100
39181915658661,10:53:01.915,84.4800,100
39181915658661,10:53:01.915,84.4800,100
39181915658661,10:53:01.915,84.4800,990
39181915658661,10:53:01.915,84.4800,100
39181915658661,10:53:01.915,84.4800,2000
39182396603383,10:53:02.396,84.4800,300
39186078913665,10:53:06.078,84.4700,1100
39186078913665,10:53:06.078,84.4700,100
39186078913665,10:53:06.078,84.4700,455
39186079472650,10:53:06.079,84.4700,200
39234271835518,10:53:54.271,84.4600,100
39284302501798,10:54:44.302,84.4600,20
39290017140845,10:54:50.017,84.4650,200
39290017140845,10:54:50.017,84.4650,200
39294375036082,10:54:54.375,84.4700,100
39294375036082,10:54:54.375,84.4700,100
39294375036082,10:54:54.375,84.4700,100
39294375036082,10:54:54.375,84.4700,100
39294375036082,10:54:54.375,84.4700,100
39294375036082,10:54:54.375,84.4700,100
39294375036082,10:54:54.375,84.4700,100
39294375036082,10:54:54.375,84.4700,115
39294375101657,10:54:54.375,84.4700,585
39294375101657,10:54:54.375,84.4700,2200
39294375101657,10:54:54.375,84.4700,1800
39294375101657,10:54:54.375,84.4700,133
39294375101657,10:54:54.375,84.4700,400
39294375101657,10:54:54.375,84.4700,67
39294375101657,10:54:54.375,84.4700,100
39294375101657,10:54:54.375,84.4700,100
39294375101657,10:54:54.375,84.4700,100
39294375101657,10:54:54.375,84.4700,100
39294375101657,10:54:54.375,84.4700,400
39297933301961,10:54:57.933,84.4750,24
39318173037053,10:55:18.173,84.4800,124
39318180763875,10:55:18.180,84.4800,400
39323560799897,10:55:23.560,84.4800,1600
39323560799897,10:55:23.560,84.4800,100
39323560799897,10:55:23.560,84.4800,300
39350153121804,10:55:50.153,84.4800,100
39350153121804,10:55:50.153,84.4800,100
39350153121804,10:55:50.153,84.4800,100
39350153121804,10:55:50.153,84.4800,2300
39350153121804,10:55:50.153,84.4800,1800
39381600992237,10:56:21.600,84.4700,100
39381600992237,10:56:21.600,84.4700,100
39381600992237,10:56:21.600,84.4700,755
39381601126447,10:56:21.601,84.4700,100
39381601181307,10:56:21.601,84.4700,100
39381601181307,10:56:21.601,84.4700,100
39381601181307,10:56:21.601,84.4700,100
39381738670928,10:56:21.738,84.4700,100
39382203002469,10:56:22.203,84.4700,300
39383769999728,10:56:23.769,84.4700,300
39386351011507,10:56:26.351,84.4700,300
39399194000559,10:56:39.194,84.4700,300
39401231998277,10:56:41.231,84.4700,200
39403230936856,10:56:43.230,84.4600,207
39424094437347,10:57:04.094,84.4600,2993
39424094437347,10:57:04.094,84.4600,100
39424094437347,10:57:04.094,84.4600,1100
39424094437347,10:57:04.094,84.4600,200
39424094437347,10:57:04.094,84.4600,300
39424094437347,10:57:04.094,84.4600,300
39424094437347,10:57:04.094,84.4600,1800
39424094437347,10:57:04.094,84.4600,700
39424095049211,10:57:04.095,84.4600,100
39424095049211,10:57:04.095,84.4600,100
39424095049211,10:57:04.095,84.4600,100
39424095049211,10:57:04.095,84.4600,2300
39424095049211,10:57:04.095,84.4600,100
39424095542874,10:57:04.095,84.4550,120
39424095542874,10:57:04.095,84.4600,297
39486322397022,10:58:06.322,84.4500,1300
39486322397022,10:58:06.322,84.4500,400
39486322397022,10:58:06.322,84.4500,100
39486322397022,10:58:06.322,84.4500,100
39486322397022,10:58:06.322,84.4500,100
39486322397022,10:58:06.322,84.4500,100
39486322397022,10:58:06.322,84.4500,100
39486322397022,10:58:06.322,84.4500,100
39486322397022,10:58:06.322,84.4500,100
39486322397022,10:58:06.322,84.4500,100
39486322397022,10:58:06.322,84.4500,100
39536046678626,10:58:56.046,84.4500,6
39553269648768,10:59:13.269,84.4400,100
39553269648768,10:59:13.269,84.4400,100
39553269648768,10:59:13.269,84.4400,1200
39553269648768,10:59:13.269,84.4400,100
39553269648768,10:59:13.269,84.4400,300
39553269648768,10:59:13.269,84.4400,100
39553269648768,10:59:13.269,84.4400,100
39553269648768,10:59:13.269,84.4400,100
39553269648768,10:59:13.269,84.4400,100
39553269648768,10:59:13.269,84.4400,100
39553269648768,10:59:13.269,84.4400,200
39553269648768,10:59:13.269,84.4400,700
39553269648768,10:59:13.269,84.4400,800
39553269648768,10:59:13.269,84.4400,155
39574336347278,10:59:34.336,84.4400,100
39574336347278,10:59:34.336,84.4400,100
39574336347278,10:59:34.336,84.4400,1600
39574336347278,10:59:34.336,84.4400,100
39584311232582,10:59:44.311,84.4400,100
39584311234071,10:59:44.311,84.4400,100
39584311276691,10:59:44.311,84.4400,200
39584311276691,10:59:44.311,84.4400,300
39584311324306,10:59:44.311,84.4400,100
39584311367342,10:59:44.311,84.4400,217
39584311395141,10:59:44.311,84.4400,100
39584311411206,10:59:44.311,84.4400,1583
39584311411206,10:59:44.311,84.4400,1827
39584311419112,10:59:44.311,84.4400,1
39584311428380,10:59:44.311,84.4400,100
39584311468517,10:59:44.311,84.4400,100
39584311497157,10:59:44.311,84.4400,100
39584311613087,10:59:44.311,84.4400,100
39584311631899,10:59:44.311,84.4400,1100
39584311631899,10:59:44.311,84.4400,773
39584311721503,10:59:44.311,84.4400,927
39604035508162,11:00:04.035,84.4500,100
39604035508162,11:00:04.035,84.4500,400
39662911646328,11:01:02.911,84.4600,100
39662911646328,11:01:02.911,84.4600,100
39663423567852,11:01:03.423,84.4700,100
39663467180589,11:01:03.467,84.4750,100
39663467180589,11:01:03.467,84.4750,120
39663467180589,11:01:03.467,84.4750,100
39663467180589,11:01:03.467,84.4800,1100
39663467180589,11:01:03.467,84.4800,300
39663467180589,11:01:03.467,84.4800,100
39663467180589,11:01:03.467,84.4800,80
39663478243379,11:01:03.478,84.4800,20
39663478243379,11:01:03.478,84.4800,1800
39663478243379,11:01:03.478,84.4800,100
39663478243379,11:01:03.478,84.4800,300
39663478243379,11:01:03.478,84.4800,400
39663490380330,11:01:03.490,84.4800,100
39663490380330,11:01:03.490,84.4800,100
39663490667849,11:01:03.490,84.4800,100
39663493421067,11:01:03.493,84.4800,900
39663878304659,11:01:03.878,84.4800,700
39728303361939,11:02:08.303,84.4800,100
39728303361939,11:02:08.303,84.4800,100
39728303361939,11:02:08.303,84.4800,100
39728303361939,11:02:08.303,84.4800,1500
39728303361939,11:02:08.303,84.4800,700
39735746188829,11:02:15.746,84.4800,300
39735746188829,11:02:15.746,84.4800,200
39735746188829,11:02:15.746,84.4800,2200
39735746188829,11:02:15.746,84.4800,100
39735746188829,11:02:15.746,84.4800,100
39735746188829,11:02:15.746,84.4800,800
39735883811472,11:02:15.883,84.4800,1400
39735883811472,11:02:15.883,84.4800,100
39735883811472,11:02:15.883,84.4800,700
39735883811472,11:02:15.883,84.4800,100
39735883811472,11:02:15.883,84.4800,100
39735883811472,11:02:15.883,84.4800,100
39735883811472,11:02:15.883,84.4800,100
39735883811472,11:02:15.883,84.4800,100
39735883811472,11:02:15.883,84.4800,100
39807490036218,11:03:27.490,84.4750,100
39807990033133,11:03:27.990,84.4750,200
39808491029890,11:03:28.491,84.4750,200
39808991036050,11:03:28.991,84.4750,200
39809491031427,11:03:29.491,84.4750,200
39809992028898,11:03:29.992,84.4750,200
39810493029575,11:03:30.493,84.4750,200
39812810050736,11:03:32.810,84.4750,200
39814008026099,11:03:34.008,84.4750,200
39816036037576,11:03:36.036,84.4750,200
39819533038322,11:03:39.533,84.4750,200
39819539023413,11:03:39.539,84.4750,200
39820039031675,11:03:40.039,84.4750,100
39820039033164,11:03:40.039,84.4750,100
39822324025991,11:03:42.324,84.4750,100
39822324027351,11:03:42.324,84.4750,100
39824737027298,11:03:44.737,84.4750,100
39824737027955,11:03:44.737,84.4750,100
39826138039110,11:03:46.138,84.4750,100
39826138040535,11:03:46.138,84.4750,100
39826143021226,11:03:46.143,84.4750,100
39826143022616,11:03:46.143,84.4750,100
39828913018896,11:03:48.913,84.4750,100
39828913020247,11:03:48.913,84.4750,100
39832649028341,11:03:52.649,84.4750,100
39832649029807,11:03:52.649,84.4750,100
39833150022009,11:03:53.150,84.4750,100
39833150023422,11:03:53.150,84.4750,100
39834014018657,11:03:54.014,84.4750,100
39834014020102,11:03:54.014,84.4750,100
39844126338838,11:04:04.126,84.4750,200
39844126338838,11:04:04.126,84.4800,400
39844126338838,11:04:04.126,84.4800,100
39844126338838,11:04:04.126,84.4800,100
39844126338838,11:04:04.126,84.4800,100
39844126338838,11:04:04.126,84.4800,100
39844126338838,11:04:04.126,84.4800,100
39844126338838,11:04:04.126,84.4800,100
39844126338838,11:04:04.126,84.4800,400
39859156242517,11:04:19.156,84.4750,200
39859156242517,11:04:19.156,84.4750,200
39859156242517,11:04:19.156,84.4800,300
39859156242517,11:04:19.156,84.4800,700
39870840011454,11:04:30.840,84.4750,100
39870840012826,11:04:30.840,84.4750,100
39872859011054,11:04:32.859,84.4750,100
39872859016324,11:04:32.859,84.4750,100
39874174694696,11:04:34.174,84.4750,900
39874174694696,11:04:34.174,84.4750,200
39874174694696,11:04:34.174,84.4800,400
39889174021648,11:04:49.174,84.4750,100
39889174023128,11:04:49.174,84.4750,100
39892871912001,11:04:52.871,84.4750,25
39893790004757,11:04:53.790,84.4750,100
39893790006166,11:04:53.790,84.4750,100
39904212709144,11:05:04.212,84.4800,300
39904212709144,11:05:04.212,84.4800,1100
39919237120267,11:05:19.237,84.4800,1100
39919237120267,11:05:19.237,84.4800,100
39919237120267,11:05:19.237,84.4800,100
39919237120267,11:05:19.237,84.4800,100
39934259646039,11:05:34.259,84.4800,100
39934259646039,11:05:34.259,84.4800,400
39934259646039,11:05:34.259,84.4800,1000
39949281364785,11:05:49.281,84.4800,700
39949281364785,11:05:49.281,84.4800,1100
39962025991872,11:06:02.025,84.4750,100
39962025992566,11:06:02.025,84.4750,100
39964308625789,11:06:04.308,84.4750,1000
39964308625789,11:06:04.308,84.4800,900
39964308625789,11:06:04.308,84.4800,400
39994349333459,11:06:34.349,84.4750,200
39994349333459,11:06:34.349,84.4800,100
39994349333459,11:06:34.349,84.4800,300
39994349333459,11:06:34.349,84.4800,200
39994349333459,11:06:34.349,84.4800,100
39994349333459,11:06:34.349,84.4800,700
39994349333459,11:06:34.349,84.4800,100
39994349333459,11:06:34.349,84.4800,600
40008208009946,11:06:48.208,84.4750,100
40008208011511,11:06:48.208,84.4750,200
40024394643396,11:07:04.394,84.4750,200
40024394643396,11:07:04.394,84.4750,800
40024394643396,11:07:04.394,84.4800,200
40024394643396,11:07:04.394,84.4800,400
40024394643396,11:07:04.394,84.4800,400
40024394643396,11:07:04.394,84.4800,400
40036628037601,11:07:16.628,84.4750,200
40036628039410,11:07:16.628,84.4750,100
40039420361202,11:07:19.420,84.4750,120
40039420361202,11:07:19.420,84.4750,100
40039420361202,11:07:19.420,84.4750,100
40039420361202,11:07:19.420,84.4750,200
40039420361202,11:07:19.420,84.4800,280
40054443759900,11:07:34.443,84.4800,420
40054443759900,11:07:34.443,84.4800,100
40054443759900,11:07:34.443,84.4800,100
40054443759900,11:07:34.443,84.4800,100
40054443759900,11:07:34.443,84.4800,100
40054443759900,11:07:34.443,84.4800,700
40054443759900,11:07:34.443,84.4800,1080
40064235012330,11:07:44.235,84.4750,100
40064235013766,11:07:44.235,84.4750,200
40069467357948,11:07:49.467,84.4750,80
40069467357948,11:07:49.467,84.4750,100
40069467357948,11:07:49.467,84.4800,120
40069467357948,11:07:49.467,84.4800,100
40069467357948,11:07:49.467,84.4800,600
40069467357948,11:07:49.467,84.4800,100
40069467357948,11:07:49.467,84.4800,100
40069467357948,11:07:49.467,84.4800,100
40069467357948,11:07:49.467,84.4800,1100
40069467357948,11:07:49.467,84.4800,200
40084493410979,11:08:04.493,84.4800,100
40084493410979,11:08:04.493,84.4800,1100
40084493410979,11:08:04.493,84.4800,100
40084493410979,11:08:04.493,84.4800,100
40084493410979,11:08:04.493,84.4800,100
40084493410979,11:08:04.493,84.4800,100
40084493410979,11:08:04.493,84.4800,800
40084493410979,11:08:04.493,84.4800,100
40099554690307,11:08:19.554,84.4800,100
40099554690307,11:08:19.554,84.4800,100
40099554690307,11:08:19.554,84.4800,100
40099554690307,11:08:19.554,84.4800,100
40099554690307,11:08:19.554,84.4800,200
40099554690307,11:08:19.554,84.4800,100
40099554690307,11:08:19.554,84.4800,100
40099554690307,11:08:19.554,84.4800,100
40099554690307,11:08:19.554,84.4800,1700
40116144573654,11:08:36.144,84.4800,100
40131190269183,11:08:51.190,84.4800,100
40131190269183,11:08:51.190,84.4800,100
40131190269183,11:08:51.190,84.4800,100
40131190269183,11:08:51.190,84.4800,100
40131190269183,11:08:51.190,84.4800,100
40131190269183,11:08:51.190,84.4800,100
40131190269183,11:08:51.190,84.4800,100
40131190269183,11:08:51.190,84.4800,100
40131190269183,11:08:51.190,84.4800,100
40133931456772,11:08:53.931,84.4800,100
40133931456772,11:08:53.931,84.4800,2400
40133931456772,11:08:53.931,84.4800,700
40133931456772,11:08:53.931,84.4800,100
40141782101380,11:09:01.782,84.4800,15
40160343837953,11:09:20.343,84.4800,24
40161161016912,11:09:21.161,84.4850,400
40208907888563,11:10:08.907,84.4900,100
40208907888563,11:10:08.907,84.4900,272
40209211381067,11:10:09.211,84.4900,100
40224309497068,11:10:24.309,84.4900,100
40224309497068,11:10:24.309,84.4900,100
40224309497068,11:10:24.309,84.4900,7
40224392719545,11:10:24.392,84.4900,93
40224392719545,11:10:24.392,84.4900,7
40224393273039,11:10:24.393,84.4900,93
40224393273039,11:10:24.393,84.4900,307
40224450198356,11:10:24.450,84.4900,208
40229763260163,11:10:29.763,84.4950,100
40295615145821,11:11:35.615,84.4900,400
40295615158864,11:11:35.615,84.4900,459
40295615187729,11:11:35.615,84.4900,266
40295615196150,11:11:35.615,84.4900,703
40295615198828,11:11:35.615,84.4900,83
40352541105839,11:12:32.541,84.4900,100
40352541105839,11:12:32.541,84.4900,100
40352541105839,11:12:32.541,84.4900,100
40352541105839,11:12:32.541,84.4900,500
40352541105839,11:12:32.541,84.4900,100
40352541105839,11:12:32.541,84.4900,100
40352541105839,11:12:32.541,84.4900,100
40352541105839,11:12:32.541,84.4900,82
40434190049295,11:13:54.190,84.5000,100
40434190049295,11:13:54.190,84.5000,100
40434190049295,11:13:54.190,84.5000,78
40504006739328,11:15:04.006,84.5050,100
40504006739328,11:15:04.006,84.5050,25
40513920943883,11:15:13.920,84.5100,1163
40513931199523,11:15:13.931,84.5100,737
40513931199523,11:15:13.931,84.5100,400
40513931199523,11:15:13.931,84.5100,100
40513931199523,11:15:13.931,84.5100,300
40513931199523,11:15:13.931,84.5100,100
40513931199523,11:15:13.931,84.5100,300
40514010423617,11:15:14.010,84.5100,125
40514073823785,11:15:14.073,84.5100,1500
40514073823785,11:15:14.073,84.5100,300
40514073823785,11:15:14.073,84.5100,2800
40514320307547,11:15:14.320,84.5100,100
40514320307547,11:15:14.320,84.5100,100
40514320307547,11:15:14.320,84.5100,100
40514320307547,11:15:14.320,84.5100,100
40514320307547,11:15:14.320,84.5100,100
40525815227855,11:15:25.815,84.5100,125
40765881726715,11:19:25.881,84.5100,175
40765881726715,11:19:25.881,84.5100,100
40765881726715,11:19:25.881,84.5100,1333
40765881765276,11:19:25.881,84.5100,144
40765882056994,11:19:25.882,84.5100,81
40783562043409,11:19:43.562,84.5050,144
40811522033539,11:20:11.522,84.5100,30
40839821840398,11:20:39.821,84.5050,26
40930602364089,11:22:10.602,84.5000,100
40930602364089,11:22:10.602,84.5000,40
40930741673889,11:22:10.741,84.5000,160
40930741673889,11:22:10.741,84.5000,48
40930741757149,11:22:10.741,84.5000,252
40930743501753,11:22:10.743,84.4900,100
40930743501753,11:22:10.743,84.4900,100
40930743501753,11:22:10.743,84.4900,8
40930743845589,11:22:10.743,84.4900,100
40930743870006,11:22:10.743,84.4900,215
40930744042509,11:22:10.744,84.4900,85
40930744042509,11:22:10.744,84.4900,100
40930744042509,11:22:10.744,84.4900,100
40930744042509,11:22:10.744,84.4900,100
40930744042509,11:22:10.744,84.4900,100
40930747580440,11:22:10.747,84.4900,916
40936638385350,11:22:16.638,84.4900,100
40936638385350,11:22:16.638,84.4900,100
40936638385350,11:22:16.638,84.4900,100
40936638385350,11:22:16.638,84.4900,100
40936638385350,11:22:16.638,84.4900,100
40936638385350,11:22:16.638,84.4900,2100
40936638385350,11:22:16.638,84.4900,70
40936638385350,11:22:16.638,84.4900,208
40936638385350,11:22:16.638,84.4900,200
40936638385350,11:22:16.638,84.4900,30
40936638385350,11:22:16.638,84.4900,200
40936638385350,11:22:16.638,84.4900,700
40936638385350,11:22:16.638,84.4900,200
40936638385350,11:22:16.638,84.4900,200
40937214434718,11:22:17.214,84.4950,100
40937214434718,11:22:17.214,84.4950,100
40937214434718,11:22:17.214,84.4950,120
40937275476541,11:22:17.275,84.4950,100
40937275476541,11:22:17.275,84.4950,100
40937282103031,11:22:17.282,84.4950,100
40937324630242,11:22:17.324,84.4950,100
40969854555453,11:22:49.854,84.4950,100
41111888642984,11:25:11.888,84.5000,100
41112050063807,11:25:12.050,84.5000,100
41112050063807,11:25:12.050,84.5000,100
41112050063807,11:25:12.050,84.5000,100
41112050063807,11:25:12.050,84.5000,200
41112050063807,11:25:12.050,84.5000,100
41112050063807,11:25:12.050,84.5000,700
41112050063807,11:25:12.050,84.5000,400
41112050063807,11:25:12.050,84.5000,100
41112050063807,11:25:12.050,84.5000,100
41112050063807,11:25:12.050,84.5000,100
41112051552663,11:25:12.051,84.5000,780
41112189906665,11:25:12.189,84.5000,920
41112189906665,11:25:12.189,84.5000,2200
41112189906665,11:25:12.189,84.5000,700
41199974622584,11:26:39.974,84.4900,100
41199974622584,11:26:39.974,84.4900,1000
41351351744036,11:29:11.351,84.4900,100
41351364075179,11:29:11.364,84.4900,100
41351364075179,11:29:11.364,84.4900,100
41351364075179,11:29:11.364,84.4900,100
41351364075179,11:29:11.364,84.4900,100
41351364075179,11:29:11.364,84.4900,100
41351364075179,11:29:11.364,84.4900,100
41351364075179,11:29:11.364,84.4900,900
41351364169519,11:29:11.364,84.4900,100
41351364169519,11:29:11.364,84.4900,100
41351458695645,11:29:11.458,84.4900,100
41351458695645,11:29:11.458,84.4900,100
41356337656969,11:29:16.337,84.4900,500
41356337656969,11:29:16.337,84.4900,100
41356337656969,11:29:16.337,84.4900,300
41356337656969,11:29:16.337,84.4900,100
41356337656969,11:29:16.337,84.4900,100
41356337656969,11:29:16.337,84.4900,100
41356337656969,11:29:16.337,84.4900,100
41356337656969,11:29:16.337,84.4900,200
41356337656969,11:29:16.337,84.4900,100
41356337656969,11:29:16.337,84.4900,100
41356337656969,11:29:16.337,84.4900,1500
41356337656969,11:29:16.337,84.4900,100
41356337656969,11:29:16.337,84.4900,700
41356337656969,11:29:16.337,84.4900,100
41356337656969,11:29:16.337,84.4900,200
41426077691762,11:30:26.077,84.4800,100
41426077691762,11:30:26.077,84.4800,2400
41426077691762,11:30:26.077,84.4800,100
41426077691762,11:30:26.077,84.4800,300
41426077691762,11:30:26.077,84.4800,1600
41426077691762,11:30:26.077,84.4800,700
41426077691762,11:30:26.077,84.4800,172
41457845539301,11:30:57.845,84.4750,200
41457845539301,11:30:57.845,84.4800,100
41457845539301,11:30:57.845,84.4800,100
41457845539301,11:30:57.845,84.4800,100
41457845539301,11:30:57.845,84.4800,100
41457845539301,11:30:57.845,84.4800,200
41457845539301,11:30:57.845,84.4800,100
41457845539301,11:30:57.845,84.4800,38
41761887098868,11:36:01.887,84.4700,100
41778433938894,11:36:18.433,84.4700,100
41778433938894,11:36:18.433,84.4700,200
41778433938894,11:36:18.433,84.4700,1000
41778433938894,11:36:18.433,84.4700,89
41778433987360,11:36:18.433,84.4700,11
41778433987360,11:36:18.433,84.4700,689
41778433996021,11:36:18.433,84.4700,11
41779184312954,11:36:19.184,84.4600,804
41779184396591,11:36:19.184,84.4600,1496
41779184396591,11:36:19.184,84.4600,200
41779184452653,11:36:19.184,84.4600,100
41779185666496,11:36:19.185,84.4550,100
41799557365931,11:36:39.557,84.4550,100
41853493347042,11:37:33.493,84.4500,1500
41853493347042,11:37:33.493,84.4500,2200
41853493347042,11:37:33.493,84.4500,700
41854612368126,11:37:34.612,84.4400,100
41854612368126,11:37:34.612,84.4400,2200
41854612368126,11:37:34.612,84.4400,280
41855559458452,11:37:35.559,84.4450,100
41855559458452,11:37:35.559,84.4400,300
41857277303601,11:37:37.277,84.4400,100
41857277303601,11:37:37.277,84.4400,700
42019881153980,11:40:19.881,84.4400,2200
42019881153980,11:40:19.881,84.4400,100
42019881153980,11:40:19.881,84.4400,200
42019881153980,11:40:19.881,84.4400,100
42019881153980,11:40:19.881,84.4400,200
42019881153980,11:40:19.881,84.4400,400
42019881153980,11:40:19.881,84.4400,1400
42019881153980,11:40:19.881,84.4400,100
42019881203348,11:40:19.881,84.4400,300
42023910943621,11:40:23.910,84.4500,100
42023910943621,11:40:23.910,84.4500,700
42031392100674,11:40:31.392,84.4500,766
42031392125069,11:40:31.392,84.4500,734
42031392125069,11:40:31.392,84.4500,100
42064236261428,11:41:04.236,84.4550,100
42071469837555,11:41:11.469,84.4500,100
42071469837555,11:41:11.469,84.4500,2200
42071473293643,11:41:11.473,84.4500,80
42071474019216,11:41:11.474,84.4500,20
42071474019216,11:41:11.474,84.4500,2200
42071475833499,11:41:11.475,84.4500,100
42071475833499,11:41:11.475,84.4500,1500
42071475833499,11:41:11.475,84.4500,620
42071476250566,11:41:11.476,84.4500,200
42071477668145,11:41:11.477,84.4500,1380
42071477668145,11:41:11.477,84.4500,100
42071685867007,11:41:11.685,84.4500,1500
42071685867007,11:41:11.685,84.4500,600
42190636657045,11:43:10.636,84.4450,100
42332921191509,11:45:32.921,84.4400,100
42332921191509,11:45:32.921,84.4400,100
42332921191509,11:45:32.921,84.4400,8
42355508309897,11:45:55.508,84.4400,92
42355508309897,11:45:55.508,84.4400,14
42361182876461,11:46:01.182,84.4400,86
42361182876461,11:46:01.182,84.4400,100
42361182876461,11:46:01.182,84.4400,22
42361183103849,11:46:01.183,84.4400,78
42361183103849,11:46:01.183,84.4400,22
42361183163931,11:46:01.183,84.4400,178
42361193854806,11:46:01.193,84.4350,100
42361193854806,11:46:01.193,84.4350,60
42361586434630,11:46:01.586,84.4300,700
42361586434630,11:46:01.586,84.4300,700
42361586548330,11:46:01.586,84.4300,100
42361586548330,11:46:01.586,84.4300,100
42361586590199,11:46:01.586,84.4300,100
42361586590199,11:46:01.586,84.4300,100
42361586590199,11:46:01.586,84.4300,100
42389538997798,11:46:29.538,84.4250,100
42389538997798,11:46:29.538,84.4250,100
42574911005018,11:49:34.911,84.4250,200
42576918870100,11:49:36.918,84.4250,100
42576920162583,11:49:36.920,84.4250,80
42578401791694,11:49:38.401,84.4300,600
42583176008968,11:49:43.176,84.4250,100
42601414017143,11:50:01.414,84.4250,200
42601915018564,11:50:01.915,84.4250,200
42661917618571,11:51:01.917,84.4250,100
42661918710503,11:51:01.918,84.4250,100
42661918710503,11:51:01.918,84.4250,200
42661919765503,11:51:01.919,84.4200,208
42661920325655,11:51:01.920,84.4250,100
42661920325655,11:51:01.920,84.4250,100
42661920325655,11:51:01.920,84.4250,120
42674628411948,11:51:14.628,84.4250,100
42674628411948,11:51:14.628,84.4250,100
42816772472498,11:53:36.772,84.4200,300
42835245467441,11:53:55.245,84.4200,207
42846833204285,11:54:06.833,84.4200,93
42846833204285,11:54:06.833,84.4200,200
42846833204285,11:54:06.833,84.4200,100
42846833204285,11:54:06.833,84.4200,100
42846833204285,11:54:06.833,84.4200,100
42846833549506,11:54:06.833,84.4200,100
42846834254458,11:54:06.834,84.4200,172
42846840606078,11:54:06.840,84.4200,1500
42846841016177,11:54:06.841,84.4200,100
42984224909076,11:56:24.224,84.4200,100
42984224909076,11:56:24.224,84.4200,300
42984224937236,11:56:24.224,84.4200,1900
42984224937236,11:56:24.224,84.4200,100
42984224937236,11:56:24.224,84.4200,200
42984224937236,11:56:24.224,84.4200,400
42984224937236,11:56:24.224,84.4200,100
42984224937236,11:56:24.224,84.4200,400
43041225102198,11:57:21.225,84.4300,100
43041225102198,11:57:21.225,84.4300,100
43041225102198,11:57:21.225,84.4300,200
43041225102198,11:57:21.225,84.4300,300
43091023898016,11:58:11.023,84.4350,100
43182013969851,11:59:42.013,84.4350,22
43196730206245,11:59:56.730,84.4350,100
43283843481550,12:01:23.843,84.4400,200
43283843481550,12:01:23.843,84.4400,100
43283843481550,12:01:23.843,84.4400,100
43283843481550,12:01:23.843,84.4400,35
43286008470033,12:01:26.008,84.4400,65
43286008470033,12:01:26.008,84.4400,100
43286008470033,12:01:26.008,84.4400,35
43351269054288,12:02:31.269,84.4400,65
43351269054288,12:02:31.269,84.4400,35
43356657008420,12:02:36.657,84.4400,200
43356657008420,12:02:36.657,84.4400,300
43356657008420,12:02:36.657,84.4400,200
43581755414926,12:06:21.755,84.4500,100
43581755414926,12:06:21.755,84.4500,100
43581755414926,12:06:21.755,84.4500,8
43581756156232,12:06:21.756,84.4500,92
43581756156232,12:06:21.756,84.4500,116
43581756236265,12:06:21.756,84.4500,84
43581756236265,12:06:21.756,84.4500,16
43581756374320,12:06:21.756,84.4500,84
43858073522440,12:10:58.073,84.4600,100
43858073522440,12:10:58.073,84.4600,300
43858073522440,12:10:58.073,84.4600,200
43858752515181,12:10:58.752,84.4650,100
43858752515181,12:10:58.752,84.4700,48
43920804853888,12:12:00.804,84.4700,208
43920805564934,12:12:00.805,84.4700,166
43920982053589,12:12:00.982,84.4700,100
43920982053589,12:12:00.982,84.4700,46
43933951011823,12:12:13.951,84.4700,54
43933951011823,12:12:13.951,84.4700,100
43933951011823,12:12:13.951,84.4700,100
43933951011823,12:12:13.951,84.4700,100
43933951011823,12:12:13.951,84.4700,300
43933951011823,12:12:13.951,84.4700,300
43933951011823,12:12:13.951,84.4700,100
43933951011823,12:12:13.951,84.4700,100
43933951011823,12:12:13.951,84.4700,100
43933951011823,12:12:13.951,84.4700,300
43933951011823,12:12:13.951,84.4700,300
43933951011823,12:12:13.951,84.4700,300
43933951011823,12:12:13.951,84.4700,68
43933951548055,12:12:13.951,84.4700,100
43933951548055,12:12:13.951,84.4700,700
43933955287150,12:12:13.955,84.4700,1600
43937104389824,12:12:17.104,84.4750,10
43943406203552,12:12:23.406,84.4800,62
43943406203552,12:12:23.406,84.4800,141
43954416484131,12:12:34.416,84.4800,159
43954416484131,12:12:34.416,84.4800,46
43954417335713,12:12:34.417,84.4800,208
43954417733625,12:12:34.417,84.4800,92
43954417733625,12:12:34.417,84.4800,116
43968535614496,12:12:48.535,84.4800,84
43968535614496,12:12:48.535,84.4800,100
43968535614496,12:12:48.535,84.4800,100
43968535614496,12:12:48.535,84.4800,100
43968535614496,12:12:48.535,84.4800,200
43968535614496,12:12:48.535,84.4800,300
43968535614496,12:12:48.535,84.4800,100
43968535614496,12:12:48.535,84.4800,100
43968535614496,12:12:48.535,84.4800,700
43968538430799,12:12:48.538,84.4800,500
43968538430799,12:12:48.538,84.4800,100
43968538430799,12:12:48.538,84.4800,100
43968538430799,12:12:48.538,84.4800,100
43968538430799,12:12:48.538,84.4800,1800
43968538430799,12:12:48.538,84.4800,2418
43968538472460,12:12:48.538,84.4800,82
43968538472460,12:12:48.538,84.4800,100
43968538472460,12:12:48.538,84.4800,2400
43968538472460,12:12:48.538,84.4800,100
43968538472460,12:12:48.538,84.4800,200
43968538472460,12:12:48.538,84.4800,200
43968538472460,12:12:48.538,84.4800,300
43968538472460,12:12:48.538,84.4800,1500
43968538472460,12:12:48.538,84.4800,100
43968538472460,12:12:48.538,84.4800,2500
43968538472460,12:12:48.538,84.4800,100
43968538472460,12:12:48.538,84.4800,418
43968539198071,12:12:48.539,84.4800,282
43968539198071,12:12:48.539,84.4800,100
43968539198071,12:12:48.539,84.4800,700
43968539198071,12:12:48.539,84.4800,2200
43968539198071,12:12:48.539,84.4800,100
43968539198071,12:12:48.539,84.4800,800
43968539198071,12:12:48.539,84.4800,1310
44023784632505,12:13:43.784,84.4850,200
44023784632505,12:13:43.784,84.4850,8
44041013439162,12:14:01.013,84.4900,208
44063542770367,12:14:23.542,84.4850,208
44063543569030,12:14:23.543,84.4850,167
44214351757688,12:16:54.351,84.4900,100
44214351757688,12:16:54.351,84.4900,10
44214351775237,12:16:54.351,84.4900,200
44214351844739,12:16:54.351,84.4900,190
44214355420690,12:16:54.355,84.4900,700
44214355714817,12:16:54.355,84.4900,1184
44248399055284,12:17:28.399,84.5000,300
44248403002123,12:17:28.403,84.5000,2400
44248403002123,12:17:28.403,84.5000,76
44689067090643,12:24:49.067,84.5000,100
44689067090643,12:24:49.067,84.5000,100
44689067090643,12:24:49.067,84.5000,100
44689067090643,12:24:49.067,84.5000,100
44689067090643,12:24:49.067,84.5000,300
44689067090643,12:24:49.067,84.5000,100
44689067090643,12:24:49.067,84.5000,300
44689067090643,12:24:49.067,84.5000,500
44689067090643,12:24:49.067,84.5000,100
44689067090643,12:24:49.067,84.5000,100
44689116229193,12:24:49.116,84.5000,100
44689322661057,12:24:49.322,84.5000,600
44689677623994,12:24:49.677,84.5000,100
44689677623994,12:24:49.677,84.5000,500
44692069781742,12:24:52.069,84.5000,100
44695072506871,12:24:55.072,84.5000,100
44695361890289,12:24:55.361,84.5000,100
44802184709270,12:26:42.184,84.5100,500
44802184709270,12:26:42.184,84.5100,1240
44802188226890,12:26:42.188,84.5100,100
44802190586710,12:26:42.190,84.5100,104
44805173428458,12:26:45.173,84.5100,200
44805173428458,12:26:45.173,84.5100,100
44805173428458,12:26:45.173,84.5100,200
44805173428458,12:26:45.173,84.5100,100
44805173428458,12:26:45.173,84.5100,46
44805173428458,12:26:45.173,84.5100,154
44805173428458,12:26:45.173,84.5100,100
44805173428458,12:26:45.173,84.5100,100
44805173428458,12:26:45.173,84.5100,100
44805173428458,12:26:45.173,84.5100,96
44805200304408,12:26:45.200,84.5150,100
44833003403086,12:27:13.003,84.5150,31
44963046682563,12:29:23.046,84.5200,700
44963046682563,12:29:23.046,84.5200,10
44963046682563,12:29:23.046,84.5200,300
44963046682563,12:29:23.046,84.5200,200
44963046682563,12:29:23.046,84.5200,200
44963046682563,12:29:23.046,84.5200,300
44963046682563,12:29:23.046,84.5200,100
44963050780627,12:29:23.050,84.5200,100
44963050780627,12:29:23.050,84.5200,998
44963051477945,12:29:23.051,84.5200,502
44963051477945,12:29:23.051,84.5200,2300
44963051477945,12:29:23.051,84.5200,200
44965758062957,12:29:25.758,84.5200,199
44965758062957,12:29:25.758,84.5200,300
44965758062957,12:29:25.758,84.5200,1500
44965758062957,12:29:25.758,84.5200,101
44965758062957,12:29:25.758,84.5200,200
44965758062957,12:29:25.758,84.5200,100
44965758062957,12:29:25.758,84.5200,700
44965763061582,12:29:25.763,84.5200,2300
44965763061582,12:29:25.763,84.5200,200
44965763061582,12:29:25.763,84.5200,100
44965763061582,12:29:25.763,84.5200,100
44965763061582,12:29:25.763,84.5200,100
44965763061582,12:29:25.763,84.5200,200
44965763061582,12:29:25.763,84.5200,100
44965763061582,12:29:25.763,84.5200,100
44965763061582,12:29:25.763,84.5200,100
44965763061582,12:29:25.763,84.5200,100
44965763061582,12:29:25.763,84.5200,1096
44965763198276,12:29:25.763,84.5200,404
44965763198276,12:29:25.763,84.5200,300
44965763198276,12:29:25.763,84.5200,100
44965763198276,12:29:25.763,84.5200,100
44965763198276,12:29:25.763,84.5200,700
44965763198276,12:29:25.763,84.5200,2300
44965763198276,12:29:25.763,84.5200,100
44965763198276,12:29:25.763,84.5200,100
44965763198276,12:29:25.763,84.5200,200
44965763198276,12:29:25.763,84.5200,200
44965765597461,12:29:25.765,84.5200,200
44965765597461,12:29:25.765,84.5200,1500
44965765597461,12:29:25.765,84.5200,700
44965970511070,12:29:25.970,84.5200,100
44966268397047,12:29:26.268,84.5200,100
44966268397047,12:29:26.268,84.5200,100
44966268397047,12:29:26.268,84.5200,100
44966268397047,12:29:26.268,84.5200,100
44966268397047,12:29:26.268,84.5200,100
45098001745973,12:31:38.001,84.5200,100
45098001745973,12:31:38.001,84.5200,100
45098001745973,12:31:38.001,84.5200,1581
45098002385457,12:31:38.002,84.5200,479
45098002385457,12:31:38.002,84.5200,6
45098002435734,12:31:38.002,84.5200,94
45098002435734,12:31:38.002,84.5200,6
45098002456140,12:31:38.002,84.5200,94
45098002456140,12:31:38.002,84.5200,400
45180862507328,12:33:00.862,84.5100,100
45180862716218,12:33:00.862,84.5100,100
45180862716218,12:33:00.862,84.5100,100
45180862716218,12:33:00.862,84.5100,100
45180862853589,12:33:00.862,84.5100,100
45180862912081,12:33:00.862,84.5100,2200
45180862912081,12:33:00.862,84.5100,100
45180862978711,12:33:00.862,84.5100,300
45180862992808,12:33:00.862,84.5100,508
45180863153434,12:33:00.863,84.5100,100
45180863183349,12:33:00.863,84.5100,100
45180863227326,12:33:00.863,84.5100,1300
45180863261405,12:33:00.863,84.5100,500
45180863368264,12:33:00.863,84.5100,100
45180863386975,12:33:00.863,84.5100,100
45180863458723,12:33:00.863,84.5100,200
45180863575529,12:33:00.863,84.5100,492
45180863905878,12:33:00.863,84.5100,100
45180864110623,12:33:00.864,84.5100,100
45180864250318,12:33:00.864,84.5100,100
45180864349872,12:33:00.864,84.5100,200
45180874615803,12:33:00.874,84.5100,400
45180874632695,12:33:00.874,84.5100,108
45233600745975,12:33:53.600,84.5050,452
45374412866848,12:36:14.412,84.5000,100
45516330889799,12:38:36.330,84.5000,100
45516330889799,12:38:36.330,84.5000,400
45516330889799,12:38:36.330,84.5000,200
45516330889799,12:38:36.330,84.5000,400
45541916636968,12:39:01.916,84.4900,100
45541916636968,12:39:01.916,84.4900,923
45704306291851,12:41:44.306,84.4900,100
45704306291851,12:41:44.306,84.4900,100
45704306291851,12:41:44.306,84.4900,220
45843961825711,12:44:03.961,84.4800,100
45843961825711,12:44:03.961,84.4800,100
45843961825711,12:44:03.961,84.4800,100
45843961825711,12:44:03.961,84.4800,500
45843961825711,12:44:03.961,84.4800,100
45843961825711,12:44:03.961,84.4800,1200
45843961825711,12:44:03.961,84.4800,400
45843961825711,12:44:03.961,84.4800,200
45843961825711,12:44:03.961,84.4800,100
45843961825711,12:44:03.961,84.4800,100
45843961825711,12:44:03.961,84.4800,200
45843961825711,12:44:03.961,84.4800,100
45843961825711,12:44:03.961,84.4800,100
45915730607162,12:45:15.730,84.4800,100
45915730607162,12:45:15.730,84.4800,100
45915730607162,12:45:15.730,84.4800,100
45915730607162,12:45:15.730,84.4800,100
45915730607162,12:45:15.730,84.4800,1106
45915730759670,12:45:15.730,84.4800,100
45915730759670,12:45:15.730,84.4800,100
45915730759670,12:45:15.730,84.4800,200
45915730759670,12:45:15.730,84.4800,300
45915730759670,12:45:15.730,84.4800,100
46132700926147,12:48:52.700,84.4900,100
46132700926147,12:48:52.700,84.4900,100
46132700960610,12:48:52.700,84.4900,9
46215130202320,12:50:15.130,84.5000,100
46215130202320,12:50:15.130,84.5000,2200
46215130202320,12:50:15.130,84.5000,1300
46215130202320,12:50:15.130,84.5000,300
46364284636209,12:52:44.284,84.5050,100
46524333278865,12:55:24.333,84.5000,900
46524333278865,12:55:24.333,84.5000,300
46524333278865,12:55:24.333,84.5000,500
46524333278865,12:55:24.333,84.5000,1700
46525500990013,12:55:25.500,84.4900,8
46525501801243,12:55:25.501,84.4900,200
46525502880392,12:55:25.502,84.4850,71
46589070113943,12:56:29.070,84.4850,100
46589070113943,12:56:29.070,84.4850,100
46589072254692,12:56:29.072,84.4850,100
46589072254692,12:56:29.072,84.4850,100
46589072616058,12:56:29.072,84.4850,100
46589072616058,12:56:29.072,84.4850,100
46589073931936,12:56:29.073,84.4850,100
46589073931936,12:56:29.073,84.4850,24
46673060138106,12:57:53.060,84.4850,80
46921988792710,13:02:01.988,84.4800,100
46921988792710,13:02:01.988,84.4800,100
46921988792710,13:02:01.988,84.4800,100
46921988792710,13:02:01.988,84.4800,200
46921988792710,13:02:01.988,84.4800,100
46921988792710,13:02:01.988,84.4800,200
46921988792710,13:02:01.988,84.4800,200
46921988792710,13:02:01.988,84.4800,200
46921988792710,13:02:01.988,84.4800,300
46923344028220,13:02:03.344,84.4750,300
46925002031506,13:02:05.002,84.4750,300
47146193420300,13:05:46.193,84.4750,120
47146193420300,13:05:46.193,84.4750,100
47146193420300,13:05:46.193,84.4750,135
47443134355143,13:10:43.134,84.4800,2200
47443134355143,13:10:43.134,84.4800,90
47443134355143,13:10:43.134,84.4800,100
47443134355143,13:10:43.134,84.4800,10
47443134355143,13:10:43.134,84.4800,100
47443134355143,13:10:43.134,84.4800,1400
47443134355143,13:10:43.134,84.4800,100
47443134355143,13:10:43.134,84.4800,100
47443134355143,13:10:43.134,84.4800,100
47443134355143,13:10:43.134,84.4800,300
47443134355143,13:10:43.134,84.4800,200
47461608013072,13:11:01.608,84.4850,400
47470831020495,13:11:10.831,84.4850,400
47481138010446,13:11:21.138,84.4850,200
47481638020853,13:11:21.638,84.4850,200
47657551791239,13:14:17.551,84.4850,19
47717457024189,13:15:17.457,84.4850,100
47729699022921,13:15:29.699,84.4850,200
47730199016025,13:15:30.199,84.4850,100
47737603031452,13:15:37.603,84.4850,100
47786556019219,13:16:26.556,84.4850,200
47797173701458,13:16:37.173,84.4850,100
47922738015660,13:18:42.738,84.4850,200
47966917008241,13:19:26.917,84.4850,200
48037825019463,13:20:37.825,84.4850,200
48059977009698,13:20:59.977,84.4850,200
48070944011712,13:21:10.944,84.4850,200
48073832035514,13:21:13.832,84.4850,200
48357100134682,13:25:57.100,84.4800,2200
48357100134682,13:25:57.100,84.4800,1300
48357100134682,13:25:57.100,84.4800,100
48357100134682,13:25:57.100,84.4800,300
48357100134682,13:25:57.100,84.4800,600
48357100134682,13:25:57.100,84.4800,200
48357100134682,13:25:57.100,84.4800,200
48357100134682,13:25:57.100,84.4800,100
48357100134682,13:25:57.100,84.4800,100
48357100134682,13:25:57.100,84.4800,875
48357100134682,13:25:57.100,84.4800,400
48357100134682,13:25:57.100,84.4800,100
48357100134682,13:25:57.100,84.4800,100
48357100134682,13:25:57.100,84.4800,100
48357100134682,13:25:57.100,84.4800,200
48357100134682,13:25:57.100,84.4800,100
48357100134682,13:25:57.100,84.4800,100
48357100134682,13:25:57.100,84.4800,100
48357100134682,13:25:57.100,84.4800,100
48357100134682,13:25:57.100,84.4800,100
48357100134682,13:25:57.100,84.4800,700
48357100134682,13:25:57.100,84.4800,100
48357100134682,13:25:57.100,84.4800,600
48357100259241,13:25:57.100,84.4800,200
48357100547993,13:25:57.100,84.4800,38
48357100576479,13:25:57.100,84.4800,2000
48357683381841,13:25:57.683,84.4700,100
48357683381841,13:25:57.683,84.4700,100
48357683381841,13:25:57.683,84.4700,100
48357683398279,13:25:57.683,84.4700,300
48357683497648,13:25:57.683,84.4700,100
48379213373959,13:26:19.213,84.4600,100
48379213373959,13:26:19.213,84.4600,100
48379213373959,13:26:19.213,84.4600,100
48402324573305,13:26:42.324,84.4600,600
48402324573305,13:26:42.324,84.4600,300
48449913871584,13:27:29.913,84.4550,100
48449913871584,13:27:29.913,84.4500,100
48449913871584,13:27:29.913,84.4500,100
48449913871584,13:27:29.913,84.4500,100
48449913871584,13:27:29.913,84.4500,200
48449913871584,13:27:29.913,84.4500,200
48449913871584,13:27:29.913,84.4500,100
48449913871584,13:27:29.913,84.4500,500
48449914194202,13:27:29.914,84.4500,200
48449914194202,13:27:29.914,84.4500,100
48449914194202,13:27:29.914,84.4500,100
48449914194202,13:27:29.914,84.4500,200
48449914194202,13:27:29.914,84.4500,300
48449914740322,13:27:29.914,84.4500,200
48449914740322,13:27:29.914,84.4500,200
48449914740322,13:27:29.914,84.4500,100
48449915779329,13:27:29.915,84.4500,1090
48452199022113,13:27:32.199,84.4450,200
48452199023463,13:27:32.199,84.4450,200
48623989651426,13:30:23.989,84.4400,200
48623989651426,13:30:23.989,84.4400,100
48623989651426,13:30:23.989,84.4400,100
48623989651426,13:30:23.989,84.4400,100
48623989651426,13:30:23.989,84.4400,100
48623989651426,13:30:23.989,84.4400,100
48623989651426,13:30:23.989,84.4400,100
48623989651426,13:30:23.989,84.4400,200
48623989651426,13:30:23.989,84.4400,100
48623989651426,13:30:23.989,84.4400,200
48623989651426,13:30:23.989,84.4400,100
48623989651426,13:30:23.989,84.4400,100
48623989651426,13:30:23.989,84.4400,100
48623989651426,13:30:23.989,84.4400,200
48623989651426,13:30:23.989,84.4400,700
48623989651426,13:30:23.989,84.4400,100
48626729273837,13:30:26.729,84.4400,100
48626729273837,13:30:26.729,84.4400,100
48626729273837,13:30:26.729,84.4400,100
48626729273837,13:30:26.729,84.4400,100
48626729273837,13:30:26.729,84.4400,100
48626729273837,13:30:26.729,84.4400,100
48626729273837,13:30:26.729,84.4400,700
48626729273837,13:30:26.729,84.4400,100
48626729273837,13:30:26.729,84.4400,300
48626729273837,13:30:26.729,84.4400,100
48626729273837,13:30:26.729,84.4400,100
48626729273837,13:30:26.729,84.4400,1210
48708448501100,13:31:48.448,84.4300,100
48708448501100,13:31:48.448,84.4300,100
48708448501100,13:31:48.448,84.4300,100
48708448501100,13:31:48.448,84.4300,100
48708448501100,13:31:48.448,84.4300,200
48708448501100,13:31:48.448,84.4300,200
48708448501100,13:31:48.448,84.4300,100
48708448501100,13:31:48.448,84.4300,100
48717690150180,13:31:57.690,84.4300,200
48717690150180,13:31:57.690,84.4300,2400
48717690150180,13:31:57.690,84.4300,100
48717690150180,13:31:57.690,84.4300,100
48717690150180,13:31:57.690,84.4300,100
48717690150180,13:31:57.690,84.4300,100
48717690150180,13:31:57.690,84.4300,100
48717690150180,13:31:57.690,84.4300,100
48717690150180,13:31:57.690,84.4300,200
48717690150180,13:31:57.690,84.4300,700
48717690150180,13:31:57.690,84.4300,2500
48717690150180,13:31:57.690,84.4300,55
48717690150180,13:31:57.690,84.4300,100
48717690150180,13:31:57.690,84.4300,600
48717690150180,13:31:57.690,84.4300,100
48717881558173,13:31:57.881,84.4300,1000
48717881558173,13:31:57.881,84.4300,100
48718281625465,13:31:58.281,84.4400,300
48718281625465,13:31:58.281,84.4400,700
48718281625465,13:31:58.281,84.4400,100
48718281625465,13:31:58.281,84.4400,800
48718281625465,13:31:58.281,84.4400,200
48718281625465,13:31:58.281,84.4400,200
48718281625465,13:31:58.281,84.4400,1900
48718281625465,13:31:58.281,84.4400,300
48718281625465,13:31:58.281,84.4400,1800
48721804012582,13:32:01.804,84.4450,300
48723801015967,13:32:03.801,84.4450,300
48728181024223,13:32:08.181,84.4450,300
48732614773702,13:32:12.614,84.4400,100
48732614773702,13:32:12.614,84.4400,100
48732614773702,13:32:12.614,84.4400,800
48732614773702,13:32:12.614,84.4400,100
48732614773702,13:32:12.614,84.4400,300
48732614773702,13:32:12.614,84.4400,1700
48732614773702,13:32:12.614,84.4400,2200
48732615041397,13:32:12.615,84.4400,15
48732615047854,13:32:12.615,84.4400,185
48732615047854,13:32:12.615,84.4400,25
48732615369434,13:32:12.615,84.4400,100
48732615384811,13:32:12.615,84.4400,75
48732615384811,13:32:12.615,84.4400,100
48732651082077,13:32:12.651,84.4400,2400
48732651082077,13:32:12.651,84.4400,300
48732651082077,13:32:12.651,84.4400,100
48732651082077,13:32:12.651,84.4400,100
48732651082077,13:32:12.651,84.4400,200
48732651082077,13:32:12.651,84.4400,500
48732651082077,13:32:12.651,84.4400,100
48732651082077,13:32:12.651,84.4400,600
48732973287717,13:32:12.973,84.4400,1500
48732973287717,13:32:12.973,84.4400,100
48739887177771,13:32:19.887,84.4400,500
48739887177771,13:32:19.887,84.4400,100
48739887177771,13:32:19.887,84.4400,2500
48739887177771,13:32:19.887,84.4400,100
48739971504363,13:32:19.971,84.4400,2300
48780924032013,13:33:00.924,84.4500,100
48780924032013,13:33:00.924,84.4500,100
48831851906003,13:33:51.851,84.4400,100
48831852023473,13:33:51.852,84.4400,100
48831852181225,13:33:51.852,84.4400,500
48831852586496,13:33:51.852,84.4400,100
48831852964175,13:33:51.852,84.4400,200
48831853600339,13:33:51.853,84.4400,100
48831853601221,13:33:51.853,84.4400,100
48832024069493,13:33:52.024,84.4400,100
48832024069493,13:33:52.024,84.4400,100
48832024069493,13:33:52.024,84.4400,100
48832024069493,13:33:52.024,84.4400,100
49051165012909,13:37:31.165,84.4450,100
49157787284999,13:39:17.787,84.4400,500
49157787284999,13:39:17.787,84.4400,100
49157787284999,13:39:17.787,84.4400,100
49157787284999,13:39:17.787,84.4400,200
49157787284999,13:39:17.787,84.4400,100
49157787284999,13:39:17.787,84.4400,100
49157787284999,13:39:17.787,84.4400,100
49157787284999,13:39:17.787,84.4400,100
49157787284999,13:39:17.787,84.4400,100
49157787284999,13:39:17.787,84.4400,100
49157788713539,13:39:17.788,84.4400,270
49157820649128,13:39:17.820,84.4400,100
49157820649128,13:39:17.820,84.4400,100
49157820649128,13:39:17.820,84.4400,100
49157820649128,13:39:17.820,84.4400,100
49157820649128,13:39:17.820,84.4400,100
49157820649128,13:39:17.820,84.4400,6
49166496797516,13:39:26.496,84.4400,100
49166496797516,13:39:26.496,84.4400,2400
49166496797516,13:39:26.496,84.4400,100
49166496797516,13:39:26.496,84.4400,900
49166496797516,13:39:26.496,84.4400,2800
49166497093591,13:39:26.497,84.4400,500
49166522355096,13:39:26.522,84.4400,1800
49166522355096,13:39:26.522,84.4400,1000
49166522355096,13:39:26.522,84.4400,200
49166731230987,13:39:26.731,84.4400,100
49166731230987,13:39:26.731,84.4400,100
49166731230987,13:39:26.731,84.4400,100
49166731230987,13:39:26.731,84.4400,100
49166731230987,13:39:26.731,84.4400,100
49169528480773,13:39:29.528,84.4400,1600
49169528480773,13:39:29.528,84.4400,300
49169528480773,13:39:29.528,84.4400,3800
49169528480773,13:39:29.528,84.4400,600
49169573832637,13:39:29.573,84.4400,400
49171356771324,13:39:31.356,84.4400,100
49171356771324,13:39:31.356,84.4400,100
49171356771324,13:39:31.356,84.4400,100
49171356771324,13:39:31.356,84.4400,100
49171356771324,13:39:31.356,84.4400,100
49171356771324,13:39:31.356,84.4400,100
49171356771324,13:39:31.356,84.4400,100
49171356771324,13:39:31.356,84.4400,100
49171435156778,13:39:31.435,84.4400,100
49171435471652,13:39:31.435,84.4400,100
49173036491603,13:39:33.036,84.4400,800
49173036491603,13:39:33.036,84.4400,100
49173036491603,13:39:33.036,84.4400,100
49173036491603,13:39:33.036,84.4400,100
49173036491603,13:39:33.036,84.4400,100
49173036491603,13:39:33.036,84.4400,100
49173036491603,13:39:33.036,84.4400,2400
49173036491603,13:39:33.036,84.4400,700
49173463491102,13:39:33.463,84.4400,500
49173463491102,13:39:33.463,84.4400,2500
49173463491102,13:39:33.463,84.4400,1500
49173463491102,13:39:33.463,84.4400,100
49173463491102,13:39:33.463,84.4400,100
49173463491102,13:39:33.463,84.4400,100
49173463491102,13:39:33.463,84.4400,100
49173463491102,13:39:33.463,84.4400,100
49173463491102,13:39:33.463,84.4400,100
49173463491102,13:39:33.463,84.4400,200
49173463491102,13:39:33.463,84.4400,100
49173463491102,13:39:33.463,84.4400,100
49173463491102,13:39:33.463,84.4400,100
49182387089543,13:39:42.387,84.4400,100
49182387089543,13:39:42.387,84.4400,100
49182387089543,13:39:42.387,84.4400,100
49182387089543,13:39:42.387,84.4400,100
49182387089543,13:39:42.387,84.4400,100
49220043120766,13:40:20.043,84.4500,100
49220043120766,13:40:20.043,84.4500,100
49220043120766,13:40:20.043,84.4500,100
49220043120766,13:40:20.043,84.4500,100
49220043120766,13:40:20.043,84.4500,100
49220043120766,13:40:20.043,84.4500,100
49220043120766,13:40:20.043,84.4500,100
49220043120766,13:40:20.043,84.4500,200
