timestamp,time,price,volume
34200780681721,09:30:00.780,0.0000,0
34336902065352,09:32:16.902,36.5800,94
34336902092420,09:32:16.902,36.5800,6
34336902092420,09:32:16.902,36.5800,79
34336904116598,09:32:16.904,36.5800,177
34336906644602,09:32:16.906,36.5800,40
34336906668050,09:32:16.906,36.5800,100
34336906696264,09:32:16.906,36.5800,29
34347983434580,09:32:27.983,36.6100,100
34347983917350,09:32:27.983,36.6100,100
34347985567103,09:32:27.985,36.5900,65
34347985574193,09:32:27.985,36.5900,35
34347986562821,09:32:27.986,36.5400,65
34347986616040,09:32:27.986,36.5400,35
34348036722814,09:32:28.036,36.5600,100
34348038352254,09:32:28.038,36.5900,100
34348038431673,09:32:28.038,36.6000,200
34348038469642,09:32:28.038,36.6000,65
34441247770860,09:34:01.247,36.4600,85
34535264627766,09:35:35.264,36.4800,100
34535265995549,09:35:35.265,36.5000,300
34535265995549,09:35:35.265,36.5000,100
34552265090456,09:35:52.265,36.4400,90
34552267129614,09:35:52.267,36.4000,100
34552267510442,09:35:52.267,36.4000,5
34552267595728,09:35:52.267,36.4000,18
34552267603248,09:35:52.267,36.4000,67
34554677624375,09:35:54.677,36.4700,100
34554677624375,09:35:54.677,36.4700,100
34573195585149,09:36:13.195,36.3900,6
34627211170013,09:37:07.211,36.4900,20
34627211714720,09:37:07.211,36.5000,100
34627211740107,09:37:07.211,36.5000,200
34627211740107,09:37:07.211,36.5000,300
34627275804149,09:37:07.275,36.5000,100
34627600142318,09:37:07.600,36.5300,100
34664425176929,09:37:44.425,36.4400,94
34664425203169,09:37:44.425,36.4400,6
34664425203169,09:37:44.425,36.4400,100
34664426567266,09:37:44.426,36.4300,77
34664426571364,09:37:44.426,36.4300,23
34680965372452,09:38:00.965,36.4300,25
34714918393319,09:38:34.918,36.5300,5
34722274761962,09:38:42.274,36.4900,100
34723275773128,09:38:43.275,36.4900,100
34724276977091,09:38:44.276,36.4900,100
34725277877262,09:38:45.277,36.4900,100
34725277933065,09:38:45.277,36.4900,100
34730403521869,09:38:50.403,36.4900,100
34738672450803,09:38:58.672,36.5100,20
34746198425011,09:39:06.198,36.5000,100
34773201443140,09:39:33.201,36.5200,100
34774628770512,09:39:34.628,36.5200,100
34774628770512,09:39:34.628,36.5200,100
34779941974342,09:39:39.941,36.5200,100
34788023030067,09:39:48.023,36.5200,100
34788023430000,09:39:48.023,36.5400,59
34788023434115,09:39:48.023,36.5400,41
34791410080674,09:39:51.410,36.5300,100
34853818080008,09:40:53.818,36.4300,100
34873412125582,09:41:13.412,36.4000,100
35019263899616,09:43:39.263,36.3400,91
35098310743933,09:44:58.310,36.3200,100
35098310781555,09:44:58.310,36.3200,100
35098317113136,09:44:58.317,36.3500,100
35098419244345,09:44:58.419,36.3700,86
35098709883259,09:44:58.709,36.3800,100
35173414045804,09:46:13.414,36.3700,300
35178198451343,09:46:18.198,36.4300,25
35178198451343,09:46:18.198,36.4400,75
35192910324490,09:46:32.910,36.3900,100
35192910489332,09:46:32.910,36.3800,100
35216822548012,09:46:56.822,36.3600,100
35216823257535,09:46:56.823,36.3600,100
35217396653751,09:46:57.396,36.3600,100
35217396680011,09:46:57.396,36.3300,100
35287608316246,09:48:07.608,36.2600,100
35288130217838,09:48:08.130,36.2500,100
35483697552152,09:51:23.697,36.2300,100
35502870266564,09:51:42.870,36.2000,100
35502870266564,09:51:42.870,36.2000,56
35502870292521,09:51:42.870,36.2000,44
35696559763186,09:54:56.559,36.2050,100
35753167451103,09:55:53.167,36.1900,100
35755683053411,09:55:55.683,36.1800,100
35755684226831,09:55:55.684,36.1700,400
35855418487486,09:57:35.418,36.2200,100
35855418487486,09:57:35.418,36.2200,100
35855418487486,09:57:35.418,36.2200,100
35946364296398,09:59:06.364,36.2500,73
35946364349157,09:59:06.364,36.2400,89
35946364752793,09:59:06.364,36.2400,11
35946364752793,09:59:06.364,36.2400,73
36010856760208,10:00:10.856,36.1900,100
36010856760208,10:00:10.856,36.1900,100
36010856848404,10:00:10.856,36.1900,22
36010856867137,10:00:10.856,36.1900,78
36037067167764,10:00:37.067,36.1900,100
36094087338316,10:01:34.087,36.1900,100
36155814996533,10:02:35.814,36.1600,9
36167504450938,10:02:47.504,36.0950,100
36183820258652,10:03:03.820,36.0900,70
36188871546169,10:03:08.871,36.1000,113
36188872178073,10:03:08.872,36.1100,100
36188872178073,10:03:08.872,36.1100,100
36188872178073,10:03:08.872,36.1100,32
36188872665566,10:03:08.872,36.1100,77
36188875692537,10:03:08.875,36.1200,177
36188875717206,10:03:08.875,36.1200,100
36188875797982,10:03:08.875,36.1200,100
36188876129608,10:03:08.876,36.1100,100
36188876376369,10:03:08.876,36.1200,100
36188876376369,10:03:08.876,36.1200,100
36189172106762,10:03:09.172,36.1200,15
36189172192346,10:03:09.172,36.1400,100
36193746956762,10:03:13.746,36.1100,100
36218365735848,10:03:38.365,36.1000,100
36218366261421,10:03:38.366,36.1000,100
36220756400214,10:03:40.756,36.1000,100
36241802686098,10:04:01.802,36.1100,100
36267423661776,10:04:27.423,36.0900,67
36267423670336,10:04:27.423,36.0900,33
36267423670336,10:04:27.423,36.0800,35
36267423692607,10:04:27.423,36.0800,65
36310289038246,10:05:10.289,36.0600,3
36310289038246,10:05:10.289,36.0600,97
36310289533010,10:05:10.289,36.0500,100
36310289641977,10:05:10.289,36.0700,100
36310289904741,10:05:10.289,36.0500,100
36310547048458,10:05:10.547,36.0500,100
36310547112316,10:05:10.547,36.0500,3
36316635021609,10:05:16.635,36.0700,32
36316635021609,10:05:16.635,36.0700,100
36370939372501,10:06:10.939,36.1000,100
36370939397194,10:06:10.939,36.1000,32
36370993397608,10:06:10.993,36.1200,100
36429226066466,10:07:09.226,36.1600,100
36429226142509,10:07:09.226,36.1700,100
36429226142509,10:07:09.226,36.1800,100
36429226142509,10:07:09.226,36.1800,100
36429226170583,10:07:09.226,36.1800,100
36452415629330,10:07:32.415,36.1500,100
36452415629330,10:07:32.415,36.1500,64
36452415629330,10:07:32.415,36.1500,36
36452415657614,10:07:32.415,36.1500,64
36462750888948,10:07:42.750,36.1000,100
36464098747447,10:07:44.098,36.1000,100
36556066918449,10:09:16.066,36.0800,100
36556066944080,10:09:16.066,36.0800,100
36556067733042,10:09:16.067,36.0800,100
36556067733042,10:09:16.067,36.0900,200
36560213996510,10:09:20.213,36.0800,100
36562298135815,10:09:22.298,36.1100,32
36562298145897,10:09:22.298,36.0850,100
36578123949469,10:09:38.123,36.1050,98
36578123949469,10:09:38.123,36.1200,100
36578123949469,10:09:38.123,36.1200,2
36578123975929,10:09:38.123,36.1200,98
36578123975929,10:09:38.123,36.1200,100
36578124108507,10:09:38.124,36.1200,100
36580021759498,10:09:40.021,36.1200,100
36580023304468,10:09:40.023,36.1300,100
36580023676257,10:09:40.023,36.1300,59
36580023700233,10:09:40.023,36.1300,41
36580023700233,10:09:40.023,36.1300,100
36580023828416,10:09:40.023,36.1300,100
36580024050975,10:09:40.024,36.1300,100
36580053831265,10:09:40.053,36.1300,100
36582759041624,10:09:42.759,36.1200,100
36582759041624,10:09:42.759,36.1200,100
36582997795824,10:09:42.997,36.0800,68
36582997796475,10:09:42.997,36.0800,29
36582997826838,10:09:42.997,36.0800,3
36582997826838,10:09:42.997,36.0800,100
36595639656253,10:09:55.639,36.1300,100
36623476299395,10:10:23.476,36.0900,100
36692903496938,10:11:32.903,36.0500,100
36692903496938,10:11:32.903,36.0700,32
36692903496938,10:11:32.903,36.0700,85
36692903525674,10:11:32.903,36.0700,15
36692903525674,10:11:32.903,36.0700,100
36692903553210,10:11:32.903,36.0700,100
36692904121530,10:11:32.904,36.0700,100
36692904121530,10:11:32.904,36.0700,100
36692904226960,10:11:32.904,36.0600,100
36692904231980,10:11:32.904,36.0600,100
36692905175115,10:11:32.905,36.0400,100
36692905175115,10:11:32.905,36.0400,100
36692905209660,10:11:32.905,36.0400,100
36692908418942,10:11:32.908,36.0400,100
36692908443134,10:11:32.908,36.0400,100
36692908443134,10:11:32.908,36.0400,100
36693619384730,10:11:33.619,36.0450,100
36693619556642,10:11:33.619,36.0500,100
36693639592408,10:11:33.639,36.0550,100
36693639735589,10:11:33.639,36.0600,100
36702675951781,10:11:42.675,36.0500,100
36702675951781,10:11:42.675,36.0500,100
36702677578314,10:11:42.677,36.0600,100
36703160849061,10:11:43.160,36.0550,100
36704423484611,10:11:44.423,36.0550,100
36704723977787,10:11:44.723,36.0600,100
36704724448023,10:11:44.724,36.0700,100
36704725067117,10:11:44.725,36.0700,200
36704725067117,10:11:44.725,36.0700,100
36706694750000,10:11:46.694,36.0500,100
36754759618957,10:12:34.759,36.0300,100
36754759618957,10:12:34.759,36.0300,100
36754759618957,10:12:34.759,36.0300,100
36799692383858,10:13:19.692,36.0100,100
36799692383858,10:13:19.692,36.0100,32
36799716189536,10:13:19.716,36.0200,100
36799929059339,10:13:19.929,36.0200,100
36799929085498,10:13:19.929,36.0200,133
36799983424275,10:13:19.983,36.0300,100
36865329048118,10:14:25.329,36.0200,100
36923190645024,10:15:23.190,36.0200,100
36966694279292,10:16:06.694,36.0300,100
36966694279292,10:16:06.694,36.0300,100
36972020778980,10:16:12.020,36.0400,100
36972020778980,10:16:12.020,36.0400,100
36972021825800,10:16:12.021,36.0400,100
37039759904284,10:17:19.759,35.9800,100
37040120771846,10:17:20.120,36.0000,100
37044640554628,10:17:24.640,36.0100,32
37044640554628,10:17:24.640,36.0100,100
37044641564817,10:17:24.641,36.0200,100
37059759821869,10:17:39.759,36.0500,41
37069186456269,10:17:49.186,36.0300,43
37083295800631,10:18:03.295,36.0300,57
37083295800631,10:18:03.295,36.0300,100
37148176786204,10:19:08.176,36.0100,100
37148178135344,10:19:08.178,36.0200,43
37148178187712,10:19:08.178,36.0200,57
37148180932057,10:19:08.180,36.0300,100
37168025252938,10:19:28.025,36.0400,32
37168025252938,10:19:28.025,36.0400,68
37168025279495,10:19:28.025,36.0400,32
37168026635338,10:19:28.026,36.0400,100
37169155835370,10:19:29.155,36.0400,100
37169155873740,10:19:29.155,36.0400,69
37169155876664,10:19:29.155,36.0400,31
37194495205215,10:19:54.495,36.0400,100
37194495205215,10:19:54.495,36.0400,200
37205649606320,10:20:05.649,36.0400,100
37205649606320,10:20:05.649,36.0400,100
37220049713807,10:20:20.049,36.0400,100
37220049713807,10:20:20.049,36.0400,100
37229034611915,10:20:29.034,36.0400,100
37229034611915,10:20:29.034,36.0400,100
37230011404572,10:20:30.011,36.0400,100
37230011404572,10:20:30.011,36.0500,100
37230011431695,10:20:30.011,36.0500,68
37230011431695,10:20:30.011,36.0500,32
37230011825958,10:20:30.011,36.0600,100
37230012093770,10:20:30.012,36.0600,100
37230012448741,10:20:30.012,36.0500,100
37230012523033,10:20:30.012,36.0500,100
37230012523033,10:20:30.012,36.0500,100
37230012523033,10:20:30.012,36.0500,100
37230012523033,10:20:30.012,36.0500,142
37230013480907,10:20:30.013,36.0500,100
37230013480907,10:20:30.013,36.0500,100
37230013480907,10:20:30.013,36.0500,100
37230013480907,10:20:30.013,36.0500,44
37230067096290,10:20:30.067,36.0600,100
37252889667457,10:20:52.889,36.0850,100
37384759786964,10:23:04.759,36.0900,132
37384759843897,10:23:04.759,36.0900,68
37384759843897,10:23:04.759,36.1000,32
37384759845394,10:23:04.759,36.1000,100
37384759847193,10:23:04.759,36.1000,100
37384760440317,10:23:04.760,36.1000,100
37384762691112,10:23:04.762,36.0900,100
37384762691112,10:23:04.762,36.0900,100
37386827998938,10:23:06.827,36.0700,100
37386827998938,10:23:06.827,36.0700,100
37387128138010,10:23:07.128,36.0700,130
37387128138010,10:23:07.128,36.0700,10
37423793398122,10:23:43.793,36.0750,100
37423793426778,10:23:43.793,36.0800,10
37423793825307,10:23:43.793,36.0900,100
37423794240573,10:23:43.794,36.0900,15
37423794240573,10:23:43.794,36.0900,100
37423794240573,10:23:43.794,36.0900,30
37423794240573,10:23:43.794,36.0900,100
37424097254919,10:23:44.097,36.1000,182
37424097254919,10:23:44.097,36.1000,100
37424097254919,10:23:44.097,36.1000,198
37424097527014,10:23:44.097,36.1100,17
37424097626933,10:23:44.097,36.1100,69
37424098740286,10:23:44.098,36.1000,100
37424102246666,10:23:44.102,36.1000,100
37460689466589,10:24:20.689,36.0950,100
37460689506779,10:24:20.689,36.1000,32
37460689506779,10:24:20.689,36.1000,100
37460689952380,10:24:20.689,36.1000,100
37460689952380,10:24:20.689,36.1000,100
37460955067347,10:24:20.955,36.1100,14
37464908487141,10:24:24.908,36.1000,100
37467998987761,10:24:27.998,36.1000,100
37473435161429,10:24:33.435,36.1100,19
37473435161429,10:24:33.435,36.1100,100
37473435161429,10:24:33.435,36.1100,100
37473435861682,10:24:33.435,36.1100,100
37473435861682,10:24:33.435,36.1100,20
37473435861682,10:24:33.435,36.1200,80
37473435890895,10:24:33.435,36.1100,100
37473435890895,10:24:33.435,36.1200,20
37473435927863,10:24:33.435,36.1200,100
37473436427471,10:24:33.436,36.1200,100
37473436427471,10:24:33.436,36.1200,100
37473439075283,10:24:33.439,36.1100,100
37473439075283,10:24:33.439,36.1100,100
37473439187894,10:24:33.439,36.1100,31
37473439211279,10:24:33.439,36.1100,69
37473439211279,10:24:33.439,36.1100,100
37473439347600,10:24:33.439,36.1100,120
37473439347600,10:24:33.439,36.1100,100
37473439347600,10:24:33.439,36.1100,100
37473761845203,10:24:33.761,36.1100,100
37473944556413,10:24:33.944,36.1100,77
37474765387815,10:24:34.765,36.1100,100
37474765482990,10:24:34.765,36.1100,100
37476814876128,10:24:36.814,36.1200,100
37476864433517,10:24:36.864,36.1200,100
37476864433517,10:24:36.864,36.1300,100
37476864489380,10:24:36.864,36.1300,100
37476864987729,10:24:36.864,36.1300,200
37476864987729,10:24:36.864,36.1300,100
37488175889894,10:24:48.175,36.1000,100
37488433809892,10:24:48.433,36.0900,100
37509760888652,10:25:09.760,36.0800,100
37509760978351,10:25:09.760,36.0900,220
37509760978351,10:25:09.760,36.0900,100
37509761020449,10:25:09.761,36.1000,100
37509761750808,10:25:09.761,36.1000,100
37509761750808,10:25:09.761,36.1000,100
37509761750808,10:25:09.761,36.1000,15
37509835198839,10:25:09.835,36.1100,15
37509835561077,10:25:09.835,36.1100,100
37509835561077,10:25:09.835,36.1100,100
37511647363426,10:25:11.647,36.1100,100
37511647363426,10:25:11.647,36.1100,100
37511647363426,10:25:11.647,36.1100,100
37511744691598,10:25:11.744,36.1200,100
37511744691598,10:25:11.744,36.1200,100
37511744755154,10:25:11.744,36.1200,100
37511744808821,10:25:11.744,36.1200,100
37511745064085,10:25:11.745,36.1300,100
37511745122549,10:25:11.745,36.1300,100
37511904154846,10:25:11.904,36.1300,100
37511904154846,10:25:11.904,36.1300,15
37511904154846,10:25:11.904,36.1300,100
37524244211428,10:25:24.244,36.1300,100
37524244272425,10:25:24.244,36.1300,28
37524244776114,10:25:24.244,36.1300,100
37524245777330,10:25:24.245,36.1400,100
37524246274000,10:25:24.246,36.1400,100
37524246274000,10:25:24.246,36.1400,100
37524246274000,10:25:24.246,36.1400,100
37524246274000,10:25:24.246,36.1400,100
37524250580602,10:25:24.250,36.1400,100
37524250580602,10:25:24.250,36.1400,128
37524250580602,10:25:24.250,36.1400,100
37524250580602,10:25:24.250,36.1400,100
37524250636075,10:25:24.250,36.1400,100
37524251125913,10:25:24.251,36.1400,100
37524251125913,10:25:24.251,36.1400,100
37524551289565,10:25:24.551,36.1400,100
37524551289565,10:25:24.551,36.1400,28
37524551289565,10:25:24.551,36.1400,100
37524552049683,10:25:24.552,36.1400,100
37524552049683,10:25:24.552,36.1400,100
37526642046404,10:25:26.642,36.1500,100
37526642046404,10:25:26.642,36.1500,100
37527121993508,10:25:27.121,36.1500,100
37527121993508,10:25:27.121,36.1500,28
37527122658178,10:25:27.122,36.1600,100
37527202205534,10:25:27.202,36.1600,100
37543628750287,10:25:43.628,36.2200,100
37544171415562,10:25:44.171,36.2300,100
37544171415562,10:25:44.171,36.2300,16
37544171415562,10:25:44.171,36.2300,100
37544476384909,10:25:44.476,36.2100,100
37544935135336,10:25:44.935,36.1900,100
37550914798329,10:25:50.914,36.1900,100
37550914798329,10:25:50.914,36.1900,31
37550914877137,10:25:50.914,36.1900,69
37550914877137,10:25:50.914,36.1900,200
37565474544294,10:26:05.474,36.2300,12
37565474572947,10:26:05.474,36.2300,20
37614792267917,10:26:54.792,36.2900,200
37615695387984,10:26:55.695,36.2900,69
37615695391753,10:26:55.695,36.2900,31
37622033390132,10:27:02.033,36.2700,100
37622033390132,10:27:02.033,36.2700,25
37622033399512,10:27:02.033,36.2700,75
37622033399512,10:27:02.033,36.2700,100
37622033819766,10:27:02.033,36.2600,63
37622034360002,10:27:02.034,36.2600,100
37630115984446,10:27:10.115,36.2400,100
37711001518500,10:28:31.001,36.2300,100
37717918221782,10:28:37.918,36.2500,100
37717918221782,10:28:37.918,36.2500,100
37717918654277,10:28:37.918,36.2500,100
37717921307151,10:28:37.921,36.2500,100
37718214488521,10:28:38.214,36.2500,100
37762258806134,10:29:22.258,36.2200,6
37784759717335,10:29:44.759,36.2000,100
37810040384336,10:30:10.040,36.1900,32
37810040384336,10:30:10.040,36.1900,48
37810040453665,10:30:10.040,36.1900,48
37810317943433,10:30:10.317,36.1900,100
37810503385951,10:30:10.503,36.1900,100
37842080477391,10:30:42.080,36.1950,100
37911278708635,10:31:51.278,36.1700,96
37911279887404,10:31:51.279,36.1600,100
37911279922150,10:31:51.279,36.1600,35
37911279974028,10:31:51.279,36.1600,65
37917815414723,10:31:57.815,36.1600,100
37932206849913,10:32:12.206,36.1500,424
37932206949224,10:32:12.206,36.1500,424
37932207105820,10:32:12.207,36.1600,424
37944037195957,10:32:24.037,36.1500,25
37944037210668,10:32:24.037,36.1500,75
37944037210668,10:32:24.037,36.1500,25
37944037227491,10:32:24.037,36.1500,3
37946049148254,10:32:26.049,36.1550,180
37971636656666,10:32:51.636,36.1500,222
37992203921048,10:33:12.203,36.1700,100
37992203921048,10:33:12.203,36.1700,32
37992205425470,10:33:12.205,36.1700,100
37992374898586,10:33:12.374,36.1500,100
37992374898586,10:33:12.374,36.1500,100
37992374928667,10:33:12.374,36.1500,100
37992379109080,10:33:12.379,36.1400,100
38006702688119,10:33:26.702,36.1200,100
38006702688119,10:33:26.702,36.1200,15
38006702698708,10:33:26.702,36.1200,66
38006702893031,10:33:26.702,36.1200,19
38008066824431,10:33:28.066,36.1000,100
38008066824431,10:33:28.066,36.1000,20
38008330520733,10:33:28.330,36.1000,100
38008330520733,10:33:28.330,36.1000,100
38008330520733,10:33:28.330,36.1000,100
38008330520733,10:33:28.330,36.1000,100
38008330520733,10:33:28.330,36.1000,100
38008360916271,10:33:28.360,36.1000,100
38046521430995,10:34:06.521,36.1200,32
38062513840028,10:34:22.513,36.1500,100
38062513854598,10:34:22.513,36.1500,100
38110203123149,10:35:10.203,36.1600,100
38110203123149,10:35:10.203,36.1600,100
38110203123149,10:35:10.203,36.1600,100
38110203215296,10:35:10.203,36.1600,100
38110203215296,10:35:10.203,36.1600,21
38110204809476,10:35:10.204,36.1550,100
38113802901279,10:35:13.802,36.1600,100
38114016292674,10:35:14.016,36.1650,100
38161265763272,10:36:01.265,36.1650,100
38161265789230,10:36:01.265,36.1650,100
38161265868891,10:36:01.265,36.1650,100
38161265882768,10:36:01.265,36.1650,100
38161265967477,10:36:01.265,36.1650,100
38161266270251,10:36:01.266,36.1650,100
38161268832772,10:36:01.268,36.1600,100
38163575095170,10:36:03.575,36.1500,100
38227991486597,10:37:07.991,36.1500,100
38227991887636,10:37:07.991,36.1500,100
38238145932066,10:37:18.145,36.1400,100
38238145932066,10:37:18.145,36.1400,30
38238145940957,10:37:18.145,36.1400,70
38238145940957,10:37:18.145,36.1400,61
38238145984487,10:37:18.145,36.1400,39
38238145984487,10:37:18.145,36.1400,100
38265838584267,10:37:45.838,36.1400,30
38265838794314,10:37:45.838,36.1400,70
38289281837932,10:38:09.281,36.1500,32
38289281837932,10:38:09.281,36.1500,100
38289281884150,10:38:09.281,36.1500,132
38289282131373,10:38:09.282,36.1500,100
38289282131373,10:38:09.282,36.1500,100
38289312611262,10:38:09.312,36.1500,100
38290149699274,10:38:10.149,36.1500,100
38298334415324,10:38:18.334,36.1600,85
38298334425744,10:38:18.334,36.1600,15
38298334431312,10:38:18.334,36.1600,15
38298334453602,10:38:18.334,36.1600,15
38298334464907,10:38:18.334,36.1600,15
38298334513469,10:38:18.334,36.1600,15
38298334536139,10:38:18.334,36.1600,15
38298334994196,10:38:18.334,36.1600,60
38298338733095,10:38:18.338,36.1550,300
38298578123164,10:38:18.578,36.1500,68
38298578123164,10:38:18.578,36.1600,100
38298578123164,10:38:18.578,36.1600,76
38298578123164,10:38:18.578,36.1600,100
38298578123164,10:38:18.578,36.1600,32
38298578222983,10:38:18.578,36.1600,68
38301583561983,10:38:21.583,36.1500,100
38301583561983,10:38:21.583,36.1500,200
38301583622941,10:38:21.583,36.1500,200
38309066905964,10:38:29.066,36.1500,100
38309066905964,10:38:29.066,36.1500,200
38348221160890,10:39:08.221,36.1500,400
38348221203011,10:39:08.221,36.1500,400
38348222429846,10:39:08.222,36.1600,100
38348416560238,10:39:08.416,36.1600,100
38349582095796,10:39:09.582,36.1500,100
38349582367299,10:39:09.582,36.1500,100
38354476317589,10:39:14.476,36.1400,100
38354476317589,10:39:14.476,36.1400,100
38410412987919,10:40:10.412,36.1600,32
38410413402985,10:40:10.413,36.1500,100
38410426405882,10:40:10.426,36.1600,200
38410426419626,10:40:10.426,36.1600,6
38410426419626,10:40:10.426,36.1600,100
38410426419626,10:40:10.426,36.1600,100
38410426454920,10:40:10.426,36.1600,100
38424061009701,10:40:24.061,36.1500,100
38466539017807,10:41:06.539,36.1200,100
38466539586713,10:41:06.539,36.1200,100
38484242528379,10:41:24.242,36.1500,100
38484537890190,10:41:24.537,36.1500,100
38527662904414,10:42:07.662,36.1400,100
38527662904414,10:42:07.662,36.1400,200
38527705002848,10:42:07.705,36.1400,100
38527705002848,10:42:07.705,36.1400,100
38527705002848,10:42:07.705,36.1400,100
38527705508536,10:42:07.705,36.1500,32
38527705508536,10:42:07.705,36.1500,100
38527705508536,10:42:07.705,36.1500,14
38527705589883,10:42:07.705,36.1500,86
38527705765925,10:42:07.705,36.1500,186
38527805892970,10:42:07.805,36.1600,200
38527805947150,10:42:07.805,36.1500,114
38527810702552,10:42:07.810,36.1600,100
38539380764885,10:42:19.380,36.1500,100
38539380764885,10:42:19.380,36.1500,53
38539380764885,10:42:19.380,36.1500,47
38563252574436,10:42:43.252,36.1300,100
38563252574436,10:42:43.252,36.1300,100
38605862482888,10:43:25.862,36.1900,100
38605893535281,10:43:25.893,36.2000,500
38605893712489,10:43:25.893,36.2000,100
38606153703453,10:43:26.153,36.1900,100
38606930097637,10:43:26.930,36.1700,100
38607134581683,10:43:27.134,36.1800,100
38612563700538,10:43:32.563,36.1800,100
38652264983260,10:44:12.264,36.2000,32
38652267414468,10:44:12.267,36.2200,100
38659107007347,10:44:19.107,36.2400,100
38659107007347,10:44:19.107,36.2400,100
38660109978530,10:44:20.109,36.2400,100
38674183926791,10:44:34.183,36.2300,19
38674183940296,10:44:34.183,36.2300,15
38674183960672,10:44:34.183,36.2300,66
38701072975483,10:45:01.072,36.2300,100
38722903965155,10:45:22.903,36.2300,39
38732579989634,10:45:32.579,36.2100,100
38760345308415,10:46:00.345,36.2100,100
38778881466760,10:46:18.881,36.2200,32
38778882441346,10:46:18.882,36.2200,192
38780637703406,10:46:20.637,36.2200,100
38884828506796,10:48:04.828,36.2300,32
38884830357899,10:48:04.830,36.2500,100
38884830357899,10:48:04.830,36.2500,100
38884830415902,10:48:04.830,36.2500,100
38884833546680,10:48:04.833,36.2500,100
38888448155290,10:48:08.448,36.2500,100
38888448155290,10:48:08.448,36.2500,100
38888448176345,10:48:08.448,36.2500,200
38888448554739,10:48:08.448,36.2500,200
38888449211477,10:48:08.449,36.2500,66
38888449215727,10:48:08.449,36.2500,34
38888449447472,10:48:08.449,36.2500,195
38888449447472,10:48:08.449,36.2500,100
38888449447472,10:48:08.449,36.2500,100
38888449447472,10:48:08.449,36.2500,105
38888450961837,10:48:08.450,36.2500,31
38888451342217,10:48:08.451,36.2500,69
38888451744349,10:48:08.451,36.2500,100
38888451816003,10:48:08.451,36.2500,100
38888455149740,10:48:08.455,36.2500,100
38888827093773,10:48:08.827,36.2500,100
38891105035141,10:48:11.105,36.2500,100
38894016290539,10:48:14.016,36.2550,100
38894020436452,10:48:14.020,36.2500,200
38894473976592,10:48:14.473,36.2500,100
38909818372403,10:48:29.818,36.2600,100
38909818522896,10:48:29.818,36.2600,100
38909818798057,10:48:29.818,36.2600,100
38909820637695,10:48:29.820,36.2600,100
38909820827454,10:48:29.820,36.2600,100
38929772021506,10:48:49.772,36.2650,100
38954022770320,10:49:14.022,36.2650,100
38955418394652,10:49:15.418,36.2650,100
38963009186384,10:49:23.009,36.2650,100
38963009357559,10:49:23.009,36.2700,100
38963009374597,10:49:23.009,36.2700,100
38963009385891,10:49:23.009,36.2700,100
38963009397431,10:49:23.009,36.2700,100
38963009397431,10:49:23.009,36.2700,100
38963009410488,10:49:23.009,36.2700,100
38963009419210,10:49:23.009,36.2700,200
38963009772208,10:49:23.009,36.2700,100
38963009772208,10:49:23.009,36.2700,100
38963011167063,10:49:23.011,36.2700,100
38963011167063,10:49:23.011,36.2700,100
38963011177152,10:49:23.011,36.2700,100
38963011244736,10:49:23.011,36.2600,100
38963011244736,10:49:23.011,36.2600,100
38963011257660,10:49:23.011,36.2600,100
38963011257660,10:49:23.011,36.2600,100
38963015851262,10:49:23.015,36.2600,100
38969619894743,10:49:29.619,36.2500,45
38969619906827,10:49:29.619,36.2500,55
38969619906827,10:49:29.619,36.2500,100
38969858797993,10:49:29.858,36.2200,100
38993404048831,10:49:53.404,36.2100,100
39001576857511,10:50:01.576,36.1900,100
39032629899849,10:50:32.629,36.1700,20
39037954732991,10:50:37.954,36.1700,100
39038279522085,10:50:38.279,36.1800,300
39039377923741,10:50:39.377,36.1900,32
39089789707070,10:51:29.789,36.2200,100
39089789707070,10:51:29.789,36.2200,100
39100102626206,10:51:40.102,36.2100,17
39100102626206,10:51:40.102,36.2100,100
39124728314450,10:52:04.728,36.2100,100
39189119244280,10:53:09.119,36.2000,100
39189119388544,10:53:09.119,36.2000,100
39189119502147,10:53:09.119,36.2000,100
39189119508586,10:53:09.119,36.2100,100
39189119594403,10:53:09.119,36.2000,100
39189120322140,10:53:09.120,36.2000,100
39189220787244,10:53:09.220,36.2000,100
39189221559690,10:53:09.221,36.2000,100
39189833556641,10:53:09.833,36.1900,100
39190066160799,10:53:10.066,36.1800,100
39190134017341,10:53:10.134,36.1800,100
39190164515910,10:53:10.164,36.1800,100
39190164544939,10:53:10.164,36.1800,100
39190201651528,10:53:10.201,36.1900,100
39212839981303,10:53:32.839,36.2000,32
39212840567873,10:53:32.840,36.2000,100
39212840567873,10:53:32.840,36.2000,100
39218129207079,10:53:38.129,36.1900,100
39249961528707,10:54:09.961,36.2000,100
39249961528707,10:54:09.961,36.2000,32
39250109515977,10:54:10.109,36.1900,100
39250110008210,10:54:10.110,36.1900,100
39250399899666,10:54:10.399,36.1800,100
39250400969007,10:54:10.400,36.1700,100
39250400969007,10:54:10.400,36.1700,100
39250430496052,10:54:10.430,36.1700,200
39250430496052,10:54:10.430,36.1700,100
39250431011389,10:54:10.431,36.1800,100
39250431011389,10:54:10.431,36.1800,100
39250431011389,10:54:10.431,36.1700,100
39250431011389,10:54:10.431,36.1700,100
39250431011389,10:54:10.431,36.1700,100
39258570504726,10:54:18.570,36.1900,100
39259570792700,10:54:19.570,36.2200,100
39284717266599,10:54:44.717,36.2200,100
39302243191182,10:55:02.243,36.2400,100
39337195087246,10:55:37.195,36.2500,300
39370393354618,10:56:10.393,36.2500,61
39370393354618,10:56:10.393,36.2400,39
39370393387574,10:56:10.393,36.2400,61
39385214360790,10:56:25.214,36.2700,32
39390947130564,10:56:30.947,36.2400,100
39390947821580,10:56:30.947,36.2400,97
39390947991223,10:56:30.947,36.2400,3
39391510701698,10:56:31.510,36.2400,100
39391510701698,10:56:31.510,36.2400,100
39432656274516,10:57:12.656,36.2100,10
39434109549523,10:57:14.109,36.2000,10
39434160185755,10:57:14.160,36.2200,100
39444061425758,10:57:24.061,36.2300,100
39484363350360,10:58:04.363,36.2400,184
39484363350360,10:58:04.363,36.2400,16
39484363387441,10:58:04.363,36.2400,16
39571116367344,10:59:31.116,36.2200,100
39575534946317,10:59:35.534,36.1900,20
39589940022483,10:59:49.940,36.2000,182
39589941430574,10:59:49.941,36.2100,100
39590044782540,10:59:50.044,36.2100,100
39590044782540,10:59:50.044,36.2100,100
39607061795002,11:00:07.061,36.2200,100
39607061795002,11:00:07.061,36.2200,100
39607061834255,11:00:07.061,36.2200,32
39608188980112,11:00:08.188,36.2000,100
39608189863180,11:00:08.189,36.2000,100
39610087259667,11:00:10.087,36.1800,10
39612295765943,11:00:12.295,36.1900,100
39632318119076,11:00:32.318,36.1700,100
39632318119076,11:00:32.318,36.1700,10
39632318119076,11:00:32.318,36.1700,90
39633091206002,11:00:33.091,36.1700,10
39648297571262,11:00:48.297,36.1800,25
39662954019527,11:01:02.954,36.1800,100
39664620763329,11:01:04.620,36.2100,100
39687761933784,11:01:27.761,36.2250,100
39693685892462,11:01:33.685,36.2000,100
39693685892462,11:01:33.685,36.2000,100
39693686322532,11:01:33.686,36.2000,100
39710806833142,11:01:50.806,36.2400,6
39710806853966,11:01:50.806,36.2200,100
39710806913250,11:01:50.806,36.2200,100
39710807027108,11:01:50.807,36.2400,94
39710808542748,11:01:50.808,36.2400,100
39710812325092,11:01:50.812,36.2350,100
39728067323673,11:02:08.067,36.2500,38
39728067430992,11:02:08.067,36.2400,177
39728067486778,11:02:08.067,36.2400,177
39728067538218,11:02:08.067,36.2400,46
39728067538218,11:02:08.067,36.2500,45
39728067538218,11:02:08.067,36.2500,9
39728067934992,11:02:08.067,36.2500,91
39728067934992,11:02:08.067,36.2500,32
39728068296848,11:02:08.068,36.2500,100
39728096309450,11:02:08.096,36.2500,100
39739233134406,11:02:19.233,36.2400,19
39739233210592,11:02:19.233,36.2400,81
39739334408066,11:02:19.334,36.2400,100
39759048949027,11:02:39.048,36.2500,100
39759048976226,11:02:39.048,36.2500,2
39765224119544,11:02:45.224,36.2500,40
39765224571550,11:02:45.224,36.2500,58
39774896610728,11:02:54.896,36.2500,200
39779827057602,11:02:59.827,36.2500,200
39779827057602,11:02:59.827,36.2500,100
39779835097123,11:02:59.835,36.2500,200
39779835097123,11:02:59.835,36.2500,100
39779835182298,11:02:59.835,36.2500,100
39780937353779,11:03:00.937,36.2500,100
39780940156875,11:03:00.940,36.2500,100
39780940156875,11:03:00.940,36.2500,100
39780940156875,11:03:00.940,36.2500,100
39781466700871,11:03:01.466,36.2400,100
39781466700871,11:03:01.466,36.2400,100
39781466700871,11:03:01.466,36.2400,100
39781466700871,11:03:01.466,36.2400,100
39781466700871,11:03:01.466,36.2400,100
39781477609932,11:03:01.477,36.2400,64
39782822674612,11:03:02.822,36.2400,36
39790832796897,11:03:10.832,36.2300,100
39796791531176,11:03:16.791,36.2250,100
39880711005216,11:04:40.711,36.2400,100
39880711005216,11:04:40.711,36.2400,32
39880711005216,11:04:40.711,36.2400,42
39880711074895,11:04:40.711,36.2400,74
39885593760361,11:04:45.593,36.2500,185
39885596440164,11:04:45.596,36.2500,100
39885596440164,11:04:45.596,36.2500,100
39893309448990,11:04:53.309,36.2500,100
39911721263112,11:05:11.721,36.2400,100
39968712986100,11:06:08.712,36.2200,100
39987887329564,11:06:27.887,36.2300,32
39987887329564,11:06:27.887,36.2300,100
40030056344194,11:07:10.056,36.2200,100
40030056344194,11:07:10.056,36.2200,100
40031717366548,11:07:11.717,36.2300,100
40038332456591,11:07:18.332,36.2200,100
40050434524833,11:07:30.434,36.2100,100
40050434787846,11:07:30.434,36.2000,22
40050434795553,11:07:30.434,36.2000,78
40050434795553,11:07:30.434,36.2000,81
40050434796397,11:07:30.434,36.2000,19
40050434796397,11:07:30.434,36.2000,100
40050434796397,11:07:30.434,36.2000,4
40050434797475,11:07:30.434,36.2000,62
40100967049711,11:08:20.967,36.1800,10
40100967049711,11:08:20.967,36.1800,100
40100969092619,11:08:20.969,36.1700,1
40101209457459,11:08:21.209,36.1700,100
40101209457459,11:08:21.209,36.1700,100
40101239558628,11:08:21.239,36.1800,100
40101243804742,11:08:21.243,36.1900,100
40101243804742,11:08:21.243,36.1900,100
40101274807179,11:08:21.274,36.1800,100
40101274807179,11:08:21.274,36.1800,100
40120273190568,11:08:40.273,36.1900,100
40120273190568,11:08:40.273,36.1900,32
40123395684631,11:08:43.395,36.2000,100
40123395684631,11:08:43.395,36.2000,100
40123395684631,11:08:43.395,36.2000,300
40127465866754,11:08:47.465,36.2050,1000
40129963406110,11:08:49.963,36.2050,900
40129963406110,11:08:49.963,36.2200,100
40134921331161,11:08:54.921,36.2100,50
40134921335011,11:08:54.921,36.2100,50
40134921870032,11:08:54.921,36.2000,100
40134922969933,11:08:54.922,36.2000,100
40142804230157,11:09:02.804,36.2000,100
40276221366441,11:11:16.221,36.1900,100
40287490872313,11:11:27.490,36.1700,100
40309741780200,11:11:49.741,36.1700,100
40309744710272,11:11:49.744,36.1800,100
40309744710272,11:11:49.744,36.1800,180
40317093237855,11:11:57.093,36.2000,32
40447934661747,11:14:07.934,36.2300,100
40538178145358,11:15:38.178,36.2100,100
40538178177363,11:15:38.178,36.2100,100
40538178454854,11:15:38.178,36.2000,38
40538178463164,11:15:38.178,36.2000,47
40538178668547,11:15:38.178,36.2000,15
40538178668547,11:15:38.178,36.2000,47
40538178917228,11:15:38.178,36.2000,53
40538726230142,11:15:38.726,36.2000,100
40561497945745,11:16:01.497,36.1900,12
40561497971378,11:16:01.497,36.1900,88
40571501699716,11:16:11.501,36.2000,43
40571501699716,11:16:11.501,36.2000,32
40571501699716,11:16:11.501,36.2000,100
40590265252742,11:16:30.265,36.2200,100
40661332963025,11:17:41.332,36.2000,24
40661332988399,11:17:41.332,36.2000,76
40671337029116,11:17:51.337,36.2000,100
40677802194377,11:17:57.802,36.2000,100
40677803918760,11:17:57.803,36.2000,100
40677804496057,11:17:57.804,36.2050,100
40677804541395,11:17:57.804,36.2100,100
40678001721385,11:17:58.001,36.2100,100
40678001721385,11:17:58.001,36.2000,100
40730536741912,11:18:50.536,36.1800,100
40730536741912,11:18:50.536,36.1800,24
40730536747200,11:18:50.536,36.1800,61
40730536768562,11:18:50.536,36.1800,15
40757660566204,11:19:17.660,36.1700,100
40757664403892,11:19:17.664,36.1600,100
40757664403892,11:19:17.664,36.1600,100
40757664403892,11:19:17.664,36.1600,100
40757664403892,11:19:17.664,36.1600,100
40757664403892,11:19:17.664,36.1600,100
40757664920013,11:19:17.664,36.1600,85
40757664922907,11:19:17.664,36.1600,15
40757664922907,11:19:17.664,36.1600,100
40757664922907,11:19:17.664,36.1600,100
40788422330257,11:19:48.422,36.1400,100
40799373532319,11:19:59.373,36.1400,100
40799377066497,11:19:59.377,36.1400,100
40799377066497,11:19:59.377,36.1400,100
40799377066497,11:19:59.377,36.1400,100
40800316494547,11:20:00.316,36.1400,100
40800316494547,11:20:00.316,36.1400,32
40800444081286,11:20:00.444,36.1400,100
40810257545106,11:20:10.257,36.1500,100
40810257545106,11:20:10.257,36.1500,32
40810257627624,11:20:10.257,36.1400,100
40810257627624,11:20:10.257,36.1400,10
40810257654564,11:20:10.257,36.1400,100
40810258189140,11:20:10.258,36.1400,24
40810258713762,11:20:10.258,36.1300,10
40810258713762,11:20:10.258,36.1300,100
40810278799402,11:20:10.278,36.1200,10
40810278799402,11:20:10.278,36.1200,100
40810279097953,11:20:10.279,36.1200,100
40810279097953,11:20:10.279,36.1200,100
40810279097953,11:20:10.279,36.1200,100
40810402611246,11:20:10.402,36.1100,10
40822083987215,11:20:22.083,36.1100,100
40822083987215,11:20:22.083,36.1100,100
40822140063528,11:20:22.140,36.1100,100
40822140063528,11:20:22.140,36.1100,100
40823484154920,11:20:23.484,36.1000,10
40823484154920,11:20:23.484,36.1000,100
40823484154920,11:20:23.484,36.1000,100
40823484154920,11:20:23.484,36.1000,100
40823484220381,11:20:23.484,36.0900,10
40823484220381,11:20:23.484,36.0900,30
40823484223969,11:20:23.484,36.0900,61
40823484460843,11:20:23.484,36.0900,9
40823484460843,11:20:23.484,36.0900,46
40823484470431,11:20:23.484,36.0900,54
40823484470431,11:20:23.484,36.0900,46
40823484486389,11:20:23.484,36.0900,54
40823484486389,11:20:23.484,36.0900,46
40823484493046,11:20:23.484,36.0900,54
40823987223597,11:20:23.987,36.0800,2
40835135273226,11:20:35.135,36.0700,10
40836415856768,11:20:36.415,36.0700,100
40867685938987,11:21:07.685,36.0700,100
40867704103293,11:21:07.704,36.0500,20
40880044432686,11:21:20.044,36.0600,100
40958182290523,11:22:38.182,36.0400,100
40958182290523,11:22:38.182,36.0400,100
40958183094345,11:22:38.183,36.0300,10
41108974463357,11:25:08.974,36.0500,100
41108974510423,11:25:08.974,36.0500,91
41108974536101,11:25:08.974,36.0500,9
41108974536101,11:25:08.974,36.0500,100
41108974536101,11:25:08.974,36.0500,100
41110496778086,11:25:10.496,36.0300,100
41110497410251,11:25:10.497,36.0200,100
41111681850827,11:25:11.681,36.0400,33
41111982060190,11:25:11.982,36.0400,73
41111982136759,11:25:11.982,36.0400,53
41112012542027,11:25:12.012,36.0350,153
41112282671271,11:25:12.282,36.0300,53
41112282671271,11:25:12.282,36.0300,47
41112282731074,11:25:12.282,36.0300,53
41112282794855,11:25:12.282,36.0400,100
41122361749804,11:25:22.361,36.0500,100
41122361749804,11:25:22.361,36.0500,100
41122362550097,11:25:22.362,36.0500,100
41122362574528,11:25:22.362,36.0500,100
41122662751866,11:25:22.662,36.0600,100
41122662751866,11:25:22.662,36.0600,100
41123993189695,11:25:23.993,36.0600,92
41123993189695,11:25:23.993,36.0700,100
41126557621564,11:25:26.557,36.0600,100
41126558101296,11:25:26.558,36.0500,100
41126562689466,11:25:26.562,36.0500,100
41126562689466,11:25:26.562,36.0500,100
41126565844909,11:25:26.565,36.0400,100
41144474392894,11:25:44.474,36.0500,100
41144474972926,11:25:44.474,36.0500,100
41145208399285,11:25:45.208,36.0500,100
41145208399285,11:25:45.208,36.0500,100
41146186593542,11:25:46.186,36.0500,100
41147114358724,11:25:47.114,36.0400,100
41169754452464,11:26:09.754,36.0300,100
41169754452464,11:26:09.754,36.0300,100
41183671854092,11:26:23.671,36.0500,100
41188535789175,11:26:28.535,36.0400,100
41207121872628,11:26:47.121,36.0300,100
41207121872628,11:26:47.121,36.0300,100
41207121872628,11:26:47.121,36.0300,100
41217887270366,11:26:57.887,36.0300,100
41217990850161,11:26:57.990,36.0300,100
41220757925051,11:27:00.757,36.0300,33
41220863415143,11:27:00.863,36.0300,100
41232409714779,11:27:12.409,36.0400,100
41270186861786,11:27:50.186,36.0000,9
41270692643945,11:27:50.692,35.9900,1
41283063496969,11:28:03.063,35.9900,100
41283064519039,11:28:03.064,36.0000,100
41283064567535,11:28:03.064,36.0000,89
41286280752686,11:28:06.280,36.0000,100
41286280752686,11:28:06.280,36.0000,33
41379779598577,11:29:39.779,36.0100,100
41415252738607,11:30:15.252,35.9800,10
41415252738607,11:30:15.252,35.9800,90
41415252779689,11:30:15.252,35.9800,10
41415252779689,11:30:15.252,35.9800,100
41498173356443,11:31:38.173,35.9900,31
41498173356443,11:31:38.173,35.9900,100
41498173356443,11:31:38.173,35.9900,100
41498214596704,11:31:38.214,35.9900,52
41530764020424,11:32:10.764,35.9800,100
41530764044731,11:32:10.764,35.9800,83
41559024260171,11:32:39.024,35.9800,52
41559024305953,11:32:39.024,35.9900,16
41559025382759,11:32:39.025,35.9900,38
41559025475396,11:32:39.025,35.9900,46
41577279308263,11:32:57.279,36.0000,33
41577280294007,11:32:57.280,36.0000,23
41577280294007,11:32:57.280,36.0000,77
41595524996939,11:33:15.524,36.0200,100
41605253162616,11:33:25.253,36.0300,100
41624737879638,11:33:44.737,36.0300,100
41624748024572,11:33:44.748,36.0200,100
41649910535906,11:34:09.910,36.0300,100
41654375218933,11:34:14.375,36.0300,33
41654375218933,11:34:14.375,36.0300,100
41681488189289,11:34:41.488,36.0400,100
41729178138864,11:35:29.178,36.0300,100
41760758459446,11:36:00.758,36.0400,100
41771898852152,11:36:11.898,36.0400,48
41790406549793,11:36:30.406,36.0300,100
41797356151982,11:36:37.356,36.0200,100
41862152731057,11:37:42.152,36.0100,100
41862152731057,11:37:42.152,36.0100,16
41862152737830,11:37:42.152,36.0100,59
41881573319789,11:38:01.573,36.0000,4
41882751038519,11:38:02.751,36.0000,96
41882751038519,11:38:02.751,36.0000,8
41884400693018,11:38:04.400,35.9900,100
41884402209419,11:38:04.402,35.9900,48
41886757561182,11:38:06.757,35.9900,48
41886757561182,11:38:06.757,35.9900,52
41893709280309,11:38:13.709,36.0000,100
41893709280309,11:38:13.709,36.0000,33
41893709280309,11:38:13.709,36.0000,100
41893709360335,11:38:13.709,36.0000,100
41893710032749,11:38:13.710,36.0100,100
41897038245247,11:38:17.038,36.0100,209
41897038245247,11:38:17.038,36.0100,100
41897038608416,11:38:17.038,36.0200,100
41897038608416,11:38:17.038,36.0200,100
41897038608416,11:38:17.038,36.0200,100
41897631628647,11:38:17.631,36.0300,100
41903330128499,11:38:23.330,36.0200,100
41912532605484,11:38:32.532,36.0100,100
41922723054306,11:38:42.723,36.0000,100
41935092082616,11:38:55.092,35.9800,100
41935092107214,11:38:55.092,35.9800,100
41937635796837,11:38:57.635,35.9800,100
41937636943130,11:38:57.636,35.9900,300
41945220390660,11:39:05.220,36.0300,100
41945220894357,11:39:05.220,36.0400,100
41952887595335,11:39:12.887,35.9900,100
41952887595335,11:39:12.887,35.9900,100
41952887595335,11:39:12.887,35.9800,100
41952887595335,11:39:12.887,35.9800,5
41952887595335,11:39:12.887,35.9500,1
41952887595335,11:39:12.887,35.9500,4
41952887595335,11:39:12.887,35.9500,200
41952887595335,11:39:12.887,35.9300,71
41952887595335,11:39:12.887,35.9200,100
41952887595335,11:39:12.887,35.9200,200
41952887595335,11:39:12.887,35.9200,100
41952887595335,11:39:12.887,35.9100,100
41952887595335,11:39:12.887,35.9100,200
41952887595335,11:39:12.887,35.9100,100
41952887595335,11:39:12.887,35.9000,100
41952887595335,11:39:12.887,35.8900,10
41952887595335,11:39:12.887,35.8900,200
41952887595335,11:39:12.887,35.8900,100
41952887595335,11:39:12.887,35.8900,100
41952887595335,11:39:12.887,35.8800,100
41952887595335,11:39:12.887,35.8800,100
41952887595335,11:39:12.887,35.8700,200
41952888663058,11:39:12.888,35.9100,100
41952889764625,11:39:12.889,35.9200,100
41952894229448,11:39:12.894,35.9400,100
41952894661404,11:39:12.894,35.9400,100
41952899258861,11:39:12.899,35.9400,10
41952906614003,11:39:12.906,35.9400,90
41952923494803,11:39:12.923,35.9300,100
41952923494803,11:39:12.923,35.9300,100
41954702788519,11:39:14.702,35.9600,100
42004487324374,11:40:04.487,35.9850,33
42004487644515,11:40:04.487,35.9850,33
42004487712424,11:40:04.487,35.9850,3
42004488397908,11:40:04.488,35.9800,100
42004488397908,11:40:04.488,35.9800,100
42007492937907,11:40:07.492,35.9700,100
42028281758849,11:40:28.281,36.0000,100
42044251713943,11:40:44.251,36.0000,100
42054129574563,11:40:54.129,35.9900,100
42054233475437,11:40:54.233,35.9800,100
42054294212456,11:40:54.294,35.9800,16
42055282556288,11:40:55.282,35.9800,15
42066994269723,11:41:06.994,36.0000,100
42072626464024,11:41:12.626,36.0100,33
42072626464024,11:41:12.626,36.0100,167
42072626488890,11:41:12.626,36.0100,17
42084137906132,11:41:24.137,36.0200,100
42084137906132,11:41:24.137,36.0200,100
42094777023981,11:41:34.777,36.0100,100
42094777023981,11:41:34.777,36.0100,100
42094777023981,11:41:34.777,36.0100,100
42102096227172,11:41:42.096,35.9900,100
42111333493852,11:41:51.333,35.9900,100
42111333493852,11:41:51.333,35.9900,100
42111333493852,11:41:51.333,35.9900,100
42131251700074,11:42:11.251,36.0000,33
42132341590858,11:42:12.341,36.0000,100
42133008724457,11:42:13.008,36.0000,100
42164680756572,11:42:44.680,35.9900,100
42164680756572,11:42:44.680,35.9900,9
42164680771348,11:42:44.680,35.9900,91
42167860779341,11:42:47.860,36.0000,100
42175137811701,11:42:55.137,36.0000,100
42178262516236,11:42:58.262,35.9900,100
42178262516236,11:42:58.262,35.9900,100
42178262516236,11:42:58.262,35.9900,100
42178262516236,11:42:58.262,35.9900,100
42178262720642,11:42:58.262,35.9900,100
42178262720642,11:42:58.262,35.9900,100
42178874164295,11:42:58.874,35.9900,100
42200992985915,11:43:20.992,36.0000,100
42201183824011,11:43:21.183,36.0000,100
42201183824011,11:43:21.183,36.0000,100
42201875083807,11:43:21.875,36.0000,100
42201877321357,11:43:21.877,36.0000,100
42201877321357,11:43:21.877,36.0000,100
42208021940016,11:43:28.021,35.9900,100
42208021940016,11:43:28.021,35.9900,100
42208025659750,11:43:28.025,35.9800,100
42208025659750,11:43:28.025,35.9800,100
42208522914673,11:43:28.522,35.9700,200
42208522940597,11:43:28.522,35.9700,400
42208522940597,11:43:28.522,35.9700,100
42208539259604,11:43:28.539,35.9600,100
42210178364666,11:43:30.178,35.9500,46
42210178378231,11:43:30.178,35.9500,44
42210178381250,11:43:30.178,35.9500,10
42210178381250,11:43:30.178,35.9500,100
42210198795514,11:43:30.198,35.9400,10
42211750961881,11:43:31.750,35.9400,100
42211750961881,11:43:31.750,35.9400,100
42211751023641,11:43:31.751,35.9400,100
42212051811893,11:43:32.051,35.9500,100
42212052947120,11:43:32.052,35.9600,100
42212053587667,11:43:32.053,35.9600,100
42212053587667,11:43:32.053,35.9600,100
42216012380308,11:43:36.012,35.9600,3
42217515185043,11:43:37.515,35.9600,97
42217515185043,11:43:37.515,35.9600,100
42217515185043,11:43:37.515,35.9600,100
42217869332900,11:43:37.869,35.9600,300
42217869332900,11:43:37.869,35.9600,100
42217870001136,11:43:37.870,35.9700,100
42218115598375,11:43:38.115,35.9900,100
42218205530764,11:43:38.205,35.9900,100
42218205530764,11:43:38.205,35.9900,100
42219516799940,11:43:39.516,35.9800,100
42219551213390,11:43:39.551,35.9800,100
42219551213390,11:43:39.551,35.9800,100
42219706062052,11:43:39.706,35.9800,100
42219706087217,11:43:39.706,35.9800,100
42219733580521,11:43:39.733,35.9900,200
42220438851869,11:43:40.438,35.9900,100
42220464791611,11:43:40.464,36.0000,100
42275257966236,11:44:35.257,36.0400,33
42275257966236,11:44:35.257,36.0400,67
42275258305234,11:44:35.258,36.0400,33
42324028594449,11:45:24.028,36.0400,30
42357351076991,11:45:57.351,36.0300,100
42357351202499,11:45:57.351,36.0300,7
42363205443601,11:46:03.205,36.0300,70
42378504482955,11:46:18.504,36.0400,100
42378504482955,11:46:18.504,36.0400,1
42378504482955,11:46:18.504,36.0400,33
42409504032914,11:46:49.504,36.0300,100
42422487222593,11:47:02.487,36.0400,70
42422487236736,11:47:02.487,36.0400,3
42422487340885,11:47:02.487,36.0500,100
42422487340885,11:47:02.487,36.0500,100
42422487340885,11:47:02.487,36.0500,100
42422487726267,11:47:02.487,36.0500,100
42481828702856,11:48:01.828,36.0500,45
42481828916073,11:48:01.828,36.0500,169
42481828916073,11:48:01.828,36.0500,105
42506913545382,11:48:26.913,36.0300,50
42602500434149,11:50:02.500,36.0200,100
42602500434149,11:50:02.500,36.0200,100
42602502321091,11:50:02.502,36.0100,100
42603478890767,11:50:03.478,36.0000,100
42612276059562,11:50:12.276,36.0000,100
42612276059562,11:50:12.276,36.0000,100
42612284414569,11:50:12.284,36.0100,100
42612284466965,11:50:12.284,36.0100,33
42626314180554,11:50:26.314,36.0100,100
42700546559266,11:51:40.546,36.0000,100
42788696844265,11:53:08.696,36.0100,33
42790841424111,11:53:10.841,36.0200,7
42790841449344,11:53:10.841,36.0200,93
42790841475066,11:53:10.841,36.0150,100
42790841702559,11:53:10.841,36.0200,100
42793294807402,11:53:13.294,36.0200,100
42793503271094,11:53:13.503,36.0150,100
42801296922501,11:53:21.296,36.0200,25
42824830740225,11:53:44.830,36.0150,175
42824830856615,11:53:44.830,36.0150,125
42824830856615,11:53:44.830,36.0200,50
42831239773072,11:53:51.239,36.0150,100
42831397309547,11:53:51.397,36.0150,200
42842325160397,11:54:02.325,36.0100,100
42842325192498,11:54:02.325,36.0100,100
42842382777143,11:54:02.382,36.0100,15
42858325850276,11:54:18.325,36.0000,100
42876851708266,11:54:36.851,36.0000,100
42876860203720,11:54:36.860,36.0000,100
42876860203720,11:54:36.860,36.0000,100
42876860203720,11:54:36.860,36.0000,100
42877852657223,11:54:37.852,36.0000,100
42946547011733,11:55:46.547,36.0000,100
42946547753247,11:55:46.547,36.0100,33
42946547796074,11:55:46.547,36.0100,100
42946547796074,11:55:46.547,36.0100,100
42946550452678,11:55:46.550,36.0050,100
42947548334723,11:55:47.548,36.0000,100
42950218268159,11:55:50.218,35.9900,100
42950218293879,11:55:50.218,35.9900,100
42950218304764,11:55:50.218,35.9900,7
42951222112781,11:55:51.222,35.9800,5
42952224193889,11:55:52.224,35.9700,100
42952224193889,11:55:52.224,35.9700,2
42975392145199,11:56:15.392,35.9700,100
42975392145199,11:56:15.392,35.9700,208
42975392145199,11:56:15.392,35.9700,33
42988020301140,11:56:28.020,35.9800,100
42993146839526,11:56:33.146,35.9900,100
42993146839526,11:56:33.146,35.9900,100
43050577062255,11:57:30.577,35.9800,100
43050577062255,11:57:30.577,35.9800,100
43051577669530,11:57:31.577,35.9800,100
43051577694640,11:57:31.577,35.9800,100
43051578160170,11:57:31.578,35.9700,100
43051578305637,11:57:31.578,35.9700,30
43051578355640,11:57:31.578,35.9700,70
43058569725436,11:57:38.569,35.9700,100
43076139601732,11:57:56.139,35.9600,5
43111218744070,11:58:31.218,35.9600,33
43111219085846,11:58:31.219,35.9600,83
43111219085846,11:58:31.219,35.9600,17
43111219112193,11:58:31.219,35.9600,83
43111219310407,11:58:31.219,35.9600,83
43111219333225,11:58:31.219,35.9600,17
43111221126963,11:58:31.221,35.9700,100
43111221126963,11:58:31.221,35.9700,100
43114898733280,11:58:34.898,35.9700,83
43114898733280,11:58:34.898,35.9700,17
43114898774112,11:58:34.898,35.9700,83
43181265300138,11:59:41.265,35.9700,100
43181269448231,11:59:41.269,35.9700,100
43181269448231,11:59:41.269,35.9700,100
43205266918722,12:00:05.266,35.9700,33
43205266918722,12:00:05.266,35.9700,100
43205267376699,12:00:05.267,35.9800,100
43205267376699,12:00:05.267,35.9800,100
43205267376699,12:00:05.267,35.9800,100
43214728611357,12:00:14.728,36.0000,100
43214728611357,12:00:14.728,36.0000,100
43214728611357,12:00:14.728,36.0000,100
43214728611357,12:00:14.728,36.0000,100
43214728639442,12:00:14.728,36.0000,300
43215729553385,12:00:15.729,36.0000,100
43226548432240,12:00:26.548,35.9900,100
43284824937703,12:01:24.824,35.9900,100
43284824973358,12:01:24.824,35.9900,55
43293201752502,12:01:33.201,35.9800,100
43293201752502,12:01:33.201,35.9800,100
43313568321027,12:01:53.568,35.9600,100
43334208650166,12:02:14.208,35.9500,5
43338540542803,12:02:18.540,35.9700,33
43356677606858,12:02:36.677,36.0000,100
43356677606858,12:02:36.677,36.0000,100
43357495011293,12:02:37.495,36.0000,100
43357495011293,12:02:37.495,36.0000,100
43357495570775,12:02:37.495,36.0000,200
43357675097991,12:02:37.675,36.0000,100
43357675127882,12:02:37.675,36.0000,100
43360134183847,12:02:40.134,35.9900,100
43403023651148,12:03:23.023,36.0000,100
43404020774702,12:03:24.020,36.0000,100
43404020804378,12:03:24.020,36.0000,28
43465674048204,12:04:25.674,36.0000,72
43466381968170,12:04:26.381,36.0050,300
43466381968170,12:04:26.381,36.0100,100
43466381996096,12:04:26.381,36.0100,176
43466381996096,12:04:26.381,36.0100,33
43466381996096,12:04:26.381,36.0100,100
43485789899508,12:04:45.789,36.0100,100
43485789938600,12:04:45.789,36.0100,100
43500126324761,12:05:00.126,36.0000,28
43500126324761,12:05:00.126,36.0000,100
43500126324761,12:05:00.126,36.0000,87
43500126331123,12:05:00.126,36.0000,13
43521697732021,12:05:21.697,35.9900,100
43523024160254,12:05:23.024,35.9900,68
43523024184439,12:05:23.024,35.9900,32
43523075333812,12:05:23.075,36.0000,13
43525521071474,12:05:25.521,36.0000,100
43529013642382,12:05:29.013,35.9900,100
43555192371847,12:05:55.192,35.9600,87
43555192630597,12:05:55.192,35.9600,13
43555192630597,12:05:55.192,35.9600,15
43555192706112,12:05:55.192,35.9600,6
43555192713495,12:05:55.192,35.9600,79
43555192713495,12:05:55.192,35.9600,14
43555192713495,12:05:55.192,35.9600,24
43555192725782,12:05:55.192,35.9600,62
43557058043753,12:05:57.058,35.9500,100
43557058908586,12:05:57.058,35.9500,100
43557058908586,12:05:57.058,35.9500,100
43568215750411,12:06:08.215,35.9300,5
43568215750411,12:06:08.215,35.9300,95
43568215817347,12:06:08.215,35.9300,5
43568217015380,12:06:08.217,35.9200,5
43568217015380,12:06:08.217,35.9200,44
43568516631654,12:06:08.516,35.9300,100
43570591054391,12:06:10.591,35.9300,100
43581242959971,12:06:21.242,35.9400,100
43590989573599,12:06:30.989,35.9500,100
43590989573599,12:06:30.989,35.9500,33
43597201579603,12:06:37.201,35.9600,100
43656754739930,12:07:36.754,35.9700,100
43657755805359,12:07:37.755,35.9700,100
43743347007278,12:09:03.347,35.9800,100
43743347034233,12:09:03.347,35.9800,33
43743347034233,12:09:03.347,35.9800,100
43743420956864,12:09:03.420,35.9800,100
43743420956864,12:09:03.420,35.9800,100
43743455221597,12:09:03.455,35.9800,100
43743455261938,12:09:03.455,35.9900,100
43743455261938,12:09:03.455,35.9900,100
43744151652934,12:09:04.151,36.0000,100
43744858264249,12:09:04.858,36.0000,100
43774188998601,12:09:34.188,35.9900,100
43774488457190,12:09:34.488,35.9900,80
43774488457190,12:09:34.488,35.9900,20
43774488476310,12:09:34.488,35.9900,80
43774488476310,12:09:34.488,35.9900,20
43774488482972,12:09:34.488,35.9900,80
43774489166788,12:09:34.489,35.9800,100
43862407550918,12:11:02.407,35.9800,100
43862407550918,12:11:02.407,35.9800,33
43862408410030,12:11:02.408,35.9900,100
43862544134723,12:11:02.544,35.9900,202
43874372693084,12:11:14.372,36.0000,100
43874372837072,12:11:14.372,36.0000,100
43875676450749,12:11:15.676,36.0000,100
43884695803522,12:11:24.695,36.0000,100
43892629320822,12:11:32.629,36.0050,100
43892629320822,12:11:32.629,36.0100,100
43956945566667,12:12:36.945,36.0100,100
43956946014611,12:12:36.946,36.0100,33
43956946081893,12:12:36.946,36.0100,67
43975983458822,12:12:55.983,36.0100,100
43986711287936,12:13:06.711,36.0200,100
43986711671369,12:13:06.711,36.0300,100
43987712245893,12:13:07.712,36.0300,100
43988713220337,12:13:08.713,36.0300,100
43992705830883,12:13:12.705,36.0400,100
43992705830883,12:13:12.705,36.0400,100
43992705830883,12:13:12.705,36.0400,33
44007747149786,12:13:27.747,36.0400,100
44039710313000,12:13:59.710,36.0500,100
44039710337498,12:13:59.710,36.0500,75
44040710358257,12:14:00.710,36.0500,100
44040710358257,12:14:00.710,36.0500,100
44041711351288,12:14:01.711,36.0500,100
44060781801660,12:14:20.781,36.0400,100
44080107213393,12:14:40.107,36.0400,200
44081108436524,12:14:41.108,36.0400,100
44093609190180,12:14:53.609,36.0400,100
44094610188035,12:14:54.610,36.0400,100
44094610188035,12:14:54.610,36.0400,100
44134833965679,12:15:34.833,36.0300,100
44140751897104,12:15:40.751,36.0300,100
44161991239327,12:16:01.991,36.0200,78
44165225795332,12:16:05.225,36.0300,100
44165225795332,12:16:05.225,36.0300,135
44165225820020,12:16:05.225,36.0300,69
44165225820020,12:16:05.225,36.0300,33
44173809116125,12:16:13.809,36.0300,100
44174777990230,12:16:14.777,36.0300,100
44174778015783,12:16:14.778,36.0300,100
44174778015783,12:16:14.778,36.0300,100
44176811762234,12:16:16.811,36.0200,100
44209416553205,12:16:49.416,36.0300,100
44210417528366,12:16:50.417,36.0300,100
44211418999588,12:16:51.418,36.0300,100
44212421000562,12:16:52.421,36.0300,100
44222758127787,12:17:02.758,36.0300,100
44223759725684,12:17:03.759,36.0300,100
44225111916242,12:17:05.111,36.0300,7
44228716569089,12:17:08.716,36.0300,93
44241145104710,12:17:21.145,36.0400,100
44258255734763,12:17:38.255,36.0300,100
44259257164494,12:17:39.257,36.0300,100
44260258780433,12:17:40.258,36.0300,100
44262849843106,12:17:42.849,36.0300,100
44263850823303,12:17:43.850,36.0300,100
44263850853440,12:17:43.850,36.0300,100
44263850853440,12:17:43.850,36.0300,100
44271229316680,12:17:51.229,36.0300,100
44291934853599,12:18:11.934,36.0300,100
44291934853599,12:18:11.934,36.0300,100
44292936453222,12:18:12.936,36.0300,100
44299205357515,12:18:19.205,36.0300,100
44300206360780,12:18:20.206,36.0300,100
44302114669495,12:18:22.114,36.0300,7
44375422060137,12:19:35.422,36.0300,54
44375422065359,12:19:35.422,36.0300,39
44375422065359,12:19:35.422,36.0300,16
44375422179707,12:19:35.422,36.0300,17
44375422179707,12:19:35.422,36.0300,83
44375422215932,12:19:35.422,36.0300,17
44376423153099,12:19:36.423,36.0300,17
44377362591270,12:19:37.362,36.0300,83
44377362591270,12:19:37.362,36.0300,17
44377362771655,12:19:37.362,36.0300,83
44378363552673,12:19:38.363,36.0300,100
44394210776432,12:19:54.210,36.0200,100
44394210776432,12:19:54.210,36.0200,100
44400957087877,12:20:00.957,36.0100,100
44408170713658,12:20:08.170,36.0100,100
44408170713658,12:20:08.170,36.0100,33
44408170764704,12:20:08.170,36.0100,67
44408170764704,12:20:08.170,36.0100,33
44408175966592,12:20:08.175,36.0200,108
44408175989287,12:20:08.175,36.0200,69
44408176449323,12:20:08.176,36.0200,100
44408176449323,12:20:08.176,36.0200,100
44408180095981,12:20:08.180,36.0200,100
44430767165634,12:20:30.767,36.0100,100
44430768853145,12:20:30.768,36.0100,100
44430768853145,12:20:30.768,36.0100,100
44430768853145,12:20:30.768,36.0100,100
44430768853145,12:20:30.768,36.0100,100
44430768853145,12:20:30.768,36.0100,100
44444173672770,12:20:44.173,36.0200,100
44460570599389,12:21:00.570,36.0300,100
44461571593980,12:21:01.571,36.0300,100
44467765349424,12:21:07.765,36.0300,100
44497834355677,12:21:37.834,36.0300,40
44523770410103,12:22:03.770,36.0200,100
44524771370002,12:22:04.771,36.0200,100
44530234321422,12:22:10.234,36.0200,100
44530234321422,12:22:10.234,36.0200,20
44530234346230,12:22:10.234,36.0200,80
44532237248180,12:22:12.237,36.0200,100
44532237248180,12:22:12.237,36.0200,100
44539261112391,12:22:19.261,36.0300,11
44539261129046,12:22:19.261,36.0300,22
44549666053395,12:22:29.666,36.0500,100
44550168757915,12:22:30.168,36.0500,168
44550169576118,12:22:30.169,36.0500,100
44550169576118,12:22:30.169,36.0500,100
44550169580549,12:22:30.169,36.0500,200
44550169619088,12:22:30.169,36.0500,100
44550170264862,12:22:30.170,36.0600,132
44559326306347,12:22:39.326,36.0700,100
44564488146997,12:22:44.488,36.0600,100
44564488296526,12:22:44.488,36.0600,7
44564489694196,12:22:44.489,36.0550,100
44575171848079,12:22:55.171,36.0500,200
44575171887059,12:22:55.171,36.0500,7
44752708390249,12:25:52.708,36.0500,48
44752708611937,12:25:52.708,36.0500,81
44752708611937,12:25:52.708,36.0500,100
44752708611937,12:25:52.708,36.0500,33
44752708611937,12:25:52.708,36.0500,200
44752709003240,12:25:52.709,36.0500,400
44753709047082,12:25:53.709,36.0500,100
44785709338327,12:26:25.709,36.0500,100
44785709338327,12:26:25.709,36.0500,33
44785709338327,12:26:25.709,36.0500,67
44796438253265,12:26:36.438,36.0400,39
44801182259229,12:26:41.182,36.0400,61
44801182259229,12:26:41.182,36.0400,39
44801182317998,12:26:41.182,36.0400,61
44828181466256,12:27:08.181,36.0400,100
44828181974026,12:27:08.181,36.0400,100
44828181974026,12:27:08.181,36.0400,100
44828181974026,12:27:08.181,36.0400,100
44828181974026,12:27:08.181,36.0400,100
44828582787625,12:27:08.582,36.0300,100
44828582787625,12:27:08.582,36.0300,100
44873755169494,12:27:53.755,36.0200,100
44873755169494,12:27:53.755,36.0200,1
44873755169494,12:27:53.755,36.0200,100
44900025429558,12:28:20.025,36.0200,200
44900025429558,12:28:20.025,36.0200,33
44900025429558,12:28:20.025,36.0200,67
44900025463683,12:28:20.025,36.0200,33
44900025849058,12:28:20.025,36.0200,150
44901026411784,12:28:21.026,36.0200,100
44901026411784,12:28:21.026,36.0200,100
44901026850594,12:28:21.026,36.0200,100
44901527839082,12:28:21.527,36.0100,5
44901527839082,12:28:21.527,36.0100,100
44901527839082,12:28:21.527,36.0100,100
44921184473720,12:28:41.184,36.0000,4129
44921184507915,12:28:41.184,36.0000,99
44921184515690,12:28:41.184,36.0000,100
44921184529519,12:28:41.184,36.0000,1172
44921184529519,12:28:41.184,36.0000,100
44921184529519,12:28:41.184,36.0000,5
44921184529519,12:28:41.184,36.0000,100
44921184529519,12:28:41.184,36.0000,100
44921184529519,12:28:41.184,36.0000,199
44921184693449,12:28:41.184,36.0000,200
44921184693449,12:28:41.184,36.0000,100
44921184693449,12:28:41.184,36.0000,100
44921184693449,12:28:41.184,36.0000,300
44921184913515,12:28:41.184,36.0000,100
44921184913515,12:28:41.184,36.0000,76
44921190540910,12:28:41.190,36.0100,100
44921190540910,12:28:41.190,36.0100,100
44921190540910,12:28:41.190,36.0100,100
44921190540910,12:28:41.190,36.0100,100
44921190540910,12:28:41.190,36.0100,100
44921190540910,12:28:41.190,36.0100,100
44921191584628,12:28:41.191,36.0100,100
44921194798797,12:28:41.194,36.0100,100
44922191619226,12:28:42.191,36.0100,40
44922191619226,12:28:42.191,36.0100,60
44922191645856,12:28:42.191,36.0100,40
44924971899851,12:28:44.971,36.0100,100
44924971926851,12:28:44.971,36.0100,100
44924971926851,12:28:44.971,36.0100,100
44924972337943,12:28:44.972,36.0100,100
44926623910739,12:28:46.623,36.0300,100
44926623910739,12:28:46.623,36.0300,100
44927122970580,12:28:47.122,36.0300,100
44960352993190,12:29:20.352,36.0500,100
44960353072181,12:29:20.353,36.0500,100
44960353632274,12:29:20.353,36.0500,100
44960354308651,12:29:20.354,36.0600,100
44969332327684,12:29:29.332,36.0500,100
44969332327684,12:29:29.332,36.0500,100
44969332327684,12:29:29.332,36.0500,100
44969332327684,12:29:29.332,36.0500,100
44969332327684,12:29:29.332,36.0500,100
44969332827022,12:29:29.332,36.0500,100
44969332827022,12:29:29.332,36.0500,100
44969332855930,12:29:29.332,36.0500,200
44989386757141,12:29:49.386,36.0500,100
45013448464455,12:30:13.448,36.0500,100
45013448464455,12:30:13.448,36.0500,33
45013448464455,12:30:13.448,36.0500,27
45013448468969,12:30:13.448,36.0500,52
45013448480999,12:30:13.448,36.0500,21
45014449829179,12:30:14.449,36.0500,100
45044389415832,12:30:44.389,36.0500,100
45044389415832,12:30:44.389,36.0500,100
45045390466000,12:30:45.390,36.0500,100
45045402353976,12:30:45.402,36.0500,100
45054702493568,12:30:54.702,36.0600,400
45054704082500,12:30:54.704,36.0700,200
45107391647378,12:31:47.391,36.0600,100
45107391647378,12:31:47.391,36.0600,51
45107392113016,12:31:47.392,36.0600,100
45107392133035,12:31:47.392,36.0600,7
45107392158533,12:31:47.392,36.0600,93
45107392158533,12:31:47.392,36.0600,100
45131616558100,12:32:11.616,36.0700,200
45131616558100,12:32:11.616,36.0700,100
45131850575399,12:32:11.850,36.0800,100
45133499129669,12:32:13.499,36.0900,100
45133499129669,12:32:13.499,36.0900,33
45133500209003,12:32:13.500,36.1000,100
45133500217915,12:32:13.500,36.1000,100
45133500296874,12:32:13.500,36.1000,100
45133500606658,12:32:13.500,36.1000,100
45133500721348,12:32:13.500,36.1000,100
45133501841778,12:32:13.501,36.1000,100
45133502854876,12:32:13.502,36.1000,100
45133503090274,12:32:13.503,36.1100,100
45133503923507,12:32:13.503,36.1100,100
45133511729448,12:32:13.511,36.1000,85
45133511754715,12:32:13.511,36.1000,15
45133511754715,12:32:13.511,36.1000,100
45133512424435,12:32:13.512,36.1100,100
45133512424435,12:32:13.512,36.1100,100
45133512424435,12:32:13.512,36.1100,100
45133532883081,12:32:13.532,36.1000,100
45133532883081,12:32:13.532,36.1000,100
45148252898262,12:32:28.252,36.0700,100
45148253083311,12:32:28.253,36.0700,100
45163597162998,12:32:43.597,36.0700,100
45163597239600,12:32:43.597,36.0700,100
45164598086486,12:32:44.598,36.0700,100
45171466291898,12:32:51.466,36.0700,100
45171466318152,12:32:51.466,36.0700,100
45182375554944,12:33:02.375,36.0700,100
45191127983764,12:33:11.127,36.0700,100
45195595611743,12:33:15.595,36.0700,100
45202698837952,12:33:22.698,36.0700,100
45202699464142,12:33:22.699,36.0700,83
45202699464142,12:33:22.699,36.0700,36
45203700875085,12:33:23.700,36.0700,100
45215722921687,12:33:35.722,36.0600,10
45215722970636,12:33:35.722,36.0600,90
45215941431795,12:33:35.941,36.0600,100
45215941431795,12:33:35.941,36.0600,90
45225300979638,12:33:45.300,36.0700,164
45225301025299,12:33:45.301,36.0700,36
45225351581927,12:33:45.351,36.0700,100
45226301845888,12:33:46.301,36.0700,100
45229557560795,12:33:49.557,36.0700,200
45272568471631,12:34:32.568,36.0700,100
45272568471631,12:34:32.568,36.0700,33
45272568471631,12:34:32.568,36.0700,167
45272568577387,12:34:32.568,36.0700,17
45272568577387,12:34:32.568,36.0700,100
45273569548329,12:34:33.569,36.0700,100
45280599395388,12:34:40.599,36.0700,100
45296938645786,12:34:56.938,36.0600,53
45296938724590,12:34:56.938,36.0600,47
45296938724590,12:34:56.938,36.0600,100
45312601405253,12:35:12.601,36.0600,7
45313102313517,12:35:13.102,36.0600,100
45328567889481,12:35:28.567,36.0700,100
45328568454293,12:35:28.568,36.0700,100
45329568826726,12:35:29.568,36.0700,100
45350602658093,12:35:50.602,36.0700,100
45372123380470,12:36:12.123,36.0600,95
45372124331896,12:36:12.124,36.0600,5
45372124331896,12:36:12.124,36.0600,100
45403570452619,12:36:43.570,36.0700,100
45403571321971,12:36:43.571,36.0800,24
45424301335824,12:37:04.301,36.0700,100
45432611825973,12:37:12.611,36.0700,100
45451403360037,12:37:31.403,36.0700,4
45451404155814,12:37:31.404,36.0700,96
45458607697271,12:37:38.607,36.0700,100
45469995593416,12:37:49.995,36.0700,2
45469995713303,12:37:49.995,36.0700,98
45469995713303,12:37:49.995,36.0700,100
45477239487566,12:37:57.239,36.0700,100
45505612980478,12:38:25.612,36.0800,44
45505673579825,12:38:25.673,36.0800,16
45505673607981,12:38:25.673,36.0800,16
45505673607981,12:38:25.673,36.0800,33
45533621377404,12:38:53.621,36.0800,100
45533621377404,12:38:53.621,36.0800,100
45533621881551,12:38:53.621,36.0800,14
45534622451077,12:38:54.622,36.0800,100
45544267285838,12:39:04.267,36.0700,100
45550223926854,12:39:10.223,36.0700,70
45550223926854,12:39:10.223,36.0700,40
45628880470741,12:40:28.880,36.0800,100
45628880470741,12:40:28.880,36.0800,100
45628880555864,12:40:28.880,36.0800,33
45628881858079,12:40:28.881,36.0800,100
45631698346339,12:40:31.698,36.0700,100
45644091930006,12:40:44.091,36.0700,100
45658819154531,12:40:58.819,36.0700,100
45658819154531,12:40:58.819,36.0700,100
45674791281264,12:41:14.791,36.0700,100
45675792895253,12:41:15.792,36.0700,100
45675794247970,12:41:15.794,36.0700,100
45676029818759,12:41:16.029,36.0700,100
45677827849331,12:41:17.827,36.0700,100
45677827849331,12:41:17.827,36.0700,100
45680449797310,12:41:20.449,36.0700,100
45696933595975,12:41:36.933,36.0800,200
45696933938780,12:41:36.933,36.0800,100
45702401207670,12:41:42.401,36.0800,100
45705318623266,12:41:45.318,36.0900,100
45705318653581,12:41:45.318,36.0900,100
45705320348263,12:41:45.320,36.0800,100
45706342369687,12:41:46.342,36.0800,100
45706922034968,12:41:46.922,36.0800,100
45707051211605,12:41:47.051,36.0800,100
45707051242175,12:41:47.051,36.0800,30
45707051242175,12:41:47.051,36.0800,100
45707051242175,12:41:47.051,36.0800,21
45710908412955,12:41:50.908,36.0700,100
45710908615401,12:41:50.908,36.0700,100
45710908672972,12:41:50.908,36.0700,100
45710911931542,12:41:50.911,36.0700,100
45710913503591,12:41:50.913,36.0700,100
45722178854713,12:42:02.178,36.0800,100
45743616526173,12:42:23.616,36.0800,100
45743616950977,12:42:23.616,36.0800,100
45743616950977,12:42:23.616,36.0800,100
45745823473053,12:42:25.823,36.0800,100
45749728869394,12:42:29.728,36.0800,100
45759759800696,12:42:39.759,36.0800,100
45759759800696,12:42:39.759,36.0800,31
45788339960776,12:43:08.339,36.0900,100
45788339960776,12:43:08.339,36.0900,33
45788339960776,12:43:08.339,36.0900,67
45788340074267,12:43:08.340,36.0900,33
45788843666966,12:43:08.843,36.0900,100
45789308726411,12:43:09.308,36.0900,100
45829957454996,12:43:49.957,36.0800,100
45829957454996,12:43:49.957,36.0800,100
45829957454996,12:43:49.957,36.0800,100
45892669373917,12:44:52.669,36.0700,100
45892669373917,12:44:52.669,36.0700,100
45893670382442,12:44:53.670,36.0700,100
45896143499893,12:44:56.143,36.0800,33
45896143571506,12:44:56.143,36.0800,100
45896143571506,12:44:56.143,36.0800,100
45952512672378,12:45:52.512,36.0700,100
45952512672378,12:45:52.512,36.0700,100
45952563669049,12:45:52.563,36.0600,100
45952563669049,12:45:52.563,36.0600,100
45952864296764,12:45:52.864,36.0600,100
45969829949975,12:46:09.829,36.0600,100
45969830336556,12:46:09.830,36.0600,100
45969830344069,12:46:09.830,36.0600,100
46017306468134,12:46:57.306,36.0600,100
46017306468134,12:46:57.306,36.0600,100
46023436166525,12:47:03.436,36.0700,33
46046263651370,12:47:26.263,36.0800,100
46046263712105,12:47:26.263,36.0800,100
46046263714559,12:47:26.263,36.0900,100
46046394716670,12:47:26.394,36.0700,100
46046396119819,12:47:26.396,36.0700,100
46046396119819,12:47:26.396,36.0700,5
46046396622849,12:47:26.396,36.0700,95
46046396622849,12:47:26.396,36.0700,100
46046396622849,12:47:26.396,36.0700,100
46046396622849,12:47:26.396,36.0700,100
46056178733429,12:47:36.178,36.0700,100
46056178733429,12:47:36.178,36.0700,30
46056178733429,12:47:36.178,36.0700,70
46056178760279,12:47:36.178,36.0700,30
46056520516656,12:47:36.520,36.0700,100
46081016182591,12:48:01.016,36.0700,100
46082017152867,12:48:02.017,36.0700,100
46083050067534,12:48:03.050,36.0700,100
46083050067534,12:48:03.050,36.0700,100
46086896860312,12:48:06.896,36.0700,33
46086896860312,12:48:06.896,36.0700,100
46092490131438,12:48:12.490,36.0900,44
46158938824022,12:49:18.938,36.1000,100
46158947893250,12:49:18.947,36.1000,100
46158947893250,12:49:18.947,36.1000,100
46164458174302,12:49:24.458,36.0900,100
46164458672412,12:49:24.458,36.0900,100
46190255247733,12:49:50.255,36.0900,100
46193804591321,12:49:53.804,36.0900,100
46194805749942,12:49:54.805,36.0900,100
46205840612904,12:50:05.840,36.0900,100
46205841097500,12:50:05.841,36.0900,100
46213802873895,12:50:13.802,36.0900,100
46227841147530,12:50:27.841,36.0900,100
46227844619259,12:50:27.844,36.0900,100
46228355602444,12:50:28.355,36.0900,100
46252100932762,12:50:52.100,36.0900,100
46252100932762,12:50:52.100,36.0900,87
46252100998501,12:50:52.100,36.0900,13
46287795506802,12:51:27.795,36.1000,100
46331953899127,12:52:11.953,36.0900,88
46331953968623,12:52:11.953,36.0900,12
46331953968623,12:52:11.953,36.0900,100
46331953968623,12:52:11.953,36.0900,33
46358852538972,12:52:38.852,36.0800,100
46454364551676,12:54:14.364,36.0700,54
46454364561914,12:54:14.364,36.0700,46
46454364561914,12:54:14.364,36.0700,62
46454364569067,12:54:14.364,36.0700,38
46454383132257,12:54:14.383,36.0600,100
46454383132257,12:54:14.383,36.0600,15
46454383189609,12:54:14.383,36.0600,185
46454383189609,12:54:14.383,36.0600,100
46458043300673,12:54:18.043,36.0600,100
46459044243061,12:54:19.044,36.0600,100
46460045213074,12:54:20.045,36.0600,100
46470991645894,12:54:30.991,36.0600,51
46470991650682,12:54:30.991,36.0600,16
46470991691036,12:54:30.991,36.0600,133
46500757499901,12:55:00.757,36.0600,100
46500757499901,12:55:00.757,36.0600,2
46500757524039,12:55:00.757,36.0600,52
46500757527502,12:55:00.757,36.0600,46
46500757527502,12:55:00.757,36.0600,100
46523903293648,12:55:23.903,36.0600,100
46524001224748,12:55:24.001,36.0500,4900
46524001224748,12:55:24.001,36.0500,100
46524001224748,12:55:24.001,36.0500,100
46524001224748,12:55:24.001,36.0500,100
46527077427103,12:55:27.077,36.0400,5
46527077427103,12:55:27.077,36.0400,51
46527077458489,12:55:27.077,36.0400,149
46527077458489,12:55:27.077,36.0400,100
46527080170914,12:55:27.080,36.0300,100
46527080333300,12:55:27.080,36.0300,100
46527080333300,12:55:27.080,36.0300,100
46527080770327,12:55:27.080,36.0300,100
46528476791220,12:55:28.476,36.0400,100
46528476791220,12:55:28.476,36.0400,33
46534283335716,12:55:34.283,36.0400,100
46534695840560,12:55:34.695,36.0300,100
46567859767750,12:56:07.859,36.0500,100
46567859792237,12:56:07.859,36.0500,67
46568861354948,12:56:08.861,36.0500,100
46650030050662,12:57:30.030,36.0700,33
46650030050662,12:57:30.030,36.0700,73
46650030077278,12:57:30.030,36.0700,27
46656860989456,12:57:36.860,36.0700,100
46656860989456,12:57:36.860,36.0700,100
46687866700345,12:58:07.866,36.0700,100
46687866700345,12:58:07.866,36.0700,158
46688039160441,12:58:08.039,36.0600,100
46688039812643,12:58:08.039,36.0500,100
46688257811001,12:58:08.257,36.0600,100
46731868912391,12:58:51.868,36.0600,100
46732019883690,12:58:52.019,36.0700,100
46749865403486,12:59:09.865,36.0700,100
46749865403486,12:59:09.865,36.0700,40
46796867381098,12:59:56.867,36.0800,100
46840304082499,13:00:40.304,36.0600,44
46840304110478,13:00:40.304,36.0600,45
46840304163258,13:00:40.304,36.0600,11
46908477506407,13:01:48.477,36.0700,100
46908477506407,13:01:48.477,36.0700,100
46921482416180,13:02:01.482,36.0600,14
46921482462278,13:02:01.482,36.0600,86
46921482462278,13:02:01.482,36.0600,100
46951504749435,13:02:31.504,36.0600,100
46951504749435,13:02:31.504,36.0600,34
46951504749435,13:02:31.504,36.0600,100
46951504749435,13:02:31.504,36.0600,100
46952505716217,13:02:32.505,36.0600,100
46952509829153,13:02:32.509,36.0600,100
46952509829153,13:02:32.509,36.0600,100
46957731320935,13:02:37.731,36.0700,100
46957731320935,13:02:37.731,36.0700,100
46962257946883,13:02:42.257,36.0700,84
46990155240550,13:03:10.155,36.0700,100
46991156196799,13:03:11.156,36.0700,100
47116617698505,13:05:16.617,36.0700,34
47116617698505,13:05:16.617,36.0700,100
47116617698505,13:05:16.617,36.0700,66
47116618389932,13:05:16.618,36.0700,34
47116620574565,13:05:16.620,36.0700,100
47117618630775,13:05:17.618,36.0700,100
47117618657186,13:05:17.618,36.0700,22
47117619934885,13:05:17.619,36.0600,100
47130685737412,13:05:30.685,36.0600,100
47185669001845,13:06:25.669,36.0600,100
47185669001845,13:06:25.669,36.0600,100
47185669840595,13:06:25.669,36.0600,100
47186890888712,13:06:26.890,36.0600,300
47186968021132,13:06:26.968,36.0600,100
47263546597250,13:07:43.546,36.0600,100
47263546597250,13:07:43.546,36.0600,100
47263546727881,13:07:43.546,36.0600,100
47274258067326,13:07:54.258,36.0600,100
47281358762774,13:08:01.358,36.0600,23
47314743915311,13:08:34.743,36.0700,100
47314743915311,13:08:34.743,36.0700,100
47314743915311,13:08:34.743,36.0700,100
47314743915311,13:08:34.743,36.0700,34
47314747751275,13:08:34.747,36.0800,100
47333916245618,13:08:53.916,36.0900,100
47337893185262,13:08:57.893,36.0900,100
47337893185262,13:08:57.893,36.0900,100
47380827748707,13:09:40.827,36.0900,100
47380828883489,13:09:40.828,36.1000,100
47380828883489,13:09:40.828,36.1000,100
47381828729530,13:09:41.828,36.0900,100
47399905697697,13:09:59.905,36.0900,100
47399905697697,13:09:59.905,36.0900,100
47399905697697,13:09:59.905,36.0900,100
47399906215782,13:09:59.906,36.0900,100
47399907034611,13:09:59.907,36.0900,100
47470435554311,13:11:10.435,36.0900,34
47470435554311,13:11:10.435,36.0900,50
47470435560623,13:11:10.435,36.0900,150
47470435560623,13:11:10.435,36.0900,50
47470435585506,13:11:10.435,36.0900,50
47470439239218,13:11:10.439,36.0900,20
47477542408357,13:11:17.542,36.0800,100
47477542408357,13:11:17.542,36.0800,100
47477542439009,13:11:17.542,36.0800,100
47477542439009,13:11:17.542,36.0800,100
47477798575536,13:11:17.798,36.0800,100
47499910271608,13:11:39.910,36.0800,27
47543279137814,13:12:23.279,36.0800,73
47543279137814,13:12:23.279,36.0800,100
47570451500324,13:12:50.451,36.0900,100
47570451500324,13:12:50.451,36.0900,34
47571452516726,13:12:51.452,36.0900,100
47571452544624,13:12:51.452,36.0900,100
47585733722901,13:13:05.733,36.0700,62
47586635087521,13:13:06.635,36.0700,25
47586635118281,13:13:06.635,36.0700,75
47586635118281,13:13:06.635,36.0700,100
47587405639296,13:13:07.405,36.0700,100
47587406540968,13:13:07.406,36.0700,100
47587636126888,13:13:07.636,36.0700,100
47623907019473,13:13:43.907,36.0700,100
47623907019473,13:13:43.907,36.0700,100
47623907019473,13:13:43.907,36.0700,100
47668934840533,13:14:28.934,36.0700,100
47765912879786,13:16:05.912,36.0600,100
47765912879786,13:16:05.912,36.0600,100
47765914268145,13:16:05.914,36.0500,10
47765914268145,13:16:05.914,36.0500,27
47765914268145,13:16:05.914,36.0500,100
47765914268145,13:16:05.914,36.0500,100
47903899434697,13:18:23.899,36.0500,100
47903899434697,13:18:23.899,36.0500,100
47903899434697,13:18:23.899,36.0500,100
47903899434697,13:18:23.899,36.0500,34
47903899931622,13:18:23.899,36.0600,40
47903900899806,13:18:23.900,36.0600,60
47904900116724,13:18:24.900,36.0600,100
47904900141888,13:18:24.900,36.0600,100
47904900141888,13:18:24.900,36.0600,100
47913508317834,13:18:33.508,36.0600,100
47913508317834,13:18:33.508,36.0600,100
47922136094571,13:18:42.136,36.0600,100
47930925888499,13:18:50.925,36.0600,100
48019411208199,13:20:19.411,36.0600,100
48019411208199,13:20:19.411,36.0600,100
48045754111633,13:20:45.754,36.0500,100
48045760966772,13:20:45.760,36.0400,1
48045760966772,13:20:45.760,36.0400,99
48045760966772,13:20:45.760,36.0400,100
48045760968078,13:20:45.760,36.0400,100
48045760968078,13:20:45.760,36.0400,100
48045771289933,13:20:45.771,36.0400,100
48066189610909,13:21:06.189,36.0400,100
48067190557463,13:21:07.190,36.0400,100
48070447877705,13:21:10.447,36.0500,92
48070447925417,13:21:10.447,36.0500,90
48102164643010,13:21:42.164,36.0600,34
48102164643010,13:21:42.164,36.0600,66
48142840554869,13:22:22.840,36.0300,5
48142840554869,13:22:22.840,36.0300,10
48142840554869,13:22:22.840,36.0300,90
48142840554869,13:22:22.840,36.0300,95
48142840586064,13:22:22.840,36.0300,5
48142840586064,13:22:22.840,36.0300,200
48142840586064,13:22:22.840,36.0300,100
48152842554506,13:22:32.842,36.0200,1
48152842554506,13:22:32.842,36.0200,99
48152842554506,13:22:32.842,36.0200,100
48160231506491,13:22:40.231,36.0200,100
48160231533151,13:22:40.231,36.0200,100
48160231533151,13:22:40.231,36.0200,100
48160231533151,13:22:40.231,36.0200,100
48170261021977,13:22:50.261,36.0200,100
48189913394694,13:23:09.913,36.0300,64
48189913419883,13:23:09.913,36.0300,36
48189913419883,13:23:09.913,36.0300,34
48189913960520,13:23:09.913,36.0300,100
48242803109389,13:24:02.803,36.0300,10
48242804390542,13:24:02.804,36.0400,77
48249870252767,13:24:09.870,36.0300,200
48249870252767,13:24:09.870,36.0300,100
48257527222430,13:24:17.527,36.0400,34
48278583585574,13:24:38.583,36.0600,34
48280258249128,13:24:40.258,36.0500,100
48280258249128,13:24:40.258,36.0500,100
48295239219296,13:24:55.239,36.0500,100
48308030025788,13:25:08.030,36.0500,100
48308030111077,13:25:08.030,36.0500,4
48308030296694,13:25:08.030,36.0500,70
48316197231661,13:25:16.197,36.0500,100
48328184443170,13:25:28.184,36.0500,100
48374067775780,13:26:14.067,36.0500,200
48374067775780,13:26:14.067,36.0500,100
48374067775780,13:26:14.067,36.0500,34
48374067775780,13:26:14.067,36.0500,166
48374067835269,13:26:14.067,36.0500,24
48374068213873,13:26:14.068,36.0500,64
48374068240292,13:26:14.068,36.0500,112
48374068240292,13:26:14.068,36.0500,100
48374068429801,13:26:14.068,36.0500,100
48374068429801,13:26:14.068,36.0500,200
48374068429801,13:26:14.068,36.0500,100
48374068642183,13:26:14.068,36.0500,100
48374068642183,13:26:14.068,36.0500,200
48374068642183,13:26:14.068,36.0500,100
48374068643482,13:26:14.068,36.0500,400
48374068661357,13:26:14.068,36.0500,80
48374070040976,13:26:14.070,36.0500,100
48379199069859,13:26:19.199,36.0400,100
48379199069859,13:26:19.199,36.0400,100
48379291553951,13:26:19.291,36.0300,100
48379291553951,13:26:19.291,36.0300,100
48379292180239,13:26:19.292,36.0300,100
48379292180239,13:26:19.292,36.0300,100
48379292180239,13:26:19.292,36.0300,916
48384297877884,13:26:24.297,36.0200,400
48395187653702,13:26:35.187,36.0300,100
48395187653702,13:26:35.187,36.0300,100
48395187757828,13:26:35.187,36.0300,100
48460558567127,13:27:40.558,36.0300,100
48546957465263,13:29:06.957,36.0400,100
48546957465263,13:29:06.957,36.0400,100
48546957496563,13:29:06.957,36.0400,100
48551517178204,13:29:11.517,36.0400,100
48551518108780,13:29:11.518,36.0500,100
48551552274068,13:29:11.552,36.0500,300
48598037896585,13:29:58.037,36.0400,100
48598037896585,13:29:58.037,36.0400,81
48598037912976,13:29:58.037,36.0400,19
48598517299310,13:29:58.517,36.0300,49
48608113896697,13:30:08.113,36.0400,8
48608113923562,13:30:08.113,36.0400,11
48608113923562,13:30:08.113,36.0400,100
48608113923562,13:30:08.113,36.0400,34
48608446725878,13:30:08.446,36.0400,100
48608446725878,13:30:08.446,36.0400,100
48608958300253,13:30:08.958,36.0400,100
48659754835327,13:30:59.754,36.0800,7
48659754835327,13:30:59.754,36.0800,100
48680583608353,13:31:20.583,36.0800,100
48777410466895,13:32:57.410,36.0800,100
48777410466895,13:32:57.410,36.0800,100
48778411234116,13:32:58.411,36.0800,21
48778411433006,13:32:58.411,36.0800,79
48778411433006,13:32:58.411,36.0800,21
48808564657451,13:33:28.564,36.0800,100
48808564657451,13:33:28.564,36.0800,100
48808564657451,13:33:28.564,36.0800,100
48809565630938,13:33:29.565,36.0800,100
48809566735669,13:33:29.566,36.0800,100
48809566735669,13:33:29.566,36.0800,100
48809566735669,13:33:29.566,36.0800,14
48842762951026,13:34:02.762,36.0800,100
48842762951026,13:34:02.762,36.0800,100
48861426553304,13:34:21.426,36.0800,40
48862255095197,13:34:22.255,36.0800,50
48916776058715,13:35:16.776,36.0700,13
48916776085382,13:35:16.776,36.0700,87
48942918715669,13:35:42.918,36.0700,100
48942918715669,13:35:42.918,36.0700,100
49053595989233,13:37:33.595,36.0700,73
49053596403316,13:37:33.596,36.0700,27
49053596403316,13:37:33.596,36.0700,90
49053596408833,13:37:33.596,36.0700,10
49053596408833,13:37:33.596,36.0700,21
49053596408833,13:37:33.596,36.0700,14
49053596452942,13:37:33.596,36.0700,86
49083293251903,13:38:03.293,36.0600,100
49083293251903,13:38:03.293,36.0600,6
49083293283577,13:38:03.293,36.0600,168
49083295068757,13:38:03.295,36.0600,100
49095954173035,13:38:15.954,36.0600,100
49095954173035,13:38:15.954,36.0600,100
49095954698700,13:38:15.954,36.0600,62
49095955428122,13:38:15.955,36.0600,100
49121534989265,13:38:41.534,36.0600,100
49122535943025,13:38:42.535,36.0600,100
49153557289752,13:39:13.557,36.0600,7
49201460131101,13:40:01.460,36.0600,20
49224356600850,13:40:24.356,36.0700,64
49224356627573,13:40:24.356,36.0700,36
49224356627573,13:40:24.356,36.0700,100
49224356627573,13:40:24.356,36.0700,202
49224356627573,13:40:24.356,36.0700,100
49224356627573,13:40:24.356,36.0700,36
49225357436422,13:40:25.357,36.0700,100
49225357597910,13:40:25.357,36.0700,100
49225357929494,13:40:25.357,36.0700,100
49237106255279,13:40:37.106,36.0700,100
49237106255279,13:40:37.106,36.0700,100
49238107224775,13:40:38.107,36.0700,100
49241935510919,13:40:41.935,36.0700,100
49245864872798,13:40:45.864,36.0800,100
49247201241893,13:40:47.201,36.0800,100
49247201241893,13:40:47.201,36.0800,200
49253127933831,13:40:53.127,36.0900,100
49278780827044,13:41:18.780,36.0900,7
49326988522257,13:42:06.988,36.0800,100
49326988522257,13:42:06.988,36.0800,100
49326988550507,13:42:06.988,36.0800,100
49337573613406,13:42:17.573,36.0800,100
49367792320412,13:42:47.792,36.0800,200
49367792349796,13:42:47.792,36.0800,29
49401023515222,13:43:21.023,36.0900,100
49401023515222,13:43:21.023,36.0900,100
49401885933596,13:43:21.885,36.0900,100
49429787298094,13:43:49.787,36.0900,100
49429787298094,13:43:49.787,36.0900,100
49449366917902,13:44:09.366,36.0900,100
49449366917902,13:44:09.366,36.0900,100
49449366917902,13:44:09.366,36.0900,35
49449367936365,13:44:09.367,36.1000,100
49449369073984,13:44:09.369,36.1100,100
49449369073984,13:44:09.369,36.1100,53
49449369100294,13:44:09.369,36.1100,47
49449369100294,13:44:09.369,36.1100,100
49450368412071,13:44:10.368,36.1000,100
49451369398007,13:44:11.369,36.0900,100
49452370370028,13:44:12.370,36.0900,100
49502027320456,13:45:02.027,36.0900,100
49503493196144,13:45:03.493,36.0900,100
49503493336167,13:45:03.493,36.0900,100
49504790869058,13:45:04.790,36.0900,100
49504790869058,13:45:04.790,36.0900,100
49513881341918,13:45:13.881,36.0800,88
49513881561495,13:45:13.881,36.0800,12
49513881561495,13:45:13.881,36.0800,67
49513882558063,13:45:13.882,36.0800,33
49513882558063,13:45:13.882,36.0800,67
49513886277628,13:45:13.886,36.0800,33
49549323311929,13:45:49.323,36.0800,68
49549323328112,13:45:49.323,36.0800,32
49550324969526,13:45:50.324,36.0800,100
49554333719921,13:45:54.333,36.0800,40
49561268312319,13:46:01.268,36.0800,60
49561269133954,13:46:01.269,36.0900,100
49561269160588,13:46:01.269,36.0900,63
49562269251416,13:46:02.269,36.0900,100
49563270225277,13:46:03.270,36.0800,100
49571747355383,13:46:11.747,36.0900,35
49619613964977,13:46:59.613,36.1000,65
49619613989779,13:46:59.613,36.1000,35
49619613989779,13:46:59.613,36.1000,100
49619614336777,13:46:59.614,36.1000,100
49619614336777,13:46:59.614,36.1000,100
49620614964782,13:47:00.614,36.1000,100
49621615912964,13:47:01.615,36.1000,100
49622616882138,13:47:02.616,36.1000,100
49627701826653,13:47:07.701,36.1000,100
49643416253135,13:47:23.416,36.1100,100
49647797709382,13:47:27.797,36.1100,100
49647797709382,13:47:27.797,36.1100,100
49647797709382,13:47:27.797,36.1100,100
49654855149184,13:47:34.855,36.1000,32
49654855192599,13:47:34.855,36.1000,100
49654855192599,13:47:34.855,36.1000,168
49654855386029,13:47:34.855,36.1000,132
49654858437958,13:47:34.858,36.0900,100
49655465502741,13:47:35.465,36.1000,100
49655733202763,13:47:35.733,36.1100,100
49656734167074,13:47:36.734,36.1100,100
49680367127927,13:48:00.367,36.1100,100
49680367127927,13:48:00.367,36.1100,100
49680367158728,13:48:00.367,36.1100,100
49713665825866,13:48:33.665,36.1000,100
49719743469595,13:48:39.743,36.1000,64
49719743495372,13:48:39.743,36.1000,36
49719743495372,13:48:39.743,36.1000,100
49719744156750,13:48:39.744,36.1100,100
49719744156750,13:48:39.744,36.1100,35
49719744156750,13:48:39.744,36.1100,92
49719744540559,13:48:39.744,36.1100,8
49720745294296,13:48:40.745,36.1100,100
49761353363624,13:49:21.353,36.0900,100
49784462434682,13:49:44.462,36.1000,100
49785463395942,13:49:45.463,36.1000,100
49807396584142,13:50:07.396,36.1000,100
49807396584142,13:50:07.396,36.1000,100
49807396584142,13:50:07.396,36.1000,100
49807396584142,13:50:07.396,36.1000,169
49807396584142,13:50:07.396,36.1000,35
49807397405697,13:50:07.397,36.1100,56
49808397549222,13:50:08.397,36.1000,100
49808401153352,13:50:08.401,36.1000,96
49810084645507,13:50:10.084,36.1100,44
49856886131341,13:50:56.886,36.1300,100
49856886131341,13:50:56.886,36.1300,100
49870201025538,13:51:10.201,36.1300,100
49928818256561,13:52:08.818,36.1200,6
49928818256561,13:52:08.818,36.1200,94
49930282677562,13:52:10.282,36.1300,100
49930282677562,13:52:10.282,36.1300,100
49930282677562,13:52:10.282,36.1300,176
49930282677562,13:52:10.282,36.1300,24
49930282705649,13:52:10.282,36.1300,11
49930567414075,13:52:10.567,36.1400,100
49930567414075,13:52:10.567,36.1400,100
49930567414075,13:52:10.567,36.1500,100
49930567414075,13:52:10.567,36.1500,100
49930567414075,13:52:10.567,36.1500,37
49930567807628,13:52:10.567,36.1500,63
49930568000121,13:52:10.568,36.1500,63
49930568023458,13:52:10.568,36.1500,89
49930568052130,13:52:10.568,36.1500,11
49930568603893,13:52:10.568,36.1600,100
49930568664085,13:52:10.568,36.1600,100
49930568664085,13:52:10.568,36.1600,100
49930568664085,13:52:10.568,36.1500,100
49930568788497,13:52:10.568,36.1600,100
49930568788497,13:52:10.568,36.1600,35
49931283655675,13:52:11.283,36.1500,100
49931584103284,13:52:11.584,36.1500,64
49936504162343,13:52:16.504,36.1600,65
49936504162343,13:52:16.504,36.1600,100
49936504162343,13:52:16.504,36.1600,100
49950792979681,13:52:30.792,36.1600,100
49950793847554,13:52:30.793,36.1600,100
49950793847554,13:52:30.793,36.1600,100
49951793953217,13:52:31.793,36.1600,100
49969553518361,13:52:49.553,36.1500,100
49969553518361,13:52:49.553,36.1500,100
49969553588747,13:52:49.553,36.1500,100
49974867715165,13:52:54.867,36.1500,100
49976414670034,13:52:56.414,36.1500,100
49982600661864,13:53:02.600,36.1600,189
49983601615801,13:53:03.601,36.1600,100
49983603022179,13:53:03.603,36.1600,42
49986127072767,13:53:06.127,36.1600,58
49986127072767,13:53:06.127,36.1600,42
49999972307055,13:53:19.972,36.1500,100
50000305176911,13:53:20.305,36.1400,100
50000320542054,13:53:20.320,36.1400,100
50000320566565,13:53:20.320,36.1400,100
50005416502205,13:53:25.416,36.1400,100
50005416502205,13:53:25.416,36.1400,200
50005416842522,13:53:25.416,36.1500,73
50005416899976,13:53:25.416,36.1500,100
50005416899976,13:53:25.416,36.1500,27
50005416902994,13:53:25.416,36.1500,73
50005416902994,13:53:25.416,36.1500,54
50005416934088,13:53:25.416,36.1500,146
50005416964902,13:53:25.416,36.1500,100
50008989233251,13:53:28.989,36.1600,100
50052419378037,13:54:12.419,36.1600,159
50052419378037,13:54:12.419,36.1600,135
50052419378037,13:54:12.419,36.1600,100
50052419378037,13:54:12.419,36.1600,100
50052423849776,13:54:12.423,36.1500,200
50052423849776,13:54:12.423,36.1500,100
50052424595223,13:54:12.424,36.1600,68
50052424619855,13:54:12.424,36.1600,7
50052424645649,13:54:12.424,36.1600,125
50052424645649,13:54:12.424,36.1600,100
50052626204570,13:54:12.626,36.1600,100
50052626204570,13:54:12.626,36.1600,100
50058828065438,13:54:18.828,36.1600,100
50058833258430,13:54:18.833,36.1600,100
50060270256135,13:54:20.270,36.1500,100
50077556074663,13:54:37.556,36.1400,100
50077557676832,13:54:37.557,36.1400,100
50077817393721,13:54:37.817,36.1300,11
50077817393721,13:54:37.817,36.1300,100
50078021682011,13:54:38.021,36.1300,97
50078076017810,13:54:38.076,36.1300,35
50078556793188,13:54:38.556,36.1300,100
50078557231305,13:54:38.557,36.1400,100
50078557231305,13:54:38.557,36.1400,100
50078557231305,13:54:38.557,36.1400,100
50078557231305,13:54:38.557,36.1400,100
50078557231305,13:54:38.557,36.1400,100
50078557231305,13:54:38.557,36.1400,100
50110945310911,13:55:10.945,36.1500,6
50128823455996,13:55:28.823,36.1400,100
50128823455996,13:55:28.823,36.1400,23
50128823455996,13:55:28.823,36.1400,100
50130220683178,13:55:30.220,36.1300,73
50155013172160,13:55:55.013,36.1300,8
50155013224001,13:55:55.013,36.1300,19
50155013224001,13:55:55.013,36.1300,65
50156115495631,13:55:56.115,36.1200,100
50160016113048,13:56:00.016,36.1200,100
50170040210236,13:56:10.040,36.1300,100
50170040210236,13:56:10.040,36.1300,28
50170040987203,13:56:10.040,36.1300,72
50170040987203,13:56:10.040,36.1300,100
50171041444835,13:56:11.041,36.1300,100
50175398636798,13:56:15.398,36.1300,100
50176399815252,13:56:16.399,36.1300,100
50218790837329,13:56:58.790,36.1300,100
50218792597509,13:56:58.792,36.1400,100
50218792597509,13:56:58.792,36.1400,100
50219791846366,13:56:59.791,36.1300,100
50223054646723,13:57:03.054,36.1300,100
50250102888894,13:57:30.102,36.1300,100
50250102888894,13:57:30.102,36.1300,100
50251103875405,13:57:31.103,36.1300,93
50251103875405,13:57:31.103,36.1300,7
50251103898242,13:57:31.103,36.1300,93
50253189068346,13:57:33.189,36.1300,7
50253189068346,13:57:33.189,36.1300,93
50270181409244,13:57:50.181,36.1300,100
50280603928452,13:58:00.603,36.1300,100
50304780941777,13:58:24.780,36.1200,6
50305961065156,13:58:25.961,36.1200,100
50305981088284,13:58:25.981,36.1300,100
50305981088284,13:58:25.981,36.1300,100
50305998115494,13:58:25.998,36.1400,100
50306065979506,13:58:26.065,36.1300,65
50306066007094,13:58:26.066,36.1300,100
50306066007094,13:58:26.066,36.1300,4
50306982544011,13:58:26.982,36.1300,100
50306982544011,13:58:26.982,36.1300,100
50306982546868,13:58:26.982,36.1300,100
50312434061077,13:58:32.434,36.1300,100
50312434818294,13:58:32.434,36.1300,100
50312832390154,13:58:32.832,36.1300,100
50312832849268,13:58:32.832,36.1300,100
50312832849268,13:58:32.832,36.1300,100
50312832849268,13:58:32.832,36.1300,100
50312832849268,13:58:32.832,36.1400,100
50312832849268,13:58:32.832,36.1400,100
50312832849268,13:58:32.832,36.1400,100
50312833729206,13:58:32.833,36.1300,100
50313436237645,13:58:33.436,36.1400,130
50313436237645,13:58:33.436,36.1400,100
50339000486665,13:58:59.000,36.1300,100
50339000486665,13:58:59.000,36.1200,100
50339000486665,13:58:59.000,36.1200,3
50339000568551,13:58:59.000,36.1100,10
50339000568551,13:58:59.000,36.1100,78
50339000569912,13:58:59.000,36.1100,22
50339000569912,13:58:59.000,36.1100,23
50339000774520,13:58:59.000,36.1100,23
50339000786289,13:58:59.000,36.1100,45
50339000801237,13:58:59.000,36.1100,9
50339003553458,13:58:59.003,36.1100,100
50369836745610,13:59:29.836,36.1100,56
50369836788653,13:59:29.836,36.1100,44
50371897466385,13:59:31.897,36.1100,100
50371897466385,13:59:31.897,36.1100,6
50373815125713,13:59:33.815,36.1100,100
50376827256783,13:59:36.827,36.1100,100
50377828702664,13:59:37.828,36.1100,100
50387645145757,13:59:47.645,36.1100,100
50393319683947,13:59:53.319,36.1100,100
50393320478030,13:59:53.320,36.1300,100
50393320478030,13:59:53.320,36.1300,131
50393320481306,13:59:53.320,36.1300,62
50394320630464,13:59:54.320,36.1200,100
50402686814000,14:00:02.686,36.1300,100
50402693416885,14:00:02.693,36.1300,100
50402718669401,14:00:02.718,36.1300,100
50402724685244,14:00:02.724,36.1300,20
50402733823500,14:00:02.733,36.1300,49
50402814088147,14:00:02.814,36.1400,1
50403223898011,14:00:03.223,36.1400,35
50405718615586,14:00:05.718,36.1600,100
50405722574348,14:00:05.722,36.1800,100
50407780706447,14:00:07.780,36.2400,200
50407780706447,14:00:07.780,36.2400,100
50407934413173,14:00:07.934,36.3300,100
50408592781328,14:00:08.592,36.3500,100
50411257213771,14:00:11.257,36.3500,100
50415564607116,14:00:15.564,36.3600,6
50415950594501,14:00:15.950,36.3900,7
50420837527017,14:00:20.837,36.3600,100
50420837527017,14:00:20.837,36.3500,100
50420837527017,14:00:20.837,36.3500,100
50420837527017,14:00:20.837,36.3500,10
50420837645082,14:00:20.837,36.3500,100
50420838705683,14:00:20.838,36.3400,100
50420838705683,14:00:20.838,36.3400,10
50420838705683,14:00:20.838,36.3400,90
50420842215245,14:00:20.842,36.3400,10
50420842790358,14:00:20.842,36.3400,100
50420842875040,14:00:20.842,36.3500,25
50423317711563,14:00:23.317,36.3400,100
50423317711563,14:00:23.317,36.3400,100
50423318485749,14:00:23.318,36.3300,200
50423318485749,14:00:23.318,36.3300,100
50423318570344,14:00:23.318,36.3200,500
50423318570344,14:00:23.318,36.3200,120
50423318616483,14:00:23.318,36.3200,100
50423318621769,14:00:23.318,36.3200,100
50423318647510,14:00:23.318,36.3200,98
50423318649933,14:00:23.318,36.3200,182
50423318686135,14:00:23.318,36.3100,140
50423318913052,14:00:23.318,36.3100,60
50423318941398,14:00:23.318,36.3000,62
50423318945885,14:00:23.318,36.3000,40
50423318970720,14:00:23.318,36.3000,98
50423319045989,14:00:23.319,36.3000,100
50423319164458,14:00:23.319,36.3000,98
50423336786983,14:00:23.336,36.3000,100
50423336786983,14:00:23.336,36.2900,105
50423336795546,14:00:23.336,36.2900,95
50423336795546,14:00:23.336,36.2900,5
50423339107441,14:00:23.339,36.2800,10
50438524306936,14:00:38.524,36.3200,200
50438524306936,14:00:38.524,36.2900,100
50438524306936,14:00:38.524,36.2900,200
50438524306936,14:00:38.524,36.2900,100
50438581059988,14:00:38.581,36.2900,100
50438581059988,14:00:38.581,36.2900,100
50438581059988,14:00:38.581,36.2900,3
50440522607683,14:00:40.522,36.2800,100
50440522701738,14:00:40.522,36.2800,100
50442151678004,14:00:42.151,36.2900,100
50442153813737,14:00:42.153,36.2900,100
50442191326830,14:00:42.191,36.2900,100
50442193714140,14:00:42.193,36.2900,100
50442204905703,14:00:42.204,36.2800,100
50442205019516,14:00:42.205,36.2800,100
50442249740161,14:00:42.249,36.2800,100
50442531679253,14:00:42.531,36.2800,100
50442784175225,14:00:42.784,36.2800,93
50444563737975,14:00:44.563,36.2700,100
50444563774976,14:00:44.563,36.2700,100
50444564037680,14:00:44.564,36.2600,100
50444564051857,14:00:44.564,36.2600,100
50444564205229,14:00:44.564,36.2500,5
50444564205229,14:00:44.564,36.2500,20
50444564209896,14:00:44.564,36.2400,1
50444564209896,14:00:44.564,36.2400,74
50446629902105,14:00:46.629,36.2300,5
50446629902105,14:00:46.629,36.2300,39
50446629950160,14:00:46.629,36.2300,61
50446629950160,14:00:46.629,36.2300,39
50446630113008,14:00:46.630,36.2300,44
50446630154216,14:00:46.630,36.2300,17
50446630317277,14:00:46.630,36.2200,5
50446630317277,14:00:46.630,36.2200,107
50446883909642,14:00:46.883,36.2100,100
50446883940677,14:00:46.883,36.2100,26
50471394418114,14:01:11.394,36.2300,7
50471394418114,14:01:11.394,36.2300,90
50497878511585,14:01:37.878,36.2300,100
50503081601329,14:01:43.081,36.2000,5
50503081601329,14:01:43.081,36.2000,15
50503081601329,14:01:43.081,36.2000,100
50524866554469,14:02:04.866,36.2000,6
50524867195927,14:02:04.867,36.2000,200
50524867375662,14:02:04.867,36.2000,100
50524867375662,14:02:04.867,36.2000,100
50529334784716,14:02:09.334,36.2000,100
50529334784716,14:02:09.334,36.2000,200
50529369576152,14:02:09.369,36.2000,100
50530909765932,14:02:10.909,36.1900,117
50530909795922,14:02:10.909,36.1900,83
50530909795922,14:02:10.909,36.1900,10
50530910086888,14:02:10.910,36.1800,1
50530910086888,14:02:10.910,36.1800,99
50535839614562,14:02:15.839,36.1800,47
50535839629411,14:02:15.839,36.1800,53
50537107384651,14:02:17.107,36.1700,5
50537107384651,14:02:17.107,36.1700,5
50538639593528,14:02:18.639,36.1700,100
50538639593528,14:02:18.639,36.1700,100
50538723409973,14:02:18.723,36.1700,100
50538723462725,14:02:18.723,36.1700,100
50538723472004,14:02:18.723,36.1700,100
50538723584821,14:02:18.723,36.1700,100
50538723584821,14:02:18.723,36.1700,100
50538723801837,14:02:18.723,36.1700,100
50539074346272,14:02:19.074,36.1700,100
50558009775281,14:02:38.009,36.1800,35
50576561182549,14:02:56.561,36.1800,200
50576561182549,14:02:56.561,36.1800,100
50576561182549,14:02:56.561,36.1800,100
50577562824239,14:02:57.562,36.1900,100
50577849320620,14:02:57.849,36.1900,100
50578851584329,14:02:58.851,36.1900,100
50579852589968,14:02:59.852,36.1900,100
50580853581066,14:03:00.853,36.1900,100
50593190018130,14:03:13.190,36.2000,100
50593190018130,14:03:13.190,36.2000,100
50601978070718,14:03:21.978,36.2000,200
50601978228976,14:03:21.978,36.2000,100
50635682351268,14:03:55.682,36.2300,75
50637099338377,14:03:57.099,36.2200,97
50637099338377,14:03:57.099,36.2200,3
50637099374318,14:03:57.099,36.2200,97
50644296245931,14:04:04.296,36.2300,7
50644296302448,14:04:04.296,36.2300,93
50644296302448,14:04:04.296,36.2300,35
50652627743535,14:04:12.627,36.2300,100
50657885595851,14:04:17.885,36.2200,100
50657886237166,14:04:17.886,36.2100,33
50657886262114,14:04:17.886,36.2100,67
50667145555809,14:04:27.145,36.2200,100
50667146182447,14:04:27.146,36.2300,67
50667146190346,14:04:27.146,36.2300,33
50667449154846,14:04:27.449,36.2300,100
50667951943565,14:04:27.951,36.2300,100
50674271665275,14:04:34.271,36.2300,100
50675871232553,14:04:35.871,36.2300,100
50687854225643,14:04:47.854,36.2600,100
50687983888376,14:04:47.983,36.2700,100
50696112430598,14:04:56.112,36.2600,7
50696112971062,14:04:56.112,36.2500,22
50696112974235,14:04:56.112,36.2500,41
50696112976205,14:04:56.112,36.2500,13
50696112976205,14:04:56.112,36.2500,20
50696112981633,14:04:56.112,36.2500,41
50696113069951,14:04:56.113,36.2500,39
50696113956496,14:04:56.113,36.2500,100
50696113956496,14:04:56.113,36.2500,100
50698076086574,14:04:58.076,36.2600,100
50699313112095,14:04:59.313,36.2700,100
50699313573848,14:04:59.313,36.2800,57
50699313605677,14:04:59.313,36.2800,43
50699314168814,14:04:59.314,36.2700,100
50699314177844,14:04:59.314,36.2700,100
50704163511870,14:05:04.163,36.2700,100
50704163511870,14:05:04.163,36.2700,20
50705164996540,14:05:05.164,36.2700,100
50707167368322,14:05:07.167,36.2600,100
50707200333437,14:05:07.200,36.2600,100
50713805344061,14:05:13.805,36.2700,100
50713805374860,14:05:13.805,36.2700,62
50713805379977,14:05:13.805,36.2700,38
50728083345224,14:05:28.083,36.2700,100
50746845521286,14:05:46.845,36.2500,100
50746845521286,14:05:46.845,36.2500,100
50787929494684,14:06:27.929,36.2800,100
50787929564289,14:06:27.929,36.2800,35
50787932982161,14:06:27.932,36.2900,100
50790738993937,14:06:30.738,36.3000,100
50790739054573,14:06:30.739,36.3000,14
50790739599577,14:06:30.739,36.3000,14
50790739665304,14:06:30.739,36.3000,14
50790739726477,14:06:30.739,36.3000,14
50808296729968,14:06:48.296,36.3000,6
50808296729968,14:06:48.296,36.3000,15
50808296742941,14:06:48.296,36.2900,100
50808296742941,14:06:48.296,36.2900,62
50808296748563,14:06:48.296,36.2900,38
50834834892440,14:07:14.834,36.2800,3
50853137140036,14:07:33.137,36.2900,6
50853137208521,14:07:33.137,36.2900,7
50884453537884,14:08:04.453,36.3100,100
50884453537884,14:08:04.453,36.3100,100
50884453634715,14:08:04.453,36.3100,35
50884453634715,14:08:04.453,36.3100,59
50884454291480,14:08:04.454,36.3100,100
50884454297918,14:08:04.454,36.3100,18
50887729693372,14:08:07.729,36.3300,7
50888140861328,14:08:08.140,36.3300,100
50889142301277,14:08:09.142,36.3300,100
50889142335816,14:08:09.142,36.3300,100
50915436213996,14:08:35.436,36.3600,100
50929931236825,14:08:49.931,36.3600,5
50929931236825,14:08:49.931,36.3500,138
50929931301744,14:08:49.931,36.3700,60
50931760424012,14:08:51.760,36.3600,75
50931761191982,14:08:51.761,36.3700,100
50937089970100,14:08:57.089,36.3600,6
50938500286603,14:08:58.500,36.3600,100
50942965830794,14:09:02.965,36.3600,94
50942965865956,14:09:02.965,36.3700,69
50942965921254,14:09:02.965,36.3700,31
50965244413750,14:09:25.244,36.3600,100
50965244413750,14:09:25.244,36.3600,17
50978019681647,14:09:38.019,36.3600,59
50992844509321,14:09:52.844,36.3500,100
50992844509321,14:09:52.844,36.3500,100
50992844509321,14:09:52.844,36.3500,100
50992844509321,14:09:52.844,36.3500,100
50992844772233,14:09:52.844,36.3600,18
50992844950027,14:09:52.844,36.3600,23
50992844950027,14:09:52.844,36.3600,37
50992844979227,14:09:52.844,36.3600,63
50997994242947,14:09:57.994,36.3400,100
50997994270326,14:09:57.994,36.3400,200
50997994764461,14:09:57.994,36.3400,10
50997994785939,14:09:57.994,36.3400,90
51024711280632,14:10:24.711,36.3200,2
51024712790768,14:10:24.712,36.3100,4
51024923856866,14:10:24.923,36.3000,5
51024923856866,14:10:24.923,36.3000,95
51024923882799,14:10:24.923,36.3000,5
51024924272038,14:10:24.924,36.3000,100
51038541405268,14:10:38.541,36.3100,100
51039528315179,14:10:39.528,36.3200,100
