timestamp,time,price,volume
34200709951723,09:30:00.709,0.0000,0
34232061763807,09:30:32.061,12.3500,100
34232446297587,09:30:32.446,12.3500,100
34246080119093,09:30:46.080,12.3600,100
34246080119093,09:30:46.080,12.3600,100
34246080119093,09:30:46.080,12.3600,100
34246080525807,09:30:46.080,12.3600,100
34246080525807,09:30:46.080,12.3600,100
34246080779307,09:30:46.080,12.3600,100
34246080861618,09:30:46.080,12.3600,100
34246081570842,09:30:46.081,12.3600,100
34255860115537,09:30:55.860,12.3500,86
34257091305091,09:30:57.091,12.3400,100
34257303334171,09:30:57.303,12.3400,100
34257312052496,09:30:57.312,12.3400,100
34257312052496,09:30:57.312,12.3400,100
34257312230405,09:30:57.312,12.3400,100
34257312230405,09:30:57.312,12.3400,100
34261136901285,09:31:01.136,12.3500,100
34261136901285,09:31:01.136,12.3500,100
34261136901285,09:31:01.136,12.3500,100
34261137642430,09:31:01.137,12.3500,100
34261137642430,09:31:01.137,12.3500,100
34261137642430,09:31:01.137,12.3500,100
34261137642430,09:31:01.137,12.3500,100
34261137642430,09:31:01.137,12.3400,40
34261137642430,09:31:01.137,12.3400,100
34261137642430,09:31:01.137,12.3400,100
34261137642430,09:31:01.137,12.3400,100
34261137642430,09:31:01.137,12.3400,100
34261137642430,09:31:01.137,12.3400,100
34261137873644,09:31:01.137,12.3400,100
34261137873644,09:31:01.137,12.3400,100
34261138817467,09:31:01.138,12.3500,100
34261138817467,09:31:01.138,12.3500,100
34261141149283,09:31:01.141,12.3500,100
34261141177814,09:31:01.141,12.3500,100
34261141177814,09:31:01.141,12.3500,100
34264931729922,09:31:04.931,12.3400,100
34275374263501,09:31:15.374,12.3000,150
34281158149100,09:31:21.158,12.3000,100
34294141901771,09:31:34.141,12.2900,100
34299394486314,09:31:39.394,12.3000,200
34299394486314,09:31:39.394,12.3000,100
34300026842797,09:31:40.026,12.3000,100
34300299931625,09:31:40.299,12.3000,200
34302650795815,09:31:42.650,12.3000,100
34302650795815,09:31:42.650,12.3000,100
34302651058345,09:31:42.651,12.3000,100
34302652826854,09:31:42.652,12.3000,100
34302652863507,09:31:42.652,12.3000,100
34302652863507,09:31:42.652,12.3000,400
34302652863507,09:31:42.652,12.3000,400
34302652863507,09:31:42.652,12.3000,100
34302790556505,09:31:42.790,12.3000,100
34320681292493,09:32:00.681,12.2900,100
34320681292493,09:32:00.681,12.2900,100
34320681318033,09:32:00.681,12.2900,1100
34320681318033,09:32:00.681,12.2900,100
34320681409961,09:32:00.681,12.2900,100
34320681409961,09:32:00.681,12.2900,400
34320755388312,09:32:00.755,12.2800,100
34320872341105,09:32:00.872,12.2700,100
34320872341105,09:32:00.872,12.2700,100
34320872341105,09:32:00.872,12.2700,100
34320873241058,09:32:00.873,12.2600,100
34320873241058,09:32:00.873,12.2600,100
34320888235996,09:32:00.888,12.2500,3748
34320888333753,09:32:00.888,12.2500,1347
34320888333753,09:32:00.888,12.2500,100
34320888333753,09:32:00.888,12.2500,100
34320888333753,09:32:00.888,12.2500,400
34322498815370,09:32:02.498,12.2200,100
34322498815370,09:32:02.498,12.2200,100
34323432007114,09:32:03.432,12.2200,22
34323432007114,09:32:03.432,12.2200,59
34323432035550,09:32:03.432,12.2200,41
34323432035550,09:32:03.432,12.2200,100
34323436227642,09:32:03.436,12.2200,100
34323436227642,09:32:03.436,12.2200,100
34323436227642,09:32:03.436,12.2200,100
34323436227642,09:32:03.436,12.2200,100
34323437770837,09:32:03.437,12.2200,200
34323437770837,09:32:03.437,12.2200,100
34323437770837,09:32:03.437,12.2200,100
34323437770837,09:32:03.437,12.2200,100
34323437770837,09:32:03.437,12.2200,100
34324583171229,09:32:04.583,12.2000,13
34325748682874,09:32:05.748,12.2200,100
34325748682874,09:32:05.748,12.2200,200
34325749914000,09:32:05.749,12.2300,100
34329551690989,09:32:09.551,12.2400,100
34329551690989,09:32:09.551,12.2400,500
34329551690989,09:32:09.551,12.2400,590
34329551717891,09:32:09.551,12.2400,10
34330028396562,09:32:10.028,12.2500,100
34330028396562,09:32:10.028,12.2500,100
34339744405676,09:32:19.744,12.2500,400
34339744405676,09:32:19.744,12.2500,300
34339744405676,09:32:19.744,12.2500,130
34339744431137,09:32:19.744,12.2500,470
34339745531366,09:32:19.745,12.2400,300
34347130371502,09:32:27.130,12.2100,100
34347131074950,09:32:27.131,12.2100,100
34347131074950,09:32:27.131,12.2100,100
34347131074950,09:32:27.131,12.2100,100
34347131074950,09:32:27.131,12.2100,200
34347131074950,09:32:27.131,12.2100,100
34347131074950,09:32:27.131,12.2100,100
34347132054057,09:32:27.132,12.2100,100
34347507575461,09:32:27.507,12.1900,100
34352685111556,09:32:32.685,12.1800,100
34352806985776,09:32:32.806,12.1800,100
34352806985776,09:32:32.806,12.1800,100
34357918204596,09:32:37.918,12.1800,100
34357918204596,09:32:37.918,12.1800,100
34357941056386,09:32:37.941,12.1800,100
34357941056386,09:32:37.941,12.1800,100
34364873149145,09:32:44.873,12.1700,100
34364873149145,09:32:44.873,12.1700,100
34364873149145,09:32:44.873,12.1700,100
34364873264723,09:32:44.873,12.1700,92
34364873289058,09:32:44.873,12.1700,8
34364873337476,09:32:44.873,12.1700,100
34364873616817,09:32:44.873,12.1700,100
34364873616817,09:32:44.873,12.1700,100
34364873616817,09:32:44.873,12.1700,100
34364873616817,09:32:44.873,12.1700,100
34364874472706,09:32:44.874,12.1700,100
34364874472706,09:32:44.874,12.1700,100
34364874472706,09:32:44.874,12.1700,100
34364874472706,09:32:44.874,12.1700,100
34365024813992,09:32:45.024,12.1800,100
34365024813992,09:32:45.024,12.1800,100
34365024882515,09:32:45.024,12.1800,100
34365024882515,09:32:45.024,12.1800,100
34367506798106,09:32:47.506,12.1900,100
34367506798106,09:32:47.506,12.1900,100
34376603355568,09:32:56.603,12.2000,100
34377433039276,09:32:57.433,12.2000,100
34377433039276,09:32:57.433,12.2000,100
34377433039276,09:32:57.433,12.2000,100
34385460302904,09:33:05.460,12.2100,100
34402283986775,09:33:22.283,12.2200,100
34402284011675,09:33:22.284,12.2200,100
34406336277676,09:33:26.336,12.1600,96
34406959132218,09:33:26.959,12.1700,100
34406981009711,09:33:26.981,12.1800,200
34406981038013,09:33:26.981,12.1800,100
34406981041083,09:33:26.981,12.1800,100
34406981146793,09:33:26.981,12.1800,100
34406981146793,09:33:26.981,12.1800,100
34406981146793,09:33:26.981,12.1800,100
34409527819691,09:33:29.527,12.1900,100
34409527819691,09:33:29.527,12.1900,100
34411433923636,09:33:31.433,12.2000,100
34419015223310,09:33:39.015,12.1900,100
34419015223310,09:33:39.015,12.1900,100
34425026383483,09:33:45.026,12.1900,300
34425026383483,09:33:45.026,12.1900,200
34425026383483,09:33:45.026,12.1900,100
34425026809423,09:33:45.026,12.1900,100
34428382324181,09:33:48.382,12.2100,100
34434319844246,09:33:54.319,12.2100,100
34443959662605,09:34:03.959,12.1900,100
34443960396367,09:34:03.960,12.1900,100
34443960405748,09:34:03.960,12.1900,100
34443960432599,09:34:03.960,12.1900,100
34444434924243,09:34:04.434,12.2000,100
34448190820071,09:34:08.190,12.2000,100
34448190820071,09:34:08.190,12.2000,100
34464131012957,09:34:24.131,12.1800,100
34464131044758,09:34:24.131,12.1800,100
34464131044758,09:34:24.131,12.1800,600
34464132109408,09:34:24.132,12.1700,100
34464132174020,09:34:24.132,12.1700,100
34490466723201,09:34:50.466,12.1700,100
34490466723201,09:34:50.466,12.1700,100
34490468514885,09:34:50.468,12.1800,100
34490468514885,09:34:50.468,12.1800,100
34490468530328,09:34:50.468,12.1800,200
34491280271367,09:34:51.280,12.1900,100
34492683835626,09:34:52.683,12.1900,300
34492689438689,09:34:52.689,12.1900,100
34492689438689,09:34:52.689,12.1900,100
34492689438689,09:34:52.689,12.1900,100
34524807246910,09:35:24.807,12.1500,100
34524807246910,09:35:24.807,12.1500,100
34524807246910,09:35:24.807,12.1500,100
34524875104272,09:35:24.875,12.1600,100
34524875104272,09:35:24.875,12.1600,200
34524875104272,09:35:24.875,12.1600,100
34524875104272,09:35:24.875,12.1600,100
34525209054800,09:35:25.209,12.1500,400
34525209054800,09:35:25.209,12.1500,100
34526322174204,09:35:26.322,12.1500,100
34526322174204,09:35:26.322,12.1500,200
34526322435899,09:35:26.322,12.1500,200
34526322435899,09:35:26.322,12.1500,100
34526322435899,09:35:26.322,12.1500,100
34526322435899,09:35:26.322,12.1500,100
34526322435899,09:35:26.322,12.1500,100
34526322435899,09:35:26.322,12.1500,100
34533477364312,09:35:33.477,12.1500,100
34533541563880,09:35:33.541,12.1400,100
34533541607973,09:35:33.541,12.1400,300
34533541607973,09:35:33.541,12.1400,100
34533552417162,09:35:33.552,12.1400,191
34533552417162,09:35:33.552,12.1400,100
34533552417162,09:35:33.552,12.1400,100
34533552417162,09:35:33.552,12.1400,2
34533552417162,09:35:33.552,12.1400,100
34535026095232,09:35:35.026,12.1500,100
34536868917732,09:35:36.868,12.1500,400
34536868917732,09:35:36.868,12.1500,100
34536868917732,09:35:36.868,12.1500,100
34536868917732,09:35:36.868,12.1500,100
34536871460394,09:35:36.871,12.1400,100
34536871460394,09:35:36.871,12.1400,100
34537033143919,09:35:37.033,12.1300,37
34537033143919,09:35:37.033,12.1300,100
34537033635443,09:35:37.033,12.1300,100
34537033635443,09:35:37.033,12.1300,100
34538182965001,09:35:38.182,12.1400,100
34538185004429,09:35:38.185,12.1400,500
34538185004429,09:35:38.185,12.1400,100
34538185004429,09:35:38.185,12.1400,100
34538185004429,09:35:38.185,12.1400,100
34538185004429,09:35:38.185,12.1400,100
34538185004429,09:35:38.185,12.1400,400
34538185004429,09:35:38.185,12.1400,100
34545025910342,09:35:45.025,12.1400,100
34560571452308,09:36:00.571,12.1700,100
34560571792353,09:36:00.571,12.1700,100
34560571792353,09:36:00.571,12.1700,100
34560571792353,09:36:00.571,12.1700,300
34560571792353,09:36:00.571,12.1700,100
34570633600993,09:36:10.633,12.1600,100
34572709250508,09:36:12.709,12.1500,100
34577897232871,09:36:17.897,12.1200,47
34578131389325,09:36:18.131,12.1100,100
34578131389325,09:36:18.131,12.1100,100
34578131389325,09:36:18.131,12.1100,100
34578131389325,09:36:18.131,12.1100,9
34578131393898,09:36:18.131,12.1100,91
34578131393898,09:36:18.131,12.1100,100
34578646772837,09:36:18.646,12.1000,100
34578646805873,09:36:18.646,12.1000,96
34583764855890,09:36:23.764,12.0900,100
34586205305495,09:36:26.205,12.0900,100
34586208325558,09:36:26.208,12.0900,100
34586208325558,09:36:26.208,12.0900,100
34586208325558,09:36:26.208,12.0900,100
34586435431701,09:36:26.435,12.1000,100
34586435431701,09:36:26.435,12.1000,100
34586435460270,09:36:26.435,12.1000,100
34589959445108,09:36:29.959,12.1100,200
34597432708905,09:36:37.432,12.1200,100
34597435744198,09:36:37.435,12.1100,100
34597435745527,09:36:37.435,12.1100,400
34597435768305,09:36:37.435,12.1100,200
34597435768305,09:36:37.435,12.1100,100
34597435768305,09:36:37.435,12.1100,100
34601191496656,09:36:41.191,12.1100,100
34601191823156,09:36:41.191,12.1100,100
34601191853343,09:36:41.191,12.1100,100
34625959056910,09:37:05.959,12.1500,100
34625959056910,09:37:05.959,12.1500,100
34625959056910,09:37:05.959,12.1500,100
34625959056910,09:37:05.959,12.1500,100
34625959056910,09:37:05.959,12.1500,100
34625959056910,09:37:05.959,12.1500,100
34637021670867,09:37:17.021,12.1500,100
34643768829580,09:37:23.768,12.1500,100
34644320160252,09:37:24.320,12.1500,100
34645026084648,09:37:25.026,12.1500,100
34650844728606,09:37:30.844,12.1500,100
34650845722309,09:37:30.845,12.1500,100
34650847196741,09:37:30.847,12.1600,45
34650847234864,09:37:30.847,12.1600,355
34650847234864,09:37:30.847,12.1600,100
34650847234864,09:37:30.847,12.1600,100
34652136992329,09:37:32.136,12.1600,100
34652136992329,09:37:32.136,12.1600,84
34652137032425,09:37:32.137,12.1600,16
34652207504404,09:37:32.207,12.1600,100
34652207504404,09:37:32.207,12.1600,200
34652207504404,09:37:32.207,12.1600,100
34652207504404,09:37:32.207,12.1600,100
34654570128969,09:37:34.570,12.1600,100
34657826532905,09:37:37.826,12.1700,100
34657828070654,09:37:37.828,12.1700,100
34657828070654,09:37:37.828,12.1700,100
34658720313209,09:37:38.720,12.1600,100
34660958666192,09:37:40.958,12.1400,93
34660960177942,09:37:40.960,12.1400,14
34665029569551,09:37:45.029,12.1400,100
34665184316745,09:37:45.184,12.1400,100
34665184316745,09:37:45.184,12.1400,100
34672200614988,09:37:52.200,12.1400,100
34709157368928,09:38:29.157,12.1500,100
34709157368928,09:38:29.157,12.1500,100
34709157459828,09:38:29.157,12.1500,100
34709157601146,09:38:29.157,12.1500,100
34733149538850,09:38:53.149,12.1600,100
34733149731869,09:38:53.149,12.1600,100
34733192591361,09:38:53.192,12.1500,73
34736201584158,09:38:56.201,12.1700,200
34736201909729,09:38:56.201,12.1700,100
34740725482649,09:39:00.725,12.1800,100
34743409509248,09:39:03.409,12.1800,100
34743409509248,09:39:03.409,12.1800,100
34743409509248,09:39:03.409,12.1800,100
34743410248878,09:39:03.410,12.1800,100
34752774140795,09:39:12.774,12.1900,70
34752774477921,09:39:12.774,12.1900,30
34760239134864,09:39:20.239,12.1900,100
34760239134864,09:39:20.239,12.1900,100
34760265837507,09:39:20.265,12.1900,300
34760265837507,09:39:20.265,12.1900,100
34760265837507,09:39:20.265,12.1900,100
34760265837507,09:39:20.265,12.1900,100
34760265837507,09:39:20.265,12.1900,87
34761298018163,09:39:21.298,12.1800,100
34771506712070,09:39:31.506,12.1700,100
34804201279100,09:40:04.201,12.1700,100
34820234559971,09:40:20.234,12.1700,100
34823822874550,09:40:23.822,12.1700,600
34823822874550,09:40:23.822,12.1700,100
34823822874550,09:40:23.822,12.1700,100
34823822874550,09:40:23.822,12.1700,100
34823822874550,09:40:23.822,12.1700,100
34823822874550,09:40:23.822,12.1700,100
34823822874550,09:40:23.822,12.1700,200
34823823457083,09:40:23.823,12.1700,100
34823823457083,09:40:23.823,12.1700,100
34823823457083,09:40:23.823,12.1700,100
34823823656114,09:40:23.823,12.1700,100
34860861119735,09:41:00.861,12.1700,100
34860861119735,09:41:00.861,12.1700,86
34860861181773,09:41:00.861,12.1700,14
34865265350886,09:41:05.265,12.1600,100
34875953956418,09:41:15.953,12.1500,65
34880024221226,09:41:20.024,12.1500,100
34880024462068,09:41:20.024,12.1500,100
34880024953250,09:41:20.024,12.1500,100
34880030499712,09:41:20.030,12.1500,100
34891960382420,09:41:31.960,12.1500,100
34909015880463,09:41:49.015,12.1400,100
34909016896483,09:41:49.016,12.1300,70
34923345220805,09:42:03.345,12.1300,100
34923345220805,09:42:03.345,12.1300,100
34923345220805,09:42:03.345,12.1300,70
34923345220805,09:42:03.345,12.1300,100
34923959651460,09:42:03.959,12.1300,100
34924347996269,09:42:04.347,12.1350,100
34930444601638,09:42:10.444,12.1300,100
34930463529824,09:42:10.463,12.1100,46
34932822917252,09:42:12.822,12.1100,100
34932822917252,09:42:12.822,12.1100,100
34959562426867,09:42:39.562,12.0900,100
34959562426867,09:42:39.562,12.0900,100
34959582246935,09:42:39.582,12.0800,100
34959582246935,09:42:39.582,12.0800,37
34965981073907,09:42:45.981,12.0700,100
34983256790317,09:43:03.256,12.0750,100
34983256790317,09:43:03.256,12.0800,37
34983256816671,09:43:03.256,12.0800,263
34983256816671,09:43:03.256,12.0800,200
34983256884160,09:43:03.256,12.0800,100
34983258033689,09:43:03.258,12.0800,200
34983258033689,09:43:03.258,12.0800,100
34983258132080,09:43:03.258,12.0800,37
34983259596655,09:43:03.259,12.0800,100
34983259596655,09:43:03.259,12.0800,100
34990801798234,09:43:10.801,12.0850,100
34990801883114,09:43:10.801,12.0850,100
34990851814506,09:43:10.851,12.0900,7
35003875980657,09:43:23.875,12.0800,200
35003875980657,09:43:23.875,12.0800,292
35003876025695,09:43:23.876,12.0800,308
35003876025695,09:43:23.876,12.0800,600
35003876025695,09:43:23.876,12.0800,100
35003876046053,09:43:23.876,12.0800,100
35008023919126,09:43:28.023,12.0800,64
35013501488773,09:43:33.501,12.0800,200
35013501650108,09:43:33.501,12.0800,300
35025340311009,09:43:45.340,12.0700,100
35025340311009,09:43:45.340,12.0700,100
35025340311009,09:43:45.340,12.0700,100
35025340311009,09:43:45.340,12.0700,100
35045025356583,09:44:05.025,12.0700,200
35045025356583,09:44:05.025,12.0700,200
35047589706282,09:44:07.589,12.0750,100
35047590167248,09:44:07.590,12.0800,100
35047590167248,09:44:07.590,12.0800,100
35048268187636,09:44:08.268,12.0800,100
35050042339848,09:44:10.042,12.0850,100
35053207411176,09:44:13.207,12.0850,100
35067445749594,09:44:27.445,12.0800,400
35067445749594,09:44:27.445,12.0800,77
35067445779580,09:44:27.445,12.0800,23
35067445779580,09:44:27.445,12.0800,100
35075499981285,09:44:35.499,12.0700,300
35083272038413,09:44:43.272,12.0600,100
35083272345841,09:44:43.272,12.0600,100
35083272345841,09:44:43.272,12.0600,100
35093938498671,09:44:53.938,12.0600,300
35093938498671,09:44:53.938,12.0600,60
35093938498671,09:44:53.938,12.0600,100
35093938582095,09:44:53.938,12.0600,100
35093938835651,09:44:53.938,12.0600,100
35093944905746,09:44:53.944,12.0700,100
35100012995963,09:45:00.012,12.0650,100
35100012995963,09:45:00.012,12.0700,100
35100012995963,09:45:00.012,12.0700,100
35100012995963,09:45:00.012,12.0700,100
35100012995963,09:45:00.012,12.0700,100
35100249836648,09:45:00.249,12.0700,100
35100249836648,09:45:00.249,12.0700,100
35100644917763,09:45:00.644,12.0700,100
35105819531808,09:45:05.819,12.0650,100
35110356300370,09:45:10.356,12.0500,100
35110356300370,09:45:10.356,12.0500,100
35117655234868,09:45:17.655,12.0500,100
35117655881121,09:45:17.655,12.0500,48
35117657166887,09:45:17.657,12.0500,200
35117657166887,09:45:17.657,12.0500,100
35117657166887,09:45:17.657,12.0500,200
35117657166887,09:45:17.657,12.0500,200
35117657166887,09:45:17.657,12.0500,100
35117657166887,09:45:17.657,12.0500,100
35117657166887,09:45:17.657,12.0500,100
35117657166887,09:45:17.657,12.0500,100
35124044584512,09:45:24.044,12.0400,100
35124044584512,09:45:24.044,12.0400,100
35124045387599,09:45:24.045,12.0400,100
35124045387599,09:45:24.045,12.0400,100
35124046779940,09:45:24.046,12.0400,100
35132814592178,09:45:32.814,12.0400,100
35132814592178,09:45:32.814,12.0400,61
35132814592178,09:45:32.814,12.0400,100
35132816296525,09:45:32.816,12.0400,100
35136240749523,09:45:36.240,12.0450,100
35136240749523,09:45:36.240,12.0500,100
35136240749523,09:45:36.240,12.0500,200
35140807483935,09:45:40.807,12.0600,100
35140807483935,09:45:40.807,12.0600,100
35197344621816,09:46:37.344,12.0600,100
35197344621816,09:46:37.344,12.0600,100
35197344621816,09:46:37.344,12.0600,100
35197344621816,09:46:37.344,12.0600,100
35197344621816,09:46:37.344,12.0600,100
35197344621816,09:46:37.344,12.0600,100
35197445670088,09:46:37.445,12.0600,70
35220042546833,09:47:00.042,12.0650,100
35222367197136,09:47:02.367,12.0650,100
35222367358050,09:47:02.367,12.0600,100
35222367549399,09:47:02.367,12.0600,100
35222367549399,09:47:02.367,12.0600,67
35222367549399,09:47:02.367,12.0600,100
35222367549399,09:47:02.367,12.0600,133
35222367675708,09:47:02.367,12.0600,228
35222367675708,09:47:02.367,12.0600,200
35222367675708,09:47:02.367,12.0600,400
35222367675708,09:47:02.367,12.0600,200
35222367675708,09:47:02.367,12.0600,100
35222368198374,09:47:02.368,12.0600,100
35222368198374,09:47:02.368,12.0600,200
35225024890398,09:47:05.024,12.0700,100
35225024890398,09:47:05.024,12.0700,100
35225024890398,09:47:05.024,12.0700,200
35225024890398,09:47:05.024,12.0700,100
35225024890398,09:47:05.024,12.0700,100
35225024890398,09:47:05.024,12.0700,300
35225024986747,09:47:05.024,12.0700,800
35225025089725,09:47:05.025,12.0700,100
35225034981996,09:47:05.034,12.0800,100
35227554639006,09:47:07.554,12.0900,100
35278040073408,09:47:58.040,12.1000,100
35278040073408,09:47:58.040,12.1000,100
35278040073408,09:47:58.040,12.1000,100
35278040073408,09:47:58.040,12.1000,900
35278040368141,09:47:58.040,12.1000,100
35278040368141,09:47:58.040,12.1000,200
35278040368141,09:47:58.040,12.1000,100
35278040395310,09:47:58.040,12.1000,100
35278040395310,09:47:58.040,12.1000,90
35278040428712,09:47:58.040,12.1000,100
35278040428712,09:47:58.040,12.1000,200
35278040609647,09:47:58.040,12.1000,200
35278040609647,09:47:58.040,12.1000,100
35278040846054,09:47:58.040,12.1000,10
35278058455341,09:47:58.058,12.1100,300
35278058751909,09:47:58.058,12.1100,52
35278058755621,09:47:58.058,12.1100,248
35278090581425,09:47:58.090,12.1100,100
35278162521650,09:47:58.162,12.1100,400
35278162521650,09:47:58.162,12.1100,100
35278162521650,09:47:58.162,12.1100,100
35278263356292,09:47:58.263,12.1100,36
35280044832531,09:48:00.044,12.1250,100
35280044832531,09:48:00.044,12.1300,200
35280045251180,09:48:00.045,12.1300,100
35280045251180,09:48:00.045,12.1300,200
35280045251180,09:48:00.045,12.1300,100
35280046255477,09:48:00.046,12.1300,400
35280960515652,09:48:00.960,12.1300,100
35289360088218,09:48:09.360,12.1300,100
35289360088218,09:48:09.360,12.1300,200
35289360088218,09:48:09.360,12.1300,100
35289360115954,09:48:09.360,12.1300,300
35289367120784,09:48:09.367,12.1300,13
35289411106513,09:48:09.411,12.1300,100
35292484879777,09:48:12.484,12.1400,100
35292484879777,09:48:12.484,12.1400,100
35292484879777,09:48:12.484,12.1400,100
35292985285299,09:48:12.985,12.1400,100
35295022761457,09:48:15.022,12.1500,400
35295022761457,09:48:15.022,12.1500,200
35295022761457,09:48:15.022,12.1500,300
35295960725977,09:48:15.960,12.1500,100
35295960767000,09:48:15.960,12.1500,200
35296238413813,09:48:16.238,12.1500,100
35296238413813,09:48:16.238,12.1500,200
35296245653567,09:48:16.245,12.1500,200
35296245653567,09:48:16.245,12.1500,200
35296245653567,09:48:16.245,12.1500,300
35296245653567,09:48:16.245,12.1500,80
35296245653567,09:48:16.245,12.1500,200
35296245709375,09:48:16.245,12.1500,100
35296245709375,09:48:16.245,12.1500,100
35296257200663,09:48:16.257,12.1500,100
35330950415222,09:48:50.950,12.1400,300
35339826344090,09:48:59.826,12.1450,1
35339969788392,09:48:59.969,12.1450,1
35344951475110,09:49:04.951,12.1400,100
35344951475110,09:49:04.951,12.1400,100
35344951475110,09:49:04.951,12.1400,20
35344951505935,09:49:04.951,12.1400,80
35347159639319,09:49:07.159,12.1300,200
35347159639319,09:49:07.159,12.1300,100
35353080902808,09:49:13.080,12.1250,100
35353080902808,09:49:13.080,12.1300,600
35353080902808,09:49:13.080,12.1300,100
35353080902808,09:49:13.080,12.1300,600
35353080902808,09:49:13.080,12.1300,75
35353080902808,09:49:13.080,12.1300,800
35353080902808,09:49:13.080,12.1300,100
35353080902808,09:49:13.080,12.1300,100
35353080902808,09:49:13.080,12.1300,100
35401136696237,09:50:01.136,12.1300,100
35401136696237,09:50:01.136,12.1300,100
35404982633895,09:50:04.982,12.1200,100
35404982633895,09:50:04.982,12.1200,100
35404982633895,09:50:04.982,12.1200,300
35414361453548,09:50:14.361,12.1200,70
35414361453548,09:50:14.361,12.1200,100
35414361453548,09:50:14.361,12.1200,200
35414781732117,09:50:14.781,12.1300,100
35414781732117,09:50:14.781,12.1300,100
35414781732117,09:50:14.781,12.1300,400
35414781732117,09:50:14.781,12.1300,100
35428360479953,09:50:28.360,12.1400,700
35428360479953,09:50:28.360,12.1400,100
35428360479953,09:50:28.360,12.1400,100
35428360479953,09:50:28.360,12.1400,100
35428360555659,09:50:28.360,12.1400,100
35428360555659,09:50:28.360,12.1400,900
35434482749713,09:50:34.482,12.1600,100
35446898385722,09:50:46.898,12.1600,400
35448095514953,09:50:48.095,12.1700,100
35449316081008,09:50:49.316,12.1700,100
35451690104999,09:50:51.690,12.1700,100
35451690104999,09:50:51.690,12.1700,100
35451690104999,09:50:51.690,12.1700,100
35451691266885,09:50:51.691,12.1700,100
35451691266885,09:50:51.691,12.1700,100
35454037927046,09:50:54.037,12.1600,100
35454037927046,09:50:54.037,12.1600,40
35465764802348,09:51:05.764,12.1700,19
35465764858286,09:51:05.764,12.1700,81
35467496315796,09:51:07.496,12.1800,100
35478173218954,09:51:18.173,12.1900,500
35478173218954,09:51:18.173,12.1900,100
35484633256471,09:51:24.633,12.1900,100
35484633256471,09:51:24.633,12.1900,100
35484633256471,09:51:24.633,12.1900,200
35484633348830,09:51:24.633,12.1900,203
35503840966218,09:51:43.840,12.1800,100
35503840966218,09:51:43.840,12.1800,200
35534786548655,09:52:14.786,12.1800,100
35534786548655,09:52:14.786,12.1800,100
35534786548655,09:52:14.786,12.1800,100
35534786925555,09:52:14.786,12.1800,100
35534786925555,09:52:14.786,12.1800,100
35551130384338,09:52:31.130,12.1700,100
35555067348744,09:52:35.067,12.1600,100
35556180719905,09:52:36.180,12.1600,200
35556180719905,09:52:36.180,12.1600,100
35556180719905,09:52:36.180,12.1600,100
35556180719905,09:52:36.180,12.1600,300
35556180719905,09:52:36.180,12.1600,200
35556180719905,09:52:36.180,12.1600,60
35564699537172,09:52:44.699,12.1600,100
35570143438110,09:52:50.143,12.1500,100
35588267602565,09:53:08.267,12.1550,100
35588267602565,09:53:08.267,12.1600,100
35588267602565,09:53:08.267,12.1600,100
35588267602565,09:53:08.267,12.1600,300
35588267602565,09:53:08.267,12.1600,93
35588267602565,09:53:08.267,12.1600,141
35588267735061,09:53:08.267,12.1600,59
35588267735061,09:53:08.267,12.1600,100
35588267735061,09:53:08.267,12.1600,500
35588268012875,09:53:08.268,12.1600,100
35588268012875,09:53:08.268,12.1600,100
35588268012875,09:53:08.268,12.1600,100
35588268125880,09:53:08.268,12.1600,100
35588268125880,09:53:08.268,12.1600,100
35588268365495,09:53:08.268,12.1600,100
35588269290440,09:53:08.269,12.1600,200
35588269290440,09:53:08.269,12.1600,90
35588269290440,09:53:08.269,12.1600,100
35588910042584,09:53:08.910,12.1650,100
35588910042584,09:53:08.910,12.1650,100
35588910042584,09:53:08.910,12.1650,100
35588910042584,09:53:08.910,12.1700,100
35588910042584,09:53:08.910,12.1700,300
35588910042584,09:53:08.910,12.1700,100
35588910042584,09:53:08.910,12.1700,100
35588910042584,09:53:08.910,12.1700,100
35593847110463,09:53:13.847,12.1700,200
35593847110463,09:53:13.847,12.1700,100
35593847115644,09:53:13.847,12.1700,300
35607353572722,09:53:27.353,12.1800,100
35607353994496,09:53:27.353,12.1800,100
35607354550860,09:53:27.354,12.1800,156
35607355850378,09:53:27.355,12.1800,72
35610057715015,09:53:30.057,12.1800,100
35610057715015,09:53:30.057,12.1800,100
35624508097610,09:53:44.508,12.1750,100
35624508097610,09:53:44.508,12.1800,100
35624508097610,09:53:44.508,12.1800,100
35629554698857,09:53:49.554,12.1800,168
35630024018048,09:53:50.024,12.1800,32
35630024018048,09:53:50.024,12.1800,268
35630024354956,09:53:50.024,12.1800,157
35630024816435,09:53:50.024,12.1800,75
35630096917177,09:53:50.096,12.1800,190
35630097295435,09:53:50.097,12.1800,110
35653717748467,09:54:13.717,12.1900,100
35653717770901,09:54:13.717,12.1900,100
35653718109350,09:54:13.718,12.1900,100
35653718116577,09:54:13.718,12.1900,100
35653718174615,09:54:13.718,12.1900,200
35653718251712,09:54:13.718,12.1900,60
35655948431488,09:54:15.948,12.1950,100
35656261275312,09:54:16.261,12.2000,100
35659530437302,09:54:19.530,12.2000,405
35659530450893,09:54:19.530,12.2000,195
35659530493218,09:54:19.530,12.2000,200
35659530602875,09:54:19.530,12.2000,100
35659530602875,09:54:19.530,12.2000,100
35659530602875,09:54:19.530,12.2000,400
35659530602875,09:54:19.530,12.2000,400
35659530602875,09:54:19.530,12.2000,100
35659530602875,09:54:19.530,12.2000,400
35659530602875,09:54:19.530,12.2000,200
35659530778869,09:54:19.530,12.2000,300
35659531321178,09:54:19.531,12.2000,100
35659531321178,09:54:19.531,12.2000,200
35659531321178,09:54:19.531,12.2000,500
35659531321178,09:54:19.531,12.2000,100
35659531321178,09:54:19.531,12.2000,400
35659531577782,09:54:19.531,12.2000,100
35659531577782,09:54:19.531,12.2000,100
35659531577782,09:54:19.531,12.2000,300
35659531577782,09:54:19.531,12.2000,200
35659531577782,09:54:19.531,12.2000,500
35659531577782,09:54:19.531,12.2000,93
35659531577782,09:54:19.531,12.2000,100
35659531577782,09:54:19.531,12.2000,200
35659531577782,09:54:19.531,12.2000,100
35659531577782,09:54:19.531,12.2000,200
35659532063077,09:54:19.532,12.2000,70
35659572392968,09:54:19.572,12.2000,63
35660043481060,09:54:20.043,12.2000,200
35663146436328,09:54:23.146,12.2200,400
35663146436328,09:54:23.146,12.2200,100
35663146436328,09:54:23.146,12.2200,100
35663146436328,09:54:23.146,12.2200,370
35663146436328,09:54:23.146,12.2200,100
35667610295821,09:54:27.610,12.2150,1
35667610295821,09:54:27.610,12.2150,2
35667610295821,09:54:27.610,12.2150,2
35667610295821,09:54:27.610,12.2150,1
35667610295821,09:54:27.610,12.2150,1
35667610295821,09:54:27.610,12.2150,1
35667610295821,09:54:27.610,12.2150,1
35667610295821,09:54:27.610,12.2150,1
35667610295821,09:54:27.610,12.2150,1
35667610295821,09:54:27.610,12.2150,1
35669955379113,09:54:29.955,12.2150,1
35669955379113,09:54:29.955,12.2150,3
35669955379113,09:54:29.955,12.2150,1
35685024718797,09:54:45.024,12.2200,100
35685024718797,09:54:45.024,12.2200,200
35685024718797,09:54:45.024,12.2200,100
35700210607746,09:55:00.210,12.2300,100
35700210607746,09:55:00.210,12.2300,100
35700210763027,09:55:00.210,12.2300,100
35703959874451,09:55:03.959,12.2300,400
35703959920662,09:55:03.959,12.2300,400
35704460835997,09:55:04.460,12.2200,100
35704460835997,09:55:04.460,12.2200,100
35705010541922,09:55:05.010,12.2100,100
35705010541922,09:55:05.010,12.2100,200
35705010541922,09:55:05.010,12.2100,100
35705010541922,09:55:05.010,12.2200,700
35705010541922,09:55:05.010,12.2200,200
35705010541922,09:55:05.010,12.2200,100
35705010541922,09:55:05.010,12.2200,100
35705010541922,09:55:05.010,12.2200,100
35705010541922,09:55:05.010,12.2200,200
35705010541922,09:55:05.010,12.2200,100
35705127955491,09:55:05.127,12.2300,700
35705127955491,09:55:05.127,12.2300,100
35705127955491,09:55:05.127,12.2300,100
35705127955491,09:55:05.127,12.2300,200
35705127955491,09:55:05.127,12.2300,100
35705127955491,09:55:05.127,12.2300,100
35705127955491,09:55:05.127,12.2300,100
35705128012900,09:55:05.128,12.2300,100
35705128059120,09:55:05.128,12.2300,100
35705211061092,09:55:05.211,12.2200,200
35705211061092,09:55:05.211,12.2200,100
35705211061092,09:55:05.211,12.2200,200
35714720590865,09:55:14.720,12.2300,100
35719595635295,09:55:19.595,12.2300,100
35725800434798,09:55:25.800,12.2400,400
35725800434798,09:55:25.800,12.2400,100
35728546747658,09:55:28.546,12.2400,100
35746183737424,09:55:46.183,12.2400,100
35746183737424,09:55:46.183,12.2400,100
35748914730975,09:55:48.914,12.2400,100
35750596168408,09:55:50.596,12.2500,100
35754701857174,09:55:54.701,12.2400,100
35754701857174,09:55:54.701,12.2400,100
35754701881573,09:55:54.701,12.2400,100
35757587256254,09:55:57.587,12.2300,100
35757587288137,09:55:57.587,12.2300,100
35757587347286,09:55:57.587,12.2300,100
35757591833414,09:55:57.591,12.2200,100
35757591833414,09:55:57.591,12.2200,40
35772727076715,09:56:12.727,12.2300,100
35772727076715,09:56:12.727,12.2300,200
35772727076715,09:56:12.727,12.2300,300
35772727076715,09:56:12.727,12.2300,100
35772727076715,09:56:12.727,12.2300,100
35789726270126,09:56:29.726,12.2400,400
35789728677567,09:56:29.728,12.2500,100
35789730419646,09:56:29.730,12.2500,100
35791162505531,09:56:31.162,12.2600,100
35791162505531,09:56:31.162,12.2550,100
35791164032360,09:56:31.164,12.2600,100
35791164032360,09:56:31.164,12.2500,200
35791164032360,09:56:31.164,12.2500,100
35791164032360,09:56:31.164,12.2500,100
35791164032360,09:56:31.164,12.2500,200
35791164032360,09:56:31.164,12.2500,100
35791164032360,09:56:31.164,12.2500,100
35791164032360,09:56:31.164,12.2500,26
35791165068782,09:56:31.165,12.2500,22
35791165068782,09:56:31.165,12.2500,78
35794931724609,09:56:34.931,12.2450,100
35798335293358,09:56:38.335,12.2500,100
35798335293358,09:56:38.335,12.2500,100
35805176248056,09:56:45.176,12.2400,100
35805176688949,09:56:45.176,12.2400,100
35805176688949,09:56:45.176,12.2400,9
35805176688949,09:56:45.176,12.2400,14
35805176755489,09:56:45.176,12.2400,50
35818508968733,09:56:58.508,12.2400,100
35818509014685,09:56:58.509,12.2400,100
35818511663480,09:56:58.511,12.2500,100
35818511699377,09:56:58.511,12.2500,100
35818511766815,09:56:58.511,12.2500,100
35829278047923,09:57:09.278,12.2600,400
35829278047923,09:57:09.278,12.2600,81
35829278130840,09:57:09.278,12.2600,19
35829278130840,09:57:09.278,12.2600,26
35829278136383,09:57:09.278,12.2600,74
35829278136383,09:57:09.278,12.2600,381
35829278300098,09:57:09.278,12.2600,100
35829278300098,09:57:09.278,12.2600,100
35829278300098,09:57:09.278,12.2600,19
35834769341500,09:57:14.769,12.2650,2
35834769341500,09:57:14.769,12.2650,1
35834769341500,09:57:14.769,12.2650,1
35834769341500,09:57:14.769,12.2650,1
35834769341500,09:57:14.769,12.2650,1
35834769341500,09:57:14.769,12.2650,2
35834769341500,09:57:14.769,12.2650,1
35834769341500,09:57:14.769,12.2650,1
35834769341500,09:57:14.769,12.2650,1
35834769341500,09:57:14.769,12.2650,1
35834769341500,09:57:14.769,12.2650,1
35834769341500,09:57:14.769,12.2650,2
35834769341500,09:57:14.769,12.2650,1
35834769341500,09:57:14.769,12.2650,2
35834769341500,09:57:14.769,12.2650,1
35834769341500,09:57:14.769,12.2650,1
35834769341500,09:57:14.769,12.2650,1
35834769341500,09:57:14.769,12.2650,1
35834769341500,09:57:14.769,12.2650,1
35834769341500,09:57:14.769,12.2650,1
35834769341500,09:57:14.769,12.2650,1
35839256891124,09:57:19.256,12.2600,81
35839256891124,09:57:19.256,12.2600,100
35839256891124,09:57:19.256,12.2600,100
35839256891124,09:57:19.256,12.2600,100
35839256979944,09:57:19.256,12.2600,381
35839257216450,09:57:19.257,12.2600,16
35839257216450,09:57:19.257,12.2600,3
35840264990365,09:57:20.264,12.2550,100
35844775443085,09:57:24.775,12.2550,100
35848777007958,09:57:28.777,12.2550,2
35903385649865,09:58:23.385,12.2500,100
35903385649865,09:58:23.385,12.2500,100
35903385649865,09:58:23.385,12.2500,100
35903385649865,09:58:23.385,12.2500,600
35903385649865,09:58:23.385,12.2500,100
35903385649865,09:58:23.385,12.2500,100
35906069704713,09:58:26.069,12.2400,100
35906069704713,09:58:26.069,12.2400,100
35906070144593,09:58:26.070,12.2400,100
35906376487900,09:58:26.376,12.2400,100
35924936715780,09:58:44.936,12.2300,100
35924936715780,09:58:44.936,12.2300,100
35924936715780,09:58:44.936,12.2300,100
35924941554203,09:58:44.941,12.2300,40
35925036920570,09:58:45.036,12.2300,160
35925036920570,09:58:45.036,12.2300,100
35925036920570,09:58:45.036,12.2300,100
35930958345006,09:58:50.958,12.2300,100
35959151354162,09:59:19.151,12.2200,100
35966984402515,09:59:26.984,12.2150,100
35966984649955,09:59:26.984,12.2100,28
35966985121014,09:59:26.985,12.2100,100
35966985121014,09:59:26.985,12.2100,100
35966985447476,09:59:26.985,12.2100,100
35969187956179,09:59:29.187,12.2200,100
35969187956179,09:59:29.187,12.2200,700
35969187956179,09:59:29.187,12.2200,100
35969187956179,09:59:29.187,12.2200,300
35969187956179,09:59:29.187,12.2200,100
35969187956179,09:59:29.187,12.2200,100
35969187956179,09:59:29.187,12.2200,100
35969187956179,09:59:29.187,12.2200,100
35969188595069,09:59:29.188,12.2200,100
35969188595069,09:59:29.188,12.2200,100
35969188595069,09:59:29.188,12.2200,100
35969188595069,09:59:29.188,12.2200,100
35969188595069,09:59:29.188,12.2200,100
35996246633013,09:59:56.246,12.2300,200
35996246633013,09:59:56.246,12.2300,19
35996247555605,09:59:56.247,12.2300,81
35996247555605,09:59:56.247,12.2300,19
36021373453686,10:00:21.373,12.2300,600
36028894025720,10:00:28.894,12.2400,100
36028894025720,10:00:28.894,12.2400,670
36028894065016,10:00:28.894,12.2400,100
36030025189035,10:00:30.025,12.2400,100
36030025189035,10:00:30.025,12.2400,400
36031820895143,10:00:31.820,12.2400,100
36031820895143,10:00:31.820,12.2400,100
36031820895143,10:00:31.820,12.2400,100
36031820895143,10:00:31.820,12.2400,100
36031820895143,10:00:31.820,12.2400,300
36031820895143,10:00:31.820,12.2400,100
36031820895143,10:00:31.820,12.2400,300
36031820895143,10:00:31.820,12.2400,100
36031820895143,10:00:31.820,12.2400,100
36031820895143,10:00:31.820,12.2400,400
36031820895143,10:00:31.820,12.2400,100
36031820895143,10:00:31.820,12.2400,200
36031820895143,10:00:31.820,12.2400,100
36031820895143,10:00:31.820,12.2400,100
36031829117835,10:00:31.829,12.2400,100
36031829117835,10:00:31.829,12.2400,100
36031829117835,10:00:31.829,12.2400,100
36031829117835,10:00:31.829,12.2400,100
36080682507787,10:01:20.682,12.2350,100
36080682507787,10:01:20.682,12.2300,100
36080682507787,10:01:20.682,12.2300,200
36080682691900,10:01:20.682,12.2300,100
36080682691900,10:01:20.682,12.2300,100
36083837524416,10:01:23.837,12.2200,100
36083837524416,10:01:23.837,12.2200,100
36083868815346,10:01:23.868,12.2200,300
36083868815346,10:01:23.868,12.2200,100
36083868815346,10:01:23.868,12.2200,400
36083868815346,10:01:23.868,12.2200,100
36083868815346,10:01:23.868,12.2200,100
36083868815346,10:01:23.868,12.2200,14
36085026023410,10:01:25.026,12.2200,900
36114015861549,10:01:54.015,12.2150,5
36126008672358,10:02:06.008,12.2100,200
36126008672358,10:02:06.008,12.2100,100
36126008672358,10:02:06.008,12.2100,100
36126008672358,10:02:06.008,12.2100,26
36157332504884,10:02:37.332,12.2000,100
36157332504884,10:02:37.332,12.2000,100
36157332504884,10:02:37.332,12.2000,100
36157332504884,10:02:37.332,12.2000,100
36157432654697,10:02:37.432,12.2000,100
36157432654697,10:02:37.432,12.2000,100
36157432654697,10:02:37.432,12.2000,85
36157432654697,10:02:37.432,12.2000,200
36157432654697,10:02:37.432,12.2000,100
36157433208775,10:02:37.433,12.2000,100
36157433208775,10:02:37.433,12.2000,100
36157433208775,10:02:37.433,12.2000,37
36157433313024,10:02:37.433,12.2000,63
36157433509054,10:02:37.433,12.2000,400
36157433509054,10:02:37.433,12.2000,200
36157433509054,10:02:37.433,12.2000,200
36157433509054,10:02:37.433,12.2000,100
36157433509054,10:02:37.433,12.2000,100
36157433509054,10:02:37.433,12.2000,100
36157433509054,10:02:37.433,12.2000,500
36157433509054,10:02:37.433,12.2000,400
36157433509054,10:02:37.433,12.2000,200
36157433509054,10:02:37.433,12.2000,400
36157433742326,10:02:37.433,12.2000,63
36157434681437,10:02:37.434,12.2000,63
36171408492116,10:02:51.408,12.1900,100
36171408492116,10:02:51.408,12.1900,200
36171408492116,10:02:51.408,12.1900,100
36171408492116,10:02:51.408,12.1900,100
36171408492116,10:02:51.408,12.1900,100
36198352462442,10:03:18.352,12.1750,3
36201964106302,10:03:21.964,12.1800,100
36201964106302,10:03:21.964,12.1800,100
36201964106302,10:03:21.964,12.1800,100
36201964106302,10:03:21.964,12.1800,100
36201964106302,10:03:21.964,12.1800,200
36201964282015,10:03:21.964,12.1800,149
36201964849839,10:03:21.964,12.1800,51
36201964849839,10:03:21.964,12.1800,100
36201964849839,10:03:21.964,12.1800,200
36201964849839,10:03:21.964,12.1800,16
36201964849839,10:03:21.964,12.1800,84
36201964977570,10:03:21.964,12.1800,16
36201964977570,10:03:21.964,12.1800,238
36201964977570,10:03:21.964,12.1800,100
36201964977570,10:03:21.964,12.1800,97
36201965838126,10:03:21.965,12.1800,103
36201965838126,10:03:21.965,12.1800,100
36201965838126,10:03:21.965,12.1800,99
36214010940841,10:03:34.010,12.1700,100
36214010940841,10:03:34.010,12.1700,100
36214010940841,10:03:34.010,12.1700,100
36214010940841,10:03:34.010,12.1700,100
36214010940841,10:03:34.010,12.1700,100
36214010940841,10:03:34.010,12.1700,300
36214010940841,10:03:34.010,12.1700,100
36214011090911,10:03:34.011,12.1700,100
36214011090911,10:03:34.011,12.1700,100
36214011090911,10:03:34.011,12.1700,100
36214642968818,10:03:34.642,12.1650,100
36214642968818,10:03:34.642,12.1700,100
36214642968818,10:03:34.642,12.1700,100
36214642968818,10:03:34.642,12.1700,100
36214642968818,10:03:34.642,12.1700,303
36214643112584,10:03:34.643,12.1700,59
36214643645602,10:03:34.643,12.1700,100
36218196949795,10:03:38.196,12.1700,60
36241689004657,10:04:01.689,12.1800,500
36241689004657,10:04:01.689,12.1800,800
36241689004657,10:04:01.689,12.1800,55
36241689032403,10:04:01.689,12.1800,40
36241689036994,10:04:01.689,12.1800,405
36241689036994,10:04:01.689,12.1800,100
36241689036994,10:04:01.689,12.1800,40
36241689421638,10:04:01.689,12.1800,360
36245020091903,10:04:05.020,12.1900,100
36245020091903,10:04:05.020,12.1900,100
36245020091903,10:04:05.020,12.1900,100
36255211541995,10:04:15.211,12.1900,280
36255211541995,10:04:15.211,12.1900,100
36255211541995,10:04:15.211,12.1900,100
36259705555410,10:04:19.705,12.1850,100
36259705555410,10:04:19.705,12.1800,33
36259705555410,10:04:19.705,12.1800,67
36259706016569,10:04:19.706,12.1800,133
36259809687300,10:04:19.809,12.1800,100
36259809687300,10:04:19.809,12.1800,100
36259809687300,10:04:19.809,12.1800,19
36259809687300,10:04:19.809,12.1800,200
36259809687300,10:04:19.809,12.1800,100
36264884133783,10:04:24.884,12.1700,100
36268123961651,10:04:28.123,12.1700,100
36313397070891,10:05:13.397,12.1700,100
36313397070891,10:05:13.397,12.1700,100
36313397070891,10:05:13.397,12.1700,100
36313397070891,10:05:13.397,12.1700,100
36313397070891,10:05:13.397,12.1700,100
36313397963112,10:05:13.397,12.1600,1
36313397968001,10:05:13.397,12.1600,1
36313397972171,10:05:13.397,12.1600,2
36313397978476,10:05:13.397,12.1600,1
36313397984966,10:05:13.397,12.1600,1
36313397986853,10:05:13.397,12.1600,1
36313397990226,10:05:13.397,12.1600,1
36313398000185,10:05:13.398,12.1600,1
36313398000671,10:05:13.398,12.1600,1
36313398007095,10:05:13.398,12.1600,1
36313398011371,10:05:13.398,12.1600,2
36313398011894,10:05:13.398,12.1600,1
36313398013812,10:05:13.398,12.1600,2
36313398018304,10:05:13.398,12.1600,1
36313398021583,10:05:13.398,12.1600,1
36317863829914,10:05:17.863,12.1700,100
36317863829914,10:05:17.863,12.1700,300
36317863829914,10:05:17.863,12.1700,100
36318020709806,10:05:18.020,12.1700,100
36320026889220,10:05:20.026,12.1600,61
36347049631099,10:05:47.049,12.1600,100
36347049631099,10:05:47.049,12.1600,100
36347049631099,10:05:47.049,12.1600,100
36353190874649,10:05:53.190,12.1600,19
36353190874649,10:05:53.190,12.1600,200
36353190874649,10:05:53.190,12.1600,100
36353190874649,10:05:53.190,12.1600,1714
36353190905391,10:05:53.190,12.1600,42
36353190907141,10:05:53.190,12.1600,103
36353190965113,10:05:53.190,12.1600,133
36353191804893,10:05:53.191,12.1600,108
36355024424582,10:05:55.024,12.1700,100
36355024424582,10:05:55.024,12.1700,100
36355024424582,10:05:55.024,12.1700,100
36355025118155,10:05:55.025,12.1700,100
36368181386168,10:06:08.181,12.1800,44
36368181449425,10:06:08.181,12.1800,56
36368181449425,10:06:08.181,12.1800,100
36368181449425,10:06:08.181,12.1800,500
36369745132526,10:06:09.745,12.1800,100
36369745132526,10:06:09.745,12.1800,100
36369745132526,10:06:09.745,12.1800,100
36369746469918,10:06:09.746,12.1800,100
36371930925249,10:06:11.930,12.1800,100
36371930925249,10:06:11.930,12.1800,100
36371930925249,10:06:11.930,12.1800,100
36371934543413,10:06:11.934,12.1700,100
36371934543413,10:06:11.934,12.1700,100
36373305707818,10:06:13.305,12.1800,100
36373305707818,10:06:13.305,12.1800,100
36373305707818,10:06:13.305,12.1800,100
36373305707818,10:06:13.305,12.1800,100
36373306406961,10:06:13.306,12.1800,19
36387967661400,10:06:27.967,12.1850,6
36393712928846,10:06:33.712,12.1800,100
36396593592477,10:06:36.593,12.1800,100
36396593592477,10:06:36.593,12.1800,100
36396593592477,10:06:36.593,12.1800,100
36396593592477,10:06:36.593,12.1800,100
36396593592477,10:06:36.593,12.1800,200
36400211406137,10:06:40.211,12.1800,100
36400211406137,10:06:40.211,12.1800,100
36400211406137,10:06:40.211,12.1800,700
36404133581475,10:06:44.133,12.1800,100
36404133581475,10:06:44.133,12.1800,100
36404133581475,10:06:44.133,12.1800,100
36407548046177,10:06:47.548,12.1800,33
36407548046177,10:06:47.548,12.1800,100
36408791981340,10:06:48.791,12.1750,2
36408791981340,10:06:48.791,12.1750,1
36408791981340,10:06:48.791,12.1750,1
36408791981340,10:06:48.791,12.1800,100
36408791981340,10:06:48.791,12.1800,400
36408791981340,10:06:48.791,12.1800,100
36408791981340,10:06:48.791,12.1800,300
36408791981340,10:06:48.791,12.1800,96
36408796212125,10:06:48.796,12.1800,4
36408796212125,10:06:48.796,12.1800,96
36439901674565,10:07:19.901,12.1900,200
36439901674565,10:07:19.901,12.1900,100
36439901674565,10:07:19.901,12.1900,100
36439901674565,10:07:19.901,12.1900,100
36439901674565,10:07:19.901,12.1900,100
36439902174011,10:07:19.902,12.1900,100
36439902267665,10:07:19.902,12.1900,100
36448724173939,10:07:28.724,12.2000,100
36448724173939,10:07:28.724,12.2000,100
36448724173939,10:07:28.724,12.2000,200
36448724173939,10:07:28.724,12.2000,100
36448724173939,10:07:28.724,12.2000,100
36448724173939,10:07:28.724,12.2000,500
36448725156368,10:07:28.725,12.2000,100
36449352131014,10:07:29.352,12.2000,100
36449352131014,10:07:29.352,12.2000,100
36452656802612,10:07:32.656,12.2050,1
36452657216404,10:07:32.657,12.2050,1
36452657479140,10:07:32.657,12.2050,1
36452658469843,10:07:32.658,12.2050,1
36452680419802,10:07:32.680,12.2050,1
36452685915502,10:07:32.685,12.2050,1
36452697975889,10:07:32.697,12.2050,1
36452698500177,10:07:32.698,12.2050,1
36452729508771,10:07:32.729,12.2050,1
36459385773714,10:07:39.385,12.2050,100
36462397846779,10:07:42.397,12.2000,400
36462397846779,10:07:42.397,12.2000,100
36462397846779,10:07:42.397,12.2000,100
36462397846779,10:07:42.397,12.2000,100
36462397846779,10:07:42.397,12.2000,100
36462397846779,10:07:42.397,12.2000,100
36462399929854,10:07:42.399,12.2000,100
36462399929854,10:07:42.399,12.2000,100
36462399929854,10:07:42.399,12.2000,300
36462399929854,10:07:42.399,12.2000,100
36462399929854,10:07:42.399,12.2000,200
36462399929854,10:07:42.399,12.2000,300
36462399929854,10:07:42.399,12.2000,1
36462399929854,10:07:42.399,12.2000,100
36462399929854,10:07:42.399,12.2000,100
36462399929854,10:07:42.399,12.2000,100
36462399929854,10:07:42.399,12.2000,100
36465376536900,10:07:45.376,12.2000,100
36488435961014,10:08:08.435,12.2000,53
36488435961014,10:08:08.435,12.2000,100
36488435961014,10:08:08.435,12.2000,400
36488953922469,10:08:08.953,12.2050,3
36488961321261,10:08:08.961,12.2050,1
36488991662419,10:08:08.991,12.2050,1
36488996325259,10:08:08.996,12.2050,1
36488996771649,10:08:08.996,12.2100,100
36490143520763,10:08:10.143,12.2100,300
36490143520763,10:08:10.143,12.2100,100
36492048046722,10:08:12.048,12.2000,300
36492048046722,10:08:12.048,12.2000,300
36492048271087,10:08:12.048,12.2000,26
36492048271087,10:08:12.048,12.2000,174
36492048575705,10:08:12.048,12.2000,26
36498775915514,10:08:18.775,12.1900,100
36498775915514,10:08:18.775,12.1900,300
36498775915514,10:08:18.775,12.1900,100
36506253828113,10:08:26.253,12.1900,80
36523006206968,10:08:43.006,12.1900,20
36523006206968,10:08:43.006,12.1900,100
36523006206968,10:08:43.006,12.1900,100
36523006206968,10:08:43.006,12.1900,100
36523006206968,10:08:43.006,12.1900,80
36523006211527,10:08:43.006,12.1900,4
36529544442737,10:08:49.544,12.2050,4
36530560981005,10:08:50.560,12.2000,100
36530560981005,10:08:50.560,12.2000,100
36530560981005,10:08:50.560,12.2000,100
36530560981005,10:08:50.560,12.2000,100
36530560981005,10:08:50.560,12.2000,200
36530561543453,10:08:50.561,12.2000,100
36530561543453,10:08:50.561,12.2000,100
36530561543453,10:08:50.561,12.2000,100
36530561543453,10:08:50.561,12.2000,200
36530561543453,10:08:50.561,12.2000,400
36530561543453,10:08:50.561,12.2000,100
36530561543453,10:08:50.561,12.2000,100
36530561543453,10:08:50.561,12.2000,900
36530561543453,10:08:50.561,12.2000,600
36530561543453,10:08:50.561,12.2000,100
36530561543453,10:08:50.561,12.2000,100
36530561543453,10:08:50.561,12.2000,300
36530561543453,10:08:50.561,12.2000,400
36530561543453,10:08:50.561,12.2000,100
36530562828162,10:08:50.562,12.2000,100
36544358075927,10:09:04.358,12.2100,100
36544358075927,10:09:04.358,12.2100,100
36547765797176,10:09:07.765,12.2200,100
36547765797176,10:09:07.765,12.2200,100
36552380663228,10:09:12.380,12.2200,100
36552380663228,10:09:12.380,12.2200,100
36552380873129,10:09:12.380,12.2200,100
36570019360287,10:09:30.019,12.2150,100
36570019360287,10:09:30.019,12.2100,500
36570019360287,10:09:30.019,12.2100,100
36570019360287,10:09:30.019,12.2100,100
36570019360287,10:09:30.019,12.2100,100
36570019360287,10:09:30.019,12.2100,100
36570019373013,10:09:30.019,12.2100,100
36578628216223,10:09:38.628,12.2100,100
36591720412165,10:09:51.720,12.2200,100
36592376012670,10:09:52.376,12.2200,100
36592896947373,10:09:52.896,12.2200,100
36600484225672,10:10:00.484,12.2200,100
36609874546584,10:10:09.874,12.2300,100
36609874546584,10:10:09.874,12.2300,200
36609874546584,10:10:09.874,12.2300,100
36609874546584,10:10:09.874,12.2300,700
36611732125631,10:10:11.732,12.2400,100
36613332141055,10:10:13.332,12.2400,100
36613332141055,10:10:13.332,12.2400,100
36613332141055,10:10:13.332,12.2400,100
36613332141055,10:10:13.332,12.2400,388
36613865683449,10:10:13.865,12.2300,100
36613865690886,10:10:13.865,12.2300,100
36615918207914,10:10:15.918,12.2250,1
36618206492822,10:10:18.206,12.2300,100
36622223319677,10:10:22.223,12.2300,100
36622223319677,10:10:22.223,12.2300,200
36622223319677,10:10:22.223,12.2300,52
36625178353677,10:10:25.178,12.2300,148
36625178353677,10:10:25.178,12.2300,100
36625178353677,10:10:25.178,12.2300,100
36626012715687,10:10:26.012,12.2250,6
36628837196506,10:10:28.837,12.2250,3
36650987955132,10:10:50.987,12.2250,91
36650987955132,10:10:50.987,12.2250,9
36659710764895,10:10:59.710,12.2200,100
36659710764895,10:10:59.710,12.2200,100
36659710764895,10:10:59.710,12.2200,100
36659710764895,10:10:59.710,12.2200,100
36659710764895,10:10:59.710,12.2200,100
36659710764895,10:10:59.710,12.2200,700
36663506201851,10:11:03.506,12.2100,100
36667342977970,10:11:07.342,12.2000,300
36667342977970,10:11:07.342,12.2000,100
36667342977970,10:11:07.342,12.2000,100
36668039372032,10:11:08.039,12.2050,1
36676386520197,10:11:16.386,12.2100,100
36676386520197,10:11:16.386,12.2100,100
36676386520197,10:11:16.386,12.2100,100
36676386520197,10:11:16.386,12.2100,100
36676386520197,10:11:16.386,12.2100,100
36676386520197,10:11:16.386,12.2100,100
36676386520197,10:11:16.386,12.2100,100
36676386520197,10:11:16.386,12.2100,12
36676386552149,10:11:16.386,12.2100,727
36676387639344,10:11:16.387,12.2100,161
36676387639344,10:11:16.387,12.2100,100
36679661617489,10:11:19.661,12.2100,100
36679661617489,10:11:19.661,12.2100,100
36679661617489,10:11:19.661,12.2100,100
36679661617489,10:11:19.661,12.2100,200
36682225216260,10:11:22.225,12.2100,54
36682225216260,10:11:22.225,12.2100,46
36682225216260,10:11:22.225,12.2100,37
36682225216260,10:11:22.225,12.2100,63
36682225252963,10:11:22.225,12.2100,37
36682225305576,10:11:22.225,12.2100,63
36708711064849,10:11:48.711,12.2050,2
36708711064849,10:11:48.711,12.2100,800
36708711064849,10:11:48.711,12.2100,100
36708711064849,10:11:48.711,12.2100,50
36708711064849,10:11:48.711,12.2100,100
36708711064849,10:11:48.711,12.2100,100
36708711064849,10:11:48.711,12.2100,100
36708711064849,10:11:48.711,12.2100,253
36708711064849,10:11:48.711,12.2100,198
36708711432132,10:11:48.711,12.2100,100
36708711432132,10:11:48.711,12.2100,100
36708711432132,10:11:48.711,12.2100,84
36708714461832,10:11:48.714,12.2100,18
36708714552593,10:11:48.714,12.2100,200
36708714552593,10:11:48.714,12.2100,400
36708714552593,10:11:48.714,12.2100,200
36708714552593,10:11:48.714,12.2100,400
36708714552593,10:11:48.714,12.2100,300
36708714552593,10:11:48.714,12.2100,700
36708714552593,10:11:48.714,12.2100,100
36708714552593,10:11:48.714,12.2100,100
36708714552593,10:11:48.714,12.2100,431
36708716022611,10:11:48.716,12.2100,269
36708716022611,10:11:48.716,12.2100,300
36708716022611,10:11:48.716,12.2100,100
36708716022611,10:11:48.716,12.2100,300
36709000348540,10:11:49.000,12.2100,100
36709000348540,10:11:49.000,12.2100,700
36709000348540,10:11:49.000,12.2100,100
36709000348540,10:11:49.000,12.2100,100
36709000348540,10:11:49.000,12.2100,100
36709001741297,10:11:49.001,12.2100,57
36710046434946,10:11:50.046,12.2200,2
36720849681580,10:12:00.849,12.2150,100
36724654341748,10:12:04.654,12.2200,100
36724654341748,10:12:04.654,12.2200,100
36724654341748,10:12:04.654,12.2200,300
36724654341748,10:12:04.654,12.2200,100
36724654341748,10:12:04.654,12.2200,100
36724654424901,10:12:04.654,12.2200,100
36724654532695,10:12:04.654,12.2200,100
36740234816453,10:12:20.234,12.2200,100
36740234816453,10:12:20.234,12.2200,100
36740234816453,10:12:20.234,12.2200,100
36740234816453,10:12:20.234,12.2200,100
36740234816453,10:12:20.234,12.2200,200
36740234816453,10:12:20.234,12.2200,100
36745034922939,10:12:25.034,12.2200,26
36745034922939,10:12:25.034,12.2200,100
36753013595002,10:12:33.013,12.2150,100
36753304867157,10:12:33.304,12.2200,28
36753305986486,10:12:33.305,12.2200,72
36753305986486,10:12:33.305,12.2200,100
36753306139470,10:12:33.306,12.2200,100
36764182748520,10:12:44.182,12.2200,100
36764182748520,10:12:44.182,12.2200,100
36764182748520,10:12:44.182,12.2200,200
36765685454101,10:12:45.685,12.2200,200
36765685454101,10:12:45.685,12.2200,300
36765685454101,10:12:45.685,12.2200,400
36765685454101,10:12:45.685,12.2200,100
36805776808566,10:13:25.776,12.2300,28
36807419336709,10:13:27.419,12.2300,100
36807419336709,10:13:27.419,12.2300,100
36807419336709,10:13:27.419,12.2300,100
36807419336709,10:13:27.419,12.2300,700
36807419336709,10:13:27.419,12.2300,100
36807419336709,10:13:27.419,12.2300,100
36807419336709,10:13:27.419,12.2300,100
36807420802203,10:13:27.420,12.2300,48
36807421094420,10:13:27.421,12.2300,52
36807421094420,10:13:27.421,12.2300,348
36829271430097,10:13:49.271,12.2300,45
36829271450271,10:13:49.271,12.2300,55
36829271450271,10:13:49.271,12.2300,100
36829271450271,10:13:49.271,12.2300,100
36829271450271,10:13:49.271,12.2300,352
36829271452547,10:13:49.271,12.2300,648
36829271477659,10:13:49.271,12.2300,1
36829271486695,10:13:49.271,12.2300,199
36829271486695,10:13:49.271,12.2300,100
36829271486695,10:13:49.271,12.2300,1
36829271496955,10:13:49.271,12.2300,99
36829271496955,10:13:49.271,12.2300,500
36842997795417,10:14:02.997,12.2300,100
36842997795417,10:14:02.997,12.2300,100
36842997795417,10:14:02.997,12.2300,200
36842998998645,10:14:02.998,12.2300,36
36843000699823,10:14:03.000,12.2300,64
36851074804402,10:14:11.074,12.2250,4
36863194450276,10:14:23.194,12.2200,21
36863194450276,10:14:23.194,12.2200,100
36863194450276,10:14:23.194,12.2200,100
36863194450276,10:14:23.194,12.2200,79
36863732853833,10:14:23.732,12.2200,121
36863732853833,10:14:23.732,12.2200,100
36867914421445,10:14:27.914,12.2100,100
36867914421445,10:14:27.914,12.2100,100
36867914421445,10:14:27.914,12.2100,100
36905758402254,10:15:05.758,12.2000,100
36905758402254,10:15:05.758,12.2000,100
36905758402254,10:15:05.758,12.2000,100
36905758402254,10:15:05.758,12.2000,100
36914444109595,10:15:14.444,12.1900,100
36914444109595,10:15:14.444,12.1900,100
36914444109595,10:15:14.444,12.1900,100
36926549421865,10:15:26.549,12.1800,100
36926549421865,10:15:26.549,12.1800,100
36930070185049,10:15:30.070,12.1700,100
36930074114575,10:15:30.074,12.1650,100
36930074114575,10:15:30.074,12.1700,300
36930074114575,10:15:30.074,12.1700,200
36930074114575,10:15:30.074,12.1700,100
36930074114575,10:15:30.074,12.1700,400
36930074114575,10:15:30.074,12.1700,100
36930074114575,10:15:30.074,12.1700,400
36930074114575,10:15:30.074,12.1700,171
36930074191006,10:15:30.074,12.1700,100
36930074600905,10:15:30.074,12.1700,100
36930507262779,10:15:30.507,12.1700,200
36930507262779,10:15:30.507,12.1700,100
36930507262779,10:15:30.507,12.1700,300
36931828660566,10:15:31.828,12.1600,200
36931828660566,10:15:31.828,12.1600,37
36933877334194,10:15:33.877,12.1600,63
36933877334194,10:15:33.877,12.1600,100
36933877334194,10:15:33.877,12.1600,100
36942855520913,10:15:42.855,12.1500,200
36971015073105,10:16:11.015,12.1350,190
36971015073105,10:16:11.015,12.1400,100
36971015073105,10:16:11.015,12.1400,100
36971015073105,10:16:11.015,12.1400,100
36971015073105,10:16:11.015,12.1400,600
36971015073105,10:16:11.015,12.1400,75
36971015107336,10:16:11.015,12.1400,125
36971015107336,10:16:11.015,12.1400,100
36971015107336,10:16:11.015,12.1400,100
36971015107336,10:16:11.015,12.1400,200
36971015107336,10:16:11.015,12.1400,100
36971015304442,10:16:11.015,12.1400,100
36971015304442,10:16:11.015,12.1400,100
36971015304442,10:16:11.015,12.1400,200
36971015304442,10:16:11.015,12.1400,100
36971015304442,10:16:11.015,12.1400,300
36971015304442,10:16:11.015,12.1400,500
36971015304442,10:16:11.015,12.1400,400
36971015304442,10:16:11.015,12.1400,100
36971016413154,10:16:11.016,12.1400,200
36971016982865,10:16:11.016,12.1400,200
36971016982865,10:16:11.016,12.1400,300
36971016982865,10:16:11.016,12.1400,100
36981953176820,10:16:21.953,12.1500,100
36981953176820,10:16:21.953,12.1500,100
36981953176820,10:16:21.953,12.1500,100
36981953176820,10:16:21.953,12.1500,100
36981953176820,10:16:21.953,12.1500,100
36981953176820,10:16:21.953,12.1500,100
36981953176820,10:16:21.953,12.1500,100
36981953176820,10:16:21.953,12.1500,100
36985354299585,10:16:25.354,12.1600,100
36985354299585,10:16:25.354,12.1600,100
36985354299585,10:16:25.354,12.1600,100
36985354299585,10:16:25.354,12.1600,200
36991484000715,10:16:31.484,12.1700,100
36991484000715,10:16:31.484,12.1700,100
36991484000715,10:16:31.484,12.1700,100
36991484000715,10:16:31.484,12.1700,100
36991484000715,10:16:31.484,12.1700,100
36994637476708,10:16:34.637,12.1700,300
36994637476708,10:16:34.637,12.1700,100
36994637476708,10:16:34.637,12.1700,42
36994637476708,10:16:34.637,12.1700,100
36994637476708,10:16:34.637,12.1700,100
36994637476708,10:16:34.637,12.1700,200
37005959750967,10:16:45.959,12.1600,100
37005959750967,10:16:45.959,12.1600,100
37020087815946,10:17:00.087,12.1500,130
37020087815946,10:17:00.087,12.1500,100
37020087815946,10:17:00.087,12.1500,100
37020087815946,10:17:00.087,12.1500,100
37020087815946,10:17:00.087,12.1500,70
37023986219549,10:17:03.986,12.1500,100
37023986219549,10:17:03.986,12.1500,200
37026446119595,10:17:06.446,12.1500,200
37026446119595,10:17:06.446,12.1500,100
37026446119595,10:17:06.446,12.1500,100
37028857060383,10:17:08.857,12.1500,100
37028857060383,10:17:08.857,12.1500,300
37028857060383,10:17:08.857,12.1500,100
37034907184144,10:17:14.907,12.1550,100
37034907184144,10:17:14.907,12.1600,100
37034907184144,10:17:14.907,12.1600,100
37034907184144,10:17:14.907,12.1600,700
37034907184144,10:17:14.907,12.1600,100
37034907184144,10:17:14.907,12.1600,100
37034907320493,10:17:14.907,12.1600,100
37034907320493,10:17:14.907,12.1600,50
37047510610495,10:17:27.510,12.1600,100
37047510610495,10:17:27.510,12.1600,100
37047510610495,10:17:27.510,12.1600,100
37047510610495,10:17:27.510,12.1600,100
37047510632043,10:17:27.510,12.1600,100
37047510632043,10:17:27.510,12.1600,100
37050372818517,10:17:30.372,12.1600,300
37050372818517,10:17:30.372,12.1600,100
37050372818517,10:17:30.372,12.1600,400
37052954471585,10:17:32.954,12.1600,500
37052954471585,10:17:32.954,12.1600,100
37052954471585,10:17:32.954,12.1600,100
37052954471585,10:17:32.954,12.1600,100
37052954471585,10:17:32.954,12.1600,100
37052954471585,10:17:32.954,12.1600,100
37059742505251,10:17:39.742,12.1700,100
37059742505251,10:17:39.742,12.1700,200
37060416056321,10:17:40.416,12.1800,100
37063156948413,10:17:43.156,12.1800,100
37063156948413,10:17:43.156,12.1800,100
37063156948413,10:17:43.156,12.1800,100
37063156948413,10:17:43.156,12.1800,300
37063156948413,10:17:43.156,12.1800,100
37063156948413,10:17:43.156,12.1800,453
37063157941971,10:17:43.157,12.1800,100
37089716065461,10:18:09.716,12.1700,438
37089716065461,10:18:09.716,12.1700,100
37089716065461,10:18:09.716,12.1700,100
37089716065461,10:18:09.716,12.1700,31
37089716298645,10:18:09.716,12.1700,100
37089716335793,10:18:09.716,12.1700,100
37089716409555,10:18:09.716,12.1700,100
37089871777439,10:18:09.871,12.1700,100
37089871777439,10:18:09.871,12.1700,100
37089871777439,10:18:09.871,12.1700,300
37110908321180,10:18:30.908,12.1700,252
37110908321180,10:18:30.908,12.1700,100
37110908321180,10:18:30.908,12.1700,100
37110908321180,10:18:30.908,12.1700,100
37116611627055,10:18:36.611,12.1600,100
37118844984141,10:18:38.844,12.1600,100
37128632475533,10:18:48.632,12.1600,100
37155860227163,10:19:15.860,12.1600,100
37155860227163,10:19:15.860,12.1600,100
37155860227163,10:19:15.860,12.1600,100
37155860227163,10:19:15.860,12.1600,100
37155860227163,10:19:15.860,12.1600,100
37155860227163,10:19:15.860,12.1600,100
37155860227163,10:19:15.860,12.1600,100
37155860227163,10:19:15.860,12.1600,100
37157646837570,10:19:17.646,12.1600,100
37185860624960,10:19:45.860,12.1600,100
37185860624960,10:19:45.860,12.1600,166
37185860624960,10:19:45.860,12.1600,100
37185860624960,10:19:45.860,12.1600,100
37186268756609,10:19:46.268,12.1550,1
37187236194870,10:19:47.236,12.1500,100
37187236194870,10:19:47.236,12.1500,100
37187236194870,10:19:47.236,12.1500,100
37187236210963,10:19:47.236,12.1500,100
37187236210963,10:19:47.236,12.1500,100
37187849096520,10:19:47.849,12.1500,100
37187849096520,10:19:47.849,12.1500,100
37187849096520,10:19:47.849,12.1500,200
37187849994735,10:19:47.849,12.1500,100
37187850801403,10:19:47.850,12.1500,100
37187850801403,10:19:47.850,12.1500,100
37187850801403,10:19:47.850,12.1500,100
37205359123160,10:20:05.359,12.1500,100
37205915987764,10:20:05.915,12.1500,41
37205915987764,10:20:05.915,12.1500,36
37205915987764,10:20:05.915,12.1500,21
37205915987764,10:20:05.915,12.1500,2
37209715033844,10:20:09.715,12.1500,98
37209717044363,10:20:09.717,12.1500,300
37209717044363,10:20:09.717,12.1500,300
37209717044363,10:20:09.717,12.1500,100
37209717044363,10:20:09.717,12.1500,100
37209717044363,10:20:09.717,12.1500,400
37209717044363,10:20:09.717,12.1500,100
37209717044363,10:20:09.717,12.1500,100
37209717044363,10:20:09.717,12.1500,700
37209717044363,10:20:09.717,12.1500,300
37209717077073,10:20:09.717,12.1500,300
37209717481098,10:20:09.717,12.1500,100
37209718069934,10:20:09.718,12.1500,100
37220160398184,10:20:20.160,12.1600,100
37220160398184,10:20:20.160,12.1600,100
37220160398184,10:20:20.160,12.1600,800
37220160398184,10:20:20.160,12.1600,100
37220160398184,10:20:20.160,12.1600,400
37220160398184,10:20:20.160,12.1600,100
37220160862856,10:20:20.160,12.1600,100
37220160862856,10:20:20.160,12.1600,100
37220160862856,10:20:20.160,12.1600,100
37220161317948,10:20:20.161,12.1600,100
37220161317948,10:20:20.161,12.1600,100
37220161401681,10:20:20.161,12.1600,100
37220161572272,10:20:20.161,12.1600,100
37220161756067,10:20:20.161,12.1600,100
37221309598778,10:20:21.309,12.1650,100
37221309598778,10:20:21.309,12.1650,100
37221309598778,10:20:21.309,12.1700,900
37221309598778,10:20:21.309,12.1700,100
37221309598778,10:20:21.309,12.1700,175
37223648208297,10:20:23.648,12.1700,100
37223648208297,10:20:23.648,12.1700,100
37223648208297,10:20:23.648,12.1700,110
37223648947713,10:20:23.648,12.1700,90
37223648947713,10:20:23.648,12.1700,210
37223648958590,10:20:23.648,12.1700,290
37223650122401,10:20:23.650,12.1700,100
37263639689450,10:21:03.639,12.1700,217
37263639689450,10:21:03.639,12.1700,100
37263639689450,10:21:03.639,12.1700,100
37263639689450,10:21:03.639,12.1700,100
37263639689450,10:21:03.639,12.1700,100
37263639689450,10:21:03.639,12.1700,100
37278922573174,10:21:18.922,12.1650,2
37278922573174,10:21:18.922,12.1650,2
37287754483514,10:21:27.754,12.1700,99
37287754483514,10:21:27.754,12.1700,100
37287754483514,10:21:27.754,12.1700,100
37287754483514,10:21:27.754,12.1700,100
37287754483514,10:21:27.754,12.1700,100
37287754483514,10:21:27.754,12.1700,100
37287754778198,10:21:27.754,12.1700,100
37287755204978,10:21:27.755,12.1700,100
37305276966459,10:21:45.276,12.1700,96
37305276966459,10:21:45.276,12.1700,4
37305276966459,10:21:45.276,12.1700,100
37305276966459,10:21:45.276,12.1700,100
37305276966459,10:21:45.276,12.1700,100
37305277409428,10:21:45.277,12.1700,64
37305277453530,10:21:45.277,12.1700,36
37305277453530,10:21:45.277,12.1700,100
37305277618884,10:21:45.277,12.1700,35
37307226713848,10:21:47.226,12.1700,100
37334980153334,10:22:14.980,12.1650,6
37376945206161,10:22:56.945,12.1600,100
37376945206161,10:22:56.945,12.1600,100
37376945206161,10:22:56.945,12.1600,100
37376945235538,10:22:56.945,12.1600,36
37376945235538,10:22:56.945,12.1600,100
37376945235538,10:22:56.945,12.1600,100
37376945235538,10:22:56.945,12.1600,100
37376945235538,10:22:56.945,12.1600,100
37378002413258,10:22:58.002,12.1550,1
37406152482478,10:23:26.152,12.1600,100
37406152482478,10:23:26.152,12.1600,100
37406152482478,10:23:26.152,12.1600,100
37406152482478,10:23:26.152,12.1600,200
37406152482478,10:23:26.152,12.1600,100
37406152593944,10:23:26.152,12.1600,100
37406153188755,10:23:26.153,12.1600,100
37406153246398,10:23:26.153,12.1600,100
37406153523532,10:23:26.153,12.1600,100
37406153523532,10:23:26.153,12.1600,100
37406154415218,10:23:26.154,12.1650,100
37406154415218,10:23:26.154,12.1600,300
37426621633841,10:23:46.621,12.1700,200
37426621633841,10:23:46.621,12.1700,100
37426621633841,10:23:46.621,12.1700,100
37426621633841,10:23:46.621,12.1700,400
37426621633841,10:23:46.621,12.1700,100
37426621633841,10:23:46.621,12.1700,100
37426621633841,10:23:46.621,12.1700,100
37426621633841,10:23:46.621,12.1700,100
37428843016867,10:23:48.843,12.1750,3
37430276356772,10:23:50.276,12.1700,300
37430276356772,10:23:50.276,12.1700,61
37430276356772,10:23:50.276,12.1700,600
37430276356772,10:23:50.276,12.1700,100
37430276356772,10:23:50.276,12.1700,100
37430276356772,10:23:50.276,12.1700,72
37430276356772,10:23:50.276,12.1700,67
37434135060860,10:23:54.135,12.1600,100
37434135060860,10:23:54.135,12.1600,200
37448642353481,10:24:08.642,12.1600,100
37448642353481,10:24:08.642,12.1600,100
37448642353481,10:24:08.642,12.1600,200
37448642353481,10:24:08.642,12.1600,100
37483271354337,10:24:43.271,12.1600,488
37483271354337,10:24:43.271,12.1600,100
37483271354337,10:24:43.271,12.1600,100
37483271354337,10:24:43.271,12.1600,300
37483271354337,10:24:43.271,12.1600,39
37483271354337,10:24:43.271,12.1600,67
37483271354337,10:24:43.271,12.1600,28
37483272821633,10:24:43.272,12.1500,1
37483272842183,10:24:43.272,12.1500,1
37483272857697,10:24:43.272,12.1500,1
37483272869312,10:24:43.272,12.1500,1
37487453442248,10:24:47.453,12.1600,7
37508681308626,10:25:08.681,12.1600,93
37508681308626,10:25:08.681,12.1600,100
37508681308626,10:25:08.681,12.1600,100
37508681308626,10:25:08.681,12.1600,100
37508681308626,10:25:08.681,12.1600,100
37508681308626,10:25:08.681,12.1600,123
37508681667392,10:25:08.681,12.1600,77
37508681667392,10:25:08.681,12.1600,100
37508681667392,10:25:08.681,12.1600,100
37508681667392,10:25:08.681,12.1600,100
37508681667392,10:25:08.681,12.1600,100
37508682470783,10:25:08.682,12.1600,100
37517591509814,10:25:17.591,12.1700,100
37517591509814,10:25:17.591,12.1700,100
37517591509814,10:25:17.591,12.1700,100
37520572800186,10:25:20.572,12.1750,100
37521958818671,10:25:21.958,12.1700,100
37521958818671,10:25:21.958,12.1700,100
37521958818671,10:25:21.958,12.1700,800
37521958818671,10:25:21.958,12.1700,100
37521958818671,10:25:21.958,12.1700,100
37541460165978,10:25:41.460,12.1700,100
37541460165978,10:25:41.460,12.1700,100
37569445268839,10:26:09.445,12.1800,100
37569445268839,10:26:09.445,12.1800,100
37569445268839,10:26:09.445,12.1800,100
37569445268839,10:26:09.445,12.1800,100
37569445268839,10:26:09.445,12.1800,100
37636088245709,10:27:16.088,12.1800,900
37636088245709,10:27:16.088,12.1800,100
37636088245709,10:27:16.088,12.1800,100
37636088245709,10:27:16.088,12.1800,100
37636088245709,10:27:16.088,12.1800,100
37636088245709,10:27:16.088,12.1800,36
37636088245709,10:27:16.088,12.1800,100
37636088245709,10:27:16.088,12.1800,100
37636088443399,10:27:16.088,12.1800,200
37653185176178,10:27:33.185,12.1700,100
37653185176178,10:27:33.185,12.1700,100
37655268341128,10:27:35.268,12.1650,100
37672000740046,10:27:52.000,12.1700,100
37672000740046,10:27:52.000,12.1700,100
37672000740046,10:27:52.000,12.1700,100
37672000740046,10:27:52.000,12.1700,300
37672002087892,10:27:52.002,12.1700,100
37672002087892,10:27:52.002,12.1700,100
37673061720328,10:27:53.061,12.1750,100
37673061720328,10:27:53.061,12.1800,400
37673061720328,10:27:53.061,12.1800,100
37673061720328,10:27:53.061,12.1800,100
37673061720328,10:27:53.061,12.1800,100
37673061720328,10:27:53.061,12.1800,300
37673061720328,10:27:53.061,12.1800,100
37673061720328,10:27:53.061,12.1800,200
37673061720328,10:27:53.061,12.1800,100
37673061720328,10:27:53.061,12.1800,200
37673061720328,10:27:53.061,12.1800,100
37691226721131,10:28:11.226,12.1800,100
37691226721131,10:28:11.226,12.1800,100
37691226721131,10:28:11.226,12.1800,100
37691226721131,10:28:11.226,12.1800,200
37691226721131,10:28:11.226,12.1800,100
37702600696353,10:28:22.600,12.1900,100
37714021321007,10:28:34.021,12.1900,100
37714021321007,10:28:34.021,12.1900,100
37743018837265,10:29:03.018,12.1950,2
37743018837265,10:29:03.018,12.1950,3
37743018837265,10:29:03.018,12.1950,1
37743018837265,10:29:03.018,12.1950,2
37743018837265,10:29:03.018,12.1950,1
37751229999844,10:29:11.229,12.1950,3
37751229999844,10:29:11.229,12.1950,1
37751229999844,10:29:11.229,12.1950,2
37751229999844,10:29:11.229,12.1950,1
37751229999844,10:29:11.229,12.2000,400
37751229999844,10:29:11.229,12.2000,100
37751229999844,10:29:11.229,12.2000,100
37751229999844,10:29:11.229,12.2000,493
37751230031065,10:29:11.230,12.2000,7
37783574383778,10:29:43.574,12.2000,100
37783574383778,10:29:43.574,12.2000,100
37783574383778,10:29:43.574,12.2000,100
37783574383778,10:29:43.574,12.2000,100
37783574383778,10:29:43.574,12.2000,35
37783574383778,10:29:43.574,12.2000,36
37783574383778,10:29:43.574,12.2000,100
37783604726408,10:29:43.604,12.1900,100
37783604726408,10:29:43.604,12.1900,100
37783604726408,10:29:43.604,12.1900,100
37783604726408,10:29:43.604,12.1900,100
37783606318982,10:29:43.606,12.1900,148
37812766969409,10:30:12.766,12.1850,200
37864012131348,10:31:04.012,12.1900,36
37868293280404,10:31:08.293,12.1900,64
37868293280404,10:31:08.293,12.1900,36
37868293369881,10:31:08.293,12.1900,64
37868293369881,10:31:08.293,12.1900,100
37868293369881,10:31:08.293,12.1900,100
37868293369881,10:31:08.293,12.1900,100
37868293369881,10:31:08.293,12.1900,100
37868293369881,10:31:08.293,12.1900,100
37890733143502,10:31:30.733,12.1950,100
37894197710473,10:31:34.197,12.1950,4
37894205920291,10:31:34.205,12.1950,4
37943575737418,10:32:23.575,12.2000,200
37943575737418,10:32:23.575,12.2000,100
37943575737418,10:32:23.575,12.2000,100
37943575737418,10:32:23.575,12.2000,100
37943575737418,10:32:23.575,12.2000,100
37943575737418,10:32:23.575,12.2000,100
37943577060254,10:32:23.577,12.2000,100
37945331250857,10:32:25.331,12.2100,100
37945331250857,10:32:25.331,12.2100,100
37945333214822,10:32:25.333,12.2100,100
37945333214822,10:32:25.333,12.2100,100
37945333214822,10:32:25.333,12.2100,100
37955971119765,10:32:35.971,12.2200,100
37955971119765,10:32:35.971,12.2200,100
37955971119765,10:32:35.971,12.2200,100
37956158139250,10:32:36.158,12.2200,100
37956158139250,10:32:36.158,12.2200,300
37956158139250,10:32:36.158,12.2200,100
37956178003524,10:32:36.178,12.2200,100
37956178003524,10:32:36.178,12.2200,95
37956178055563,10:32:36.178,12.2200,5
37992092624529,10:33:12.092,12.2300,100
37992092624529,10:33:12.092,12.2300,100
37992092624529,10:33:12.092,12.2300,100
37992092624529,10:33:12.092,12.2300,10
37992092692503,10:33:12.092,12.2300,30
37992092692503,10:33:12.092,12.2300,71
37992092710358,10:33:12.092,12.2300,29
38008034672066,10:33:28.034,12.2400,100
38024594093528,10:33:44.594,12.2400,100
38025963536725,10:33:45.963,12.2400,100
38028262560034,10:33:48.262,12.2400,100
38032272707898,10:33:52.272,12.2500,100
38034636269532,10:33:54.636,12.2500,100
38042169366724,10:34:02.169,12.2550,1
38042169366724,10:34:02.169,12.2550,2
38042169366724,10:34:02.169,12.2550,2
38042169366724,10:34:02.169,12.2550,1
38047032291278,10:34:07.032,12.2500,100
38047032291278,10:34:07.032,12.2500,100
38047032291278,10:34:07.032,12.2500,200
38047032291278,10:34:07.032,12.2500,100
38047032291278,10:34:07.032,12.2500,22
38047032291278,10:34:07.032,12.2500,200
38047034010467,10:34:07.034,12.2400,100
38047034010467,10:34:07.034,12.2400,100
38047034010467,10:34:07.034,12.2400,300
38047034010467,10:34:07.034,12.2400,300
38047798008824,10:34:07.798,12.2400,300
38047798008824,10:34:07.798,12.2400,99
38047798037880,10:34:07.798,12.2400,1
38047798037880,10:34:07.798,12.2400,100
38047798037880,10:34:07.798,12.2400,100
38047798037880,10:34:07.798,12.2400,100
38047798037880,10:34:07.798,12.2400,100
38049292557183,10:34:09.292,12.2350,1
38049292557183,10:34:09.292,12.2350,1
38049292557183,10:34:09.292,12.2350,1
38049292557183,10:34:09.292,12.2350,2
38049292557183,10:34:09.292,12.2350,1
38049292557183,10:34:09.292,12.2350,1
38049292557183,10:34:09.292,12.2400,400
38049292557183,10:34:09.292,12.2400,300
38049292557183,10:34:09.292,12.2400,100
38049292557183,10:34:09.292,12.2400,800
38049292557183,10:34:09.292,12.2400,100
38049292557183,10:34:09.292,12.2400,300
38049292557183,10:34:09.292,12.2400,25
38049293325723,10:34:09.293,12.2400,100
38049293325723,10:34:09.293,12.2400,100
38049293325723,10:34:09.293,12.2400,100
38049293325723,10:34:09.293,12.2400,100
38049293325723,10:34:09.293,12.2400,100
38049293325723,10:34:09.293,12.2400,300
38049293325723,10:34:09.293,12.2400,400
38049293325723,10:34:09.293,12.2400,300
38049293325723,10:34:09.293,12.2400,800
38049293325723,10:34:09.293,12.2400,300
38049293325723,10:34:09.293,12.2400,300
38049293325723,10:34:09.293,12.2400,400
38049293325723,10:34:09.293,12.2400,200
38049293325723,10:34:09.293,12.2400,100
38049293325723,10:34:09.293,12.2400,367
38049293597790,10:34:09.293,12.2400,400
38049293597790,10:34:09.293,12.2400,33
38049294514630,10:34:09.294,12.2400,567
38049294514630,10:34:09.294,12.2400,100
38049294514630,10:34:09.294,12.2400,100
38049294514630,10:34:09.294,12.2400,100
38049294514630,10:34:09.294,12.2400,200
38049294514630,10:34:09.294,12.2400,100
38049294514630,10:34:09.294,12.2400,300
38049294514630,10:34:09.294,12.2400,300
38050296722082,10:34:10.296,12.2450,100
38053744040443,10:34:13.744,12.2450,200
38055531617242,10:34:15.531,12.2450,100
38059958906596,10:34:19.958,12.2400,100
38063792040933,10:34:23.792,12.2450,200
38064293038561,10:34:24.293,12.2450,200
38064793038077,10:34:24.793,12.2450,200
38064793889148,10:34:24.793,12.2450,100
38076956585629,10:34:36.956,12.2400,182
38076956585629,10:34:36.956,12.2400,18
38076956660979,10:34:36.956,12.2400,82
38095865877281,10:34:55.865,12.2300,6
38098249154986,10:34:58.249,12.2300,94
38098249154986,10:34:58.249,12.2300,6
38106958974127,10:35:06.958,12.2300,100
38138912063824,10:35:38.912,12.2200,100
38138912063824,10:35:38.912,12.2200,100
38177818564972,10:36:17.818,12.2100,100
38177818564972,10:36:17.818,12.2100,45
38177818629110,10:36:17.818,12.2100,55
38177818629110,10:36:17.818,12.2100,45
38177819004143,10:36:17.819,12.2100,55
38177819004143,10:36:17.819,12.2100,100
38177819004143,10:36:17.819,12.2100,36
38177819004143,10:36:17.819,12.2100,100
38177819004143,10:36:17.819,12.2100,100
38177819166767,10:36:17.819,12.2100,100
38177819191714,10:36:17.819,12.2100,100
38177819191714,10:36:17.819,12.2100,300
38177819191714,10:36:17.819,12.2100,500
38177819191714,10:36:17.819,12.2100,600
38177819191714,10:36:17.819,12.2100,100
38177819191714,10:36:17.819,12.2100,500
38177819191714,10:36:17.819,12.2100,350
38177819611331,10:36:17.819,12.2100,100
38177819611331,10:36:17.819,12.2100,100
38177819611331,10:36:17.819,12.2100,100
38177819611331,10:36:17.819,12.2100,40
38214519330184,10:36:54.519,12.2200,10
38230351020078,10:37:10.351,12.2200,290
38230351020078,10:37:10.351,12.2200,200
38230351020078,10:37:10.351,12.2200,100
38230351020078,10:37:10.351,12.2200,100
38230351020078,10:37:10.351,12.2200,100
38230351020078,10:37:10.351,12.2200,100
38230351020078,10:37:10.351,12.2200,10
38230351020078,10:37:10.351,12.2200,100
38230351128701,10:37:10.351,12.2200,100
38230351128701,10:37:10.351,12.2200,100
38230351128701,10:37:10.351,12.2200,156
38230351472263,10:37:10.351,12.2200,44
38230351472263,10:37:10.351,12.2200,125
38230351569514,10:37:10.351,12.2200,75
38230351569514,10:37:10.351,12.2200,200
38230351599794,10:37:10.351,12.2200,200
38230351599794,10:37:10.351,12.2200,75
38236029381130,10:37:16.029,12.2200,800
38236030520096,10:37:16.030,12.2200,100
38236030520096,10:37:16.030,12.2200,100
38237054198232,10:37:17.054,12.2150,100
38249272212667,10:37:29.272,12.2150,1
38249272212667,10:37:29.272,12.2150,1
38249272212667,10:37:29.272,12.2150,1
38249272212667,10:37:29.272,12.2150,3
38249272212667,10:37:29.272,12.2150,1
38249272212667,10:37:29.272,12.2200,500
38249272212667,10:37:29.272,12.2200,193
38275205378402,10:37:55.205,12.2100,100
38275205378402,10:37:55.205,12.2100,100
38275721727742,10:37:55.721,12.2050,3
38288987847993,10:38:08.987,12.2100,100
38288987847993,10:38:08.987,12.2100,100
38288987847993,10:38:08.987,12.2100,100
38288988336857,10:38:08.988,12.2100,5
38288989105607,10:38:08.989,12.2100,100
38288989105607,10:38:08.989,12.2100,100
38358927690500,10:39:18.927,12.2100,38
38358927690500,10:39:18.927,12.2100,62
38358927761569,10:39:18.927,12.2100,38
38374639505575,10:39:34.639,12.2000,100
38374676930836,10:39:34.676,12.1900,100
38374676930836,10:39:34.676,12.1900,100
38374676930836,10:39:34.676,12.1900,100
38395004705431,10:39:55.004,12.1900,300
38395106376779,10:39:55.106,12.1900,100
38395106376779,10:39:55.106,12.1900,100
38418639021956,10:40:18.639,12.1800,100
38418639021956,10:40:18.639,12.1800,43
38418639021956,10:40:18.639,12.1800,182
38418937571192,10:40:18.937,12.1800,100
38418937571192,10:40:18.937,12.1800,100
38418937571192,10:40:18.937,12.1800,300
38418938170341,10:40:18.938,12.1800,100
38446638660176,10:40:46.638,12.1800,100
38446638660176,10:40:46.638,12.1800,100
38446638660176,10:40:46.638,12.1800,100
38446638660176,10:40:46.638,12.1800,100
38446638660176,10:40:46.638,12.1800,100
38466654550418,10:41:06.654,12.1700,200
38507890752984,10:41:47.890,12.1700,100
38507890752984,10:41:47.890,12.1700,100
38507890752984,10:41:47.890,12.1700,100
38523327331209,10:42:03.327,12.1750,3
38523327331209,10:42:03.327,12.1750,2
38523327331209,10:42:03.327,12.1750,1
38523327331209,10:42:03.327,12.1750,2
38523327331209,10:42:03.327,12.1750,2
38523327331209,10:42:03.327,12.1750,1
38523327331209,10:42:03.327,12.1800,100
38523327331209,10:42:03.327,12.1800,700
38523327331209,10:42:03.327,12.1800,500
38523327331209,10:42:03.327,12.1800,600
38523327331209,10:42:03.327,12.1800,5
38523327331209,10:42:03.327,12.1800,184
38523327508353,10:42:03.327,12.1800,116
38523327508353,10:42:03.327,12.1800,116
38523328553894,10:42:03.328,12.1800,284
38523328553894,10:42:03.328,12.1800,100
38523328553894,10:42:03.328,12.1800,100
38523328553894,10:42:03.328,12.1800,16
38523328611267,10:42:03.328,12.1800,100
38523328659229,10:42:03.328,12.1800,100
38523329035901,10:42:03.329,12.1800,184
38523329035901,10:42:03.329,12.1800,400
38523329035901,10:42:03.329,12.1800,100
38523329035901,10:42:03.329,12.1800,100
38523329035901,10:42:03.329,12.1800,100
38523329035901,10:42:03.329,12.1800,100
38523329035901,10:42:03.329,12.1800,300
38523329035901,10:42:03.329,12.1800,200
38523329035901,10:42:03.329,12.1800,16
38523329197456,10:42:03.329,12.1800,84
38523329197456,10:42:03.329,12.1800,16
38523329225865,10:42:03.329,12.1800,78
38523329225865,10:42:03.329,12.1800,100
38523329225865,10:42:03.329,12.1800,322
38523329244930,10:42:03.329,12.1800,178
38523329244930,10:42:03.329,12.1800,400
38523329914654,10:42:03.329,12.1800,100
38523329914654,10:42:03.329,12.1800,100
38523329914654,10:42:03.329,12.1800,600
38523329914654,10:42:03.329,12.1800,300
38523329914654,10:42:03.329,12.1800,100
38523329914654,10:42:03.329,12.1800,200
38523329914654,10:42:03.329,12.1800,100
38523329914654,10:42:03.329,12.1800,198
38523329914654,10:42:03.329,12.1800,100
38523329914654,10:42:03.329,12.1800,100
38523329914654,10:42:03.329,12.1800,100
38523329914654,10:42:03.329,12.1800,200
38523329914654,10:42:03.329,12.1800,200
38523329914654,10:42:03.329,12.1800,300
38523329914654,10:42:03.329,12.1800,600
38524524243562,10:42:04.524,12.1800,100
38546022912669,10:42:26.022,12.1850,2
38546022912669,10:42:26.022,12.1900,100
38546022912669,10:42:26.022,12.1900,200
38546022912669,10:42:26.022,12.1900,100
38546022912669,10:42:26.022,12.1900,98
38546022975013,10:42:26.022,12.1900,2
38557618932922,10:42:37.618,12.2000,100
38557618932922,10:42:37.618,12.2000,100
38590893105638,10:43:10.893,12.2100,300
38590893105638,10:43:10.893,12.2100,100
38590893105638,10:43:10.893,12.2100,100
38591504920815,10:43:11.504,12.2200,100
38591504920815,10:43:11.504,12.2200,100
38591504920815,10:43:11.504,12.2200,100
38591504920815,10:43:11.504,12.2200,100
38591504920815,10:43:11.504,12.2200,400
38591504920815,10:43:11.504,12.2200,100
38592290007306,10:43:12.290,12.2150,100
38598049550870,10:43:18.049,12.2200,100
38598049550870,10:43:18.049,12.2200,100
38598049550870,10:43:18.049,12.2200,100
38598245544058,10:43:18.245,12.2200,100
38633019975725,10:43:53.019,12.2300,300
38633019975725,10:43:53.019,12.2300,100
38654001834037,10:44:14.001,12.2400,48
38654045935924,10:44:14.045,12.2400,36
38654226673139,10:44:14.226,12.2400,16
38654226673139,10:44:14.226,12.2400,84
38657449675895,10:44:17.449,12.2400,116
38657449675895,10:44:17.449,12.2400,81
38657449732310,10:44:17.449,12.2400,19
38715475511175,10:45:15.475,12.2400,700
38715475511175,10:45:15.475,12.2400,200
38715475511175,10:45:15.475,12.2400,500
38715475511175,10:45:15.475,12.2400,30
38715480291542,10:45:15.480,12.2300,100
38715480291542,10:45:15.480,12.2300,100
38715480291542,10:45:15.480,12.2300,100
38715480291542,10:45:15.480,12.2300,100
38715480291542,10:45:15.480,12.2300,100
38715512417632,10:45:15.512,12.2300,100
38717016067239,10:45:17.016,12.2200,100
38717016067239,10:45:17.016,12.2200,100
38717016067239,10:45:17.016,12.2200,1900
38717016639743,10:45:17.016,12.2200,100
38717016639743,10:45:17.016,12.2200,100
38717016639743,10:45:17.016,12.2200,300
38717016639743,10:45:17.016,12.2200,100
38717524961598,10:45:17.524,12.2200,100
38717838951669,10:45:17.838,12.2200,100
38718409307167,10:45:18.409,12.2200,100
38719562403292,10:45:19.562,12.2200,71
38721171804990,10:45:21.171,12.2200,100
38727705171794,10:45:27.705,12.2200,100
38727705171794,10:45:27.705,12.2200,100
38727705991557,10:45:27.705,12.2200,100
38754557209202,10:45:54.557,12.2200,100
38754557209202,10:45:54.557,12.2200,100
38757026261153,10:45:57.026,12.2250,4
38762521808616,10:46:02.521,12.2200,100
38762521808616,10:46:02.521,12.2200,100
38762521808616,10:46:02.521,12.2200,100
38773934412799,10:46:13.934,12.2200,100
38773934412799,10:46:13.934,12.2200,100
38773934412799,10:46:13.934,12.2200,77
38773934465778,10:46:13.934,12.2200,23
38775042176209,10:46:15.042,12.2300,100
38775042176209,10:46:15.042,12.2300,100
38775042176209,10:46:15.042,12.2300,100
38775042176209,10:46:15.042,12.2300,600
38775042176209,10:46:15.042,12.2300,100
38775042909902,10:46:15.042,12.2300,100
38775042909902,10:46:15.042,12.2300,192
38778062342618,10:46:18.062,12.2250,2
38778062416188,10:46:18.062,12.2250,2
38778062497759,10:46:18.062,12.2250,2
38778062665537,10:46:18.062,12.2250,2
38778062738200,10:46:18.062,12.2250,1
38778063089924,10:46:18.063,12.2250,1
38780200686016,10:46:20.200,12.2300,208
38780200686016,10:46:20.200,12.2300,100
38783638580452,10:46:23.638,12.2300,700
38783638580452,10:46:23.638,12.2300,100
38783638580452,10:46:23.638,12.2300,100
38783638580452,10:46:23.638,12.2300,100
38783638580452,10:46:23.638,12.2300,100
38783638580452,10:46:23.638,12.2300,300
38783638580452,10:46:23.638,12.2300,100
38798520907277,10:46:38.520,12.2300,40
38804520297919,10:46:44.520,12.2300,160
38804520297919,10:46:44.520,12.2300,100
38804520297919,10:46:44.520,12.2300,100
38804520297919,10:46:44.520,12.2300,100
38838982136615,10:47:18.982,12.2150,1
38838982136615,10:47:18.982,12.2200,59
38861021114025,10:47:41.021,12.2150,1
38861021114025,10:47:41.021,12.2150,5
38894740824026,10:48:14.740,12.2100,100
38894741201454,10:48:14.741,12.2100,45
38894741257905,10:48:14.741,12.2100,55
38894741257905,10:48:14.741,12.2100,100
38894741257905,10:48:14.741,12.2100,100
38894741257905,10:48:14.741,12.2100,100
38894741257905,10:48:14.741,12.2100,100
38894741257905,10:48:14.741,12.2100,35
38894742772284,10:48:14.742,12.2000,100
38894742772284,10:48:14.742,12.2000,100
38904735551209,10:48:24.735,12.2000,100
38904735551209,10:48:24.735,12.2000,100
38904735551209,10:48:24.735,12.2000,100
38904774066597,10:48:24.774,12.2000,300
38904774066597,10:48:24.774,12.2000,100
38904774066597,10:48:24.774,12.2000,124
38904775390642,10:48:24.775,12.2000,100
38929734863089,10:48:49.734,12.2050,1
38954777219607,10:49:14.777,12.2050,2
38954777219607,10:49:14.777,12.2050,1
38960773574695,10:49:20.773,12.2050,1
38960773574695,10:49:20.773,12.2050,1
38960773574695,10:49:20.773,12.2050,1
38960773574695,10:49:20.773,12.2050,1
38960773574695,10:49:20.773,12.2100,600
38960773574695,10:49:20.773,12.2100,100
38960773574695,10:49:20.773,12.2100,400
38960773574695,10:49:20.773,12.2100,96
38960773680216,10:49:20.773,12.2100,4
38977518932984,10:49:37.518,12.2100,100
39034030886698,10:50:34.030,12.2050,1
39034030886698,10:50:34.030,12.2050,1
39034030886698,10:50:34.030,12.2050,4
39037700207355,10:50:37.700,12.2000,400
39037700207355,10:50:37.700,12.2000,100
39037700207355,10:50:37.700,12.2000,42
39037700207355,10:50:37.700,12.2000,100
39041249119203,10:50:41.249,12.1900,300
39041249119203,10:50:41.249,12.1900,100
39047182422250,10:50:47.182,12.1800,200
39047182422250,10:50:47.182,12.1800,400
39047182422250,10:50:47.182,12.1800,300
39047182422250,10:50:47.182,12.1800,236
39047182450857,10:50:47.182,12.1800,664
39047182450857,10:50:47.182,12.1800,100
39047182450857,10:50:47.182,12.1800,100
39047182450857,10:50:47.182,12.1800,100
39047182450857,10:50:47.182,12.1800,100
39047182450857,10:50:47.182,12.1800,500
39047182450857,10:50:47.182,12.1800,400
39047182450857,10:50:47.182,12.1800,184
39047182930382,10:50:47.182,12.1800,66
39064766802129,10:51:04.766,12.1800,100
39064784017466,10:51:04.784,12.1700,200
39064784017466,10:51:04.784,12.1700,100
39065558706747,10:51:05.558,12.1700,700
39065558706747,10:51:05.558,12.1700,300
39066989351634,10:51:06.989,12.1800,300
39067547882398,10:51:07.547,12.1800,100
39067547882398,10:51:07.547,12.1800,100
39067547882398,10:51:07.547,12.1800,100
39067547882398,10:51:07.547,12.1800,100
39068035505292,10:51:08.035,12.1750,1
39068035599262,10:51:08.035,12.1800,300
39083766735745,10:51:23.766,12.1800,100
39083766735745,10:51:23.766,12.1800,100
39083766948082,10:51:23.766,12.1800,200
39083917074013,10:51:23.917,12.1800,200
39083917074013,10:51:23.917,12.1800,100
39083917074013,10:51:23.917,12.1800,133
39090225256849,10:51:30.225,12.1800,5
39091032289548,10:51:31.032,12.1800,95
39100029960339,10:51:40.029,12.1750,100
39100029960339,10:51:40.029,12.1700,300
39100029960339,10:51:40.029,12.1700,100
39100029960339,10:51:40.029,12.1700,500
39100029960339,10:51:40.029,12.1700,100
39100029960339,10:51:40.029,12.1700,100
39100029960339,10:51:40.029,12.1700,100
39100029960339,10:51:40.029,12.1700,400
39100029960339,10:51:40.029,12.1700,200
39100029960339,10:51:40.029,12.1700,100
39100029960339,10:51:40.029,12.1700,100
39100029960339,10:51:40.029,12.1700,100
39100029960339,10:51:40.029,12.1700,300
39100030268432,10:51:40.030,12.1700,100
39100030268432,10:51:40.030,12.1700,100
39100030268432,10:51:40.030,12.1700,625
39100030268432,10:51:40.030,12.1700,400
39100042350325,10:51:40.042,12.1700,20
39100042350325,10:51:40.042,12.1700,100
39103776223675,10:51:43.776,12.1600,100
39119589549493,10:51:59.589,12.1600,700
39119589549493,10:51:59.589,12.1600,100
39119589549493,10:51:59.589,12.1600,100
39127240288141,10:52:07.240,12.1600,100
39127240288141,10:52:07.240,12.1600,600
39136210971466,10:52:16.210,12.1600,100
39136211006514,10:52:16.211,12.1600,100
39136211031954,10:52:16.211,12.1600,100
39136211037044,10:52:16.211,12.1600,100
39144517879063,10:52:24.517,12.1500,200
39144517879063,10:52:24.517,12.1500,46
39145562412043,10:52:25.562,12.1500,100
39145562412043,10:52:25.562,12.1500,100
39145562621414,10:52:25.562,12.1500,100
39145562621414,10:52:25.562,12.1500,100
39145582281453,10:52:25.582,12.1500,100
39147037689496,10:52:27.037,12.1500,100
39147037689496,10:52:27.037,12.1500,100
39163517899279,10:52:43.517,12.1500,300
39163517899279,10:52:43.517,12.1500,300
39163518231268,10:52:43.518,12.1500,100
39163518231268,10:52:43.518,12.1500,100
39168643548347,10:52:48.643,12.1500,900
39168643548347,10:52:48.643,12.1500,100
39169182929873,10:52:49.182,12.1600,100
39169182929873,10:52:49.182,12.1600,100
39169182929873,10:52:49.182,12.1600,200
39196968527835,10:53:16.968,12.1550,1
39196968527835,10:53:16.968,12.1550,1
39196968527835,10:53:16.968,12.1550,2
39196968527835,10:53:16.968,12.1550,1
39196968527835,10:53:16.968,12.1550,1
39196968527835,10:53:16.968,12.1550,2
39196968527835,10:53:16.968,12.1550,1
39196968527835,10:53:16.968,12.1550,1
39196968527835,10:53:16.968,12.1600,400
39196968527835,10:53:16.968,12.1600,100
39196970370554,10:53:16.970,12.1600,100
39199266533700,10:53:19.266,12.1600,200
39199266533700,10:53:19.266,12.1600,100
39199266533700,10:53:19.266,12.1600,400
39199266533700,10:53:19.266,12.1600,614
39199266533700,10:53:19.266,12.1600,100
39221959603706,10:53:41.959,12.1600,900
39221959603706,10:53:41.959,12.1600,100
39243217878600,10:54:03.217,12.1600,288
39243217906082,10:54:03.217,12.1600,412
39243217906082,10:54:03.217,12.1600,2
39254516987834,10:54:14.516,12.1600,66
39256742497778,10:54:16.742,12.1600,34
39256742497778,10:54:16.742,12.1600,100
39256742497778,10:54:16.742,12.1600,100
39264823825617,10:54:24.823,12.1600,300
39266291941221,10:54:26.291,12.1600,45
39372991917605,10:56:12.991,12.1500,100
39372991917605,10:56:12.991,12.1500,100
39372991917605,10:56:12.991,12.1500,200
39372991917605,10:56:12.991,12.1500,100
39372991917605,10:56:12.991,12.1500,200
39372991917605,10:56:12.991,12.1500,100
39372991917605,10:56:12.991,12.1500,100
39372991917605,10:56:12.991,12.1500,100
39372991917605,10:56:12.991,12.1500,100
39372991917605,10:56:12.991,12.1500,47
39372991956556,10:56:12.991,12.1500,100
39372993879322,10:56:12.993,12.1400,1
39372993886322,10:56:12.993,12.1400,3
39372993910439,10:56:12.993,12.1400,1
39372993927458,10:56:12.993,12.1400,1
39372993942295,10:56:12.993,12.1400,1
39372993982352,10:56:12.993,12.1400,1
39372994007521,10:56:12.994,12.1400,1
39372994009027,10:56:12.994,12.1400,1
39372994030693,10:56:12.994,12.1400,1
39372994051705,10:56:12.994,12.1400,1
39372994117464,10:56:12.994,12.1400,1
39426633943766,10:57:06.633,12.1450,6
39432087618837,10:57:12.087,12.1400,300
39432087618837,10:57:12.087,12.1400,100
39432087618837,10:57:12.087,12.1400,100
39432087618837,10:57:12.087,12.1400,100
39432087618837,10:57:12.087,12.1400,100
39432087618837,10:57:12.087,12.1400,100
39432723559887,10:57:12.723,12.1400,200
39432723559887,10:57:12.723,12.1400,400
39432724025248,10:57:12.724,12.1400,100
39432724025248,10:57:12.724,12.1400,100
39434738956523,10:57:14.738,12.1400,300
39434738956523,10:57:14.738,12.1400,200
39434738956523,10:57:14.738,12.1400,300
39434738956523,10:57:14.738,12.1400,600
39434738956523,10:57:14.738,12.1400,200
39434738956523,10:57:14.738,12.1400,100
39434738956523,10:57:14.738,12.1400,100
39434738956523,10:57:14.738,12.1400,200
39434738956523,10:57:14.738,12.1400,400
39434738956523,10:57:14.738,12.1400,200
39434738956523,10:57:14.738,12.1400,453
39434738956523,10:57:14.738,12.1400,400
39434738956523,10:57:14.738,12.1400,250
39434772902252,10:57:14.772,12.1500,1000
39434772902252,10:57:14.772,12.1500,100
39434772902252,10:57:14.772,12.1500,400
39434772902252,10:57:14.772,12.1500,100
39434772902252,10:57:14.772,12.1500,198
39434773645154,10:57:14.773,12.1500,2
39434773645154,10:57:14.773,12.1500,100
39434773645154,10:57:14.773,12.1500,56
39435515460534,10:57:15.515,12.1500,100
39436134743178,10:57:16.134,12.1500,100
39436134743178,10:57:16.134,12.1500,100
39493609071956,10:58:13.609,12.1550,2
39493609071956,10:58:13.609,12.1550,2
39493609071956,10:58:13.609,12.1550,2
39493609071956,10:58:13.609,12.1550,1
39493609071956,10:58:13.609,12.1550,1
39493609071956,10:58:13.609,12.1550,1
39493609071956,10:58:13.609,12.1600,59
39493625848542,10:58:13.625,12.1600,41
39493625848542,10:58:13.625,12.1600,300
39493625848542,10:58:13.625,12.1600,100
39493625848542,10:58:13.625,12.1600,100
39493625848542,10:58:13.625,12.1600,40
39493625848542,10:58:13.625,12.1600,100
39493625848542,10:58:13.625,12.1600,100
39493625848542,10:58:13.625,12.1600,100
39493625848542,10:58:13.625,12.1600,100
39493627681046,10:58:13.627,12.1600,100
39532049188738,10:58:52.049,12.1700,100
39532049188738,10:58:52.049,12.1700,100
39532049188738,10:58:52.049,12.1700,100
39532049188738,10:58:52.049,12.1700,100
39532049188738,10:58:52.049,12.1700,100
39535446313346,10:58:55.446,12.1800,100
39535446313346,10:58:55.446,12.1800,100
39595730528221,10:59:55.730,12.1900,300
39595730528221,10:59:55.730,12.1900,100
39596963960236,10:59:56.963,12.1950,1
39596963960236,10:59:56.963,12.1950,2
39611885862107,11:00:11.885,12.2000,100
39611885862107,11:00:11.885,12.2000,100
39658130623019,11:00:58.130,12.2000,100
39658130623019,11:00:58.130,12.2000,1300
39658130623019,11:00:58.130,12.2000,43
39658130623019,11:00:58.130,12.2000,100
39658130736358,11:00:58.130,12.2000,200
39663044840887,11:01:03.044,12.2000,900
39663044840887,11:01:03.044,12.2000,200
39663044840887,11:01:03.044,12.2000,100
39663044840887,11:01:03.044,12.2000,135
39663044840887,11:01:03.044,12.2000,100
39663137122657,11:01:03.137,12.2100,100
39663137131092,11:01:03.137,12.2100,100
39663137464040,11:01:03.137,12.2100,100
39668765384948,11:01:08.765,12.2150,2
39668765384948,11:01:08.765,12.2150,2
39668765384948,11:01:08.765,12.2150,1
39668765384948,11:01:08.765,12.2150,2
39668765384948,11:01:08.765,12.2200,40
39668765384948,11:01:08.765,12.2200,93
39668822413296,11:01:08.822,12.2200,100
39668822442953,11:01:08.822,12.2200,100
39668822486104,11:01:08.822,12.2200,100
39673020920517,11:01:13.020,12.2100,100
39682958636614,11:01:22.958,12.2000,100
39687194733354,11:01:27.194,12.2000,100
39688531677703,11:01:28.531,12.2000,100
39696177310919,11:01:36.177,12.2000,100
39700148946369,11:01:40.148,12.2000,100
39701515546485,11:01:41.515,12.2100,100
39701515740627,11:01:41.515,12.2100,5
39722516416788,11:02:02.516,12.2200,100
39722516416788,11:02:02.516,12.2200,100
39722516416788,11:02:02.516,12.2200,175
39722516416788,11:02:02.516,12.2200,83
39722516420477,11:02:02.516,12.2200,17
39734450014727,11:02:14.450,12.2300,45
39735019968004,11:02:15.019,12.2300,500
39735019994324,11:02:15.019,12.2300,81
39745363850256,11:02:25.363,12.2350,1
39759020347840,11:02:39.020,12.2400,100
39759020347840,11:02:39.020,12.2400,100
39769962157325,11:02:49.962,12.2400,100
39769962157325,11:02:49.962,12.2400,200
39769962157325,11:02:49.962,12.2400,39
39769962157325,11:02:49.962,12.2400,100
39769962497714,11:02:49.962,12.2400,100
39769962659974,11:02:49.962,12.2400,200
39781936824012,11:03:01.936,12.2400,100
39801986424399,11:03:21.986,12.2450,1
39801986424399,11:03:21.986,12.2450,1
39801986424399,11:03:21.986,12.2450,2
39801986424399,11:03:21.986,12.2450,2
39801986424399,11:03:21.986,12.2450,1
39801986424399,11:03:21.986,12.2450,1
39801986424399,11:03:21.986,12.2450,1
39801986424399,11:03:21.986,12.2450,1
39801986424399,11:03:21.986,12.2450,100
39842919136501,11:04:02.919,12.2500,299
39842919136501,11:04:02.919,12.2500,200
39842919136501,11:04:02.919,12.2500,84
39843020040368,11:04:03.020,12.2500,100
39843020040368,11:04:03.020,12.2500,100
39843020040368,11:04:03.020,12.2500,100
39843020040368,11:04:03.020,12.2500,100
39843020040368,11:04:03.020,12.2500,100
39843030621654,11:04:03.030,12.2600,100
39843030621654,11:04:03.030,12.2600,100
39851696556202,11:04:11.696,12.2650,1
39851696556202,11:04:11.696,12.2650,3
39851696556202,11:04:11.696,12.2700,100
39851696556202,11:04:11.696,12.2700,38
39857563746518,11:04:17.563,12.2650,1
39860016135805,11:04:20.016,12.2650,1
39860016135805,11:04:20.016,12.2650,1
39860016135805,11:04:20.016,12.2650,1
39860016135805,11:04:20.016,12.2650,1
39860016135805,11:04:20.016,12.2650,1
39864457023382,11:04:24.457,12.2650,1
39864457023382,11:04:24.457,12.2650,2
39869068122091,11:04:29.068,12.2650,1
39869068122091,11:04:29.068,12.2650,1
39869068122091,11:04:29.068,12.2650,2
39908516661966,11:05:08.516,12.2700,100
39908516661966,11:05:08.516,12.2700,100
39908516661966,11:05:08.516,12.2700,73
39908540383160,11:05:08.540,12.2700,27
39908540383160,11:05:08.540,12.2700,100
39923526576573,11:05:23.526,12.2700,700
39923526576573,11:05:23.526,12.2700,100
39923526576573,11:05:23.526,12.2700,200
39923526576573,11:05:23.526,12.2700,400
39923526576573,11:05:23.526,12.2700,35
39923526576573,11:05:23.526,12.2700,200
39923526576573,11:05:23.526,12.2700,100
39923526613972,11:05:23.526,12.2700,100
39923526614743,11:05:23.526,12.2700,100
39923526616761,11:05:23.526,12.2700,93
39923526626264,11:05:23.526,12.2700,7
39959747989121,11:05:59.747,12.2600,100
39959747989121,11:05:59.747,12.2600,100
39959747989121,11:05:59.747,12.2600,100
39959747989121,11:05:59.747,12.2600,100
39959747989121,11:05:59.747,12.2600,100
39975951480444,11:06:15.951,12.2550,3
39978729277126,11:06:18.729,12.2550,2
39982767297590,11:06:22.767,12.2500,100
39982767297590,11:06:22.767,12.2500,100
39982767297590,11:06:22.767,12.2500,30
39982767297590,11:06:22.767,12.2500,100
40039114934080,11:07:19.114,12.2400,100
40039114934080,11:07:19.114,12.2400,100
40039114934080,11:07:19.114,12.2400,100
40050491916141,11:07:30.491,12.2300,200
40050491916141,11:07:30.491,12.2300,100
40050491916141,11:07:30.491,12.2300,92
40050491916141,11:07:30.491,12.2300,77
40050491944092,11:07:30.491,12.2300,23
40050491944092,11:07:30.491,12.2300,433
40054292016494,11:07:34.292,12.2350,100
40130176495800,11:08:50.176,12.2300,100
40130176495800,11:08:50.176,12.2300,100
40138229348274,11:08:58.229,12.2300,100
40138229348274,11:08:58.229,12.2300,33
40138229348274,11:08:58.229,12.2300,100
40138229348274,11:08:58.229,12.2300,67
40138229646747,11:08:58.229,12.2300,33
40150029193130,11:09:10.029,12.2200,100
40150029193130,11:09:10.029,12.2200,400
40150030005690,11:09:10.030,12.2200,300
40150051193327,11:09:10.051,12.2200,413
40150051193327,11:09:10.051,12.2200,100
40150051193327,11:09:10.051,12.2200,400
40150051193327,11:09:10.051,12.2200,100
40150051193327,11:09:10.051,12.2200,92
40150051193327,11:09:10.051,12.2200,100
40151545797771,11:09:11.545,12.2300,100
40151545797771,11:09:11.545,12.2300,500
40157852911316,11:09:17.852,12.2400,100
40157852911316,11:09:17.852,12.2400,200
40157852911316,11:09:17.852,12.2400,200
40157853010619,11:09:17.853,12.2400,100
40157853010619,11:09:17.853,12.2400,100
40157853010619,11:09:17.853,12.2400,1
40157853622233,11:09:17.853,12.2400,99
40181107658784,11:09:41.107,12.2400,100
40181107658784,11:09:41.107,12.2400,100
40188520285400,11:09:48.520,12.2400,100
40237042446690,11:10:37.042,12.2300,14
40240270185160,11:10:40.270,12.2300,20
40240270185160,11:10:40.270,12.2300,100
40240270185160,11:10:40.270,12.2300,80
40240270221532,11:10:40.270,12.2300,20
40240270221532,11:10:40.270,12.2300,100
40240270221532,11:10:40.270,12.2300,2
40240271130061,11:10:40.271,12.2200,1
40240271130564,11:10:40.271,12.2200,1
40240271131037,11:10:40.271,12.2200,1
40240271133738,11:10:40.271,12.2200,1
40240271135017,11:10:40.271,12.2200,1
40245027534155,11:10:45.027,12.2200,100
40245027534155,11:10:45.027,12.2200,100
40245063492415,11:10:45.063,12.2200,100
40245063655286,11:10:45.063,12.2200,200
40254131636456,11:10:54.131,12.2200,100
40254131636456,11:10:54.131,12.2200,100
40254131636456,11:10:54.131,12.2200,300
40254131636456,11:10:54.131,12.2200,200
40254131636456,11:10:54.131,12.2200,100
40254131636456,11:10:54.131,12.2200,400
40254131636456,11:10:54.131,12.2200,76
40254132533229,11:10:54.132,12.2200,2
40254132555994,11:10:54.132,12.2200,1
40254132608217,11:10:54.132,12.2200,1
40254132831412,11:10:54.132,12.2200,1
40264608863580,11:11:04.608,12.2250,100
40264608863580,11:11:04.608,12.2300,500
40264608863580,11:11:04.608,12.2300,100
40264608863580,11:11:04.608,12.2300,400
40264608893957,11:11:04.608,12.2300,100
40271759145493,11:11:11.759,12.2400,114
40271759221219,11:11:11.759,12.2400,236
40278107611246,11:11:18.107,12.2400,250
40278107611246,11:11:18.107,12.2400,100
40278107939665,11:11:18.107,12.2400,100
40306898023311,11:11:46.898,12.2400,100
40306898023311,11:11:46.898,12.2400,100
40306898023311,11:11:46.898,12.2400,100
40306898023311,11:11:46.898,12.2400,100
40306898023311,11:11:46.898,12.2400,300
40323648500507,11:12:03.648,12.2400,125
40323657798141,11:12:03.657,12.2400,700
40323657798141,11:12:03.657,12.2400,200
40323657798141,11:12:03.657,12.2400,400
40364270084869,11:12:44.270,12.2400,100
