timestamp,time,price,volume
34200929102569,09:30:00.929,10.0800,1300
34584949226377,09:36:24.949,10.0900,2
35109888973112,09:45:09.888,10.1300,100
35183992007550,09:46:23.992,10.1300,100
35187642107059,09:46:27.642,10.1500,100
35187642418829,09:46:27.642,10.1600,100
35187642418829,09:46:27.642,10.1600,100
35187642444405,09:46:27.642,10.1600,200
35477429456495,09:51:17.429,10.1500,45
35477429456495,09:51:17.429,10.1500,100
35592824289567,09:53:12.824,10.1000,500
35592824313132,09:53:12.824,10.0800,100
35592824748889,09:53:12.824,10.0800,165
35647937869378,09:54:07.937,10.1200,1
35708845431108,09:55:08.845,10.0900,100
35767446176904,09:56:07.446,10.0600,400
35767446519934,09:56:07.446,10.0600,1000
35767446570141,09:56:07.446,10.0600,100
35767446595111,09:56:07.446,10.0600,100
35767447030310,09:56:07.447,10.0600,29
35950899608527,09:59:10.899,10.0700,2
36242486966077,10:04:02.486,10.0400,1
36313597915673,10:05:13.597,10.0000,47
36313597915673,10:05:13.597,9.9900,53
36318288813316,10:05:18.288,9.9900,8
36533474923884,10:08:53.474,10.0200,100
36709317058738,10:11:49.317,10.0800,100
36709317058738,10:11:49.317,10.0800,100
36734632992175,10:12:14.632,10.1100,47
36734673486038,10:12:14.673,10.1200,100
36734689240239,10:12:14.689,10.1300,100
37142002402741,10:19:02.002,10.0900,100
37142002402741,10:19:02.002,10.0900,13
37142004002509,10:19:02.004,10.0800,100
37142004002509,10:19:02.004,10.0800,100
37142004002509,10:19:02.004,10.0800,100
37142004046010,10:19:02.004,10.0800,100
37157484035379,10:19:17.484,10.0500,100
37179280805269,10:19:39.280,10.0700,25
37179280805269,10:19:39.280,10.0700,75
37179281245230,10:19:39.281,10.0700,25
37404092299655,10:23:24.092,10.0900,100
37404095832760,10:23:24.095,10.0900,200
37404096149806,10:23:24.096,10.0900,3
37404096151269,10:23:24.096,10.0900,62
37404097066091,10:23:24.097,10.0900,235
37404097089961,10:23:24.097,10.0900,87
37447227001327,10:24:07.227,10.0900,300
37447227001327,10:24:07.227,10.0900,200
37447227001327,10:24:07.227,10.0900,100
37447227001327,10:24:07.227,10.0900,251
37447227551741,10:24:07.227,10.0900,3
37462304092324,10:24:22.304,10.0900,1
37489473600728,10:24:49.473,10.0900,296
37489473600728,10:24:49.473,10.0900,504
38028144975410,10:33:48.144,10.0900,2
38369603881139,10:39:29.603,10.0900,1
38622303563973,10:43:42.303,10.0900,2
38982900053446,10:49:42.900,10.0900,295
38982900053446,10:49:42.900,10.0900,100
38982900053446,10:49:42.900,10.0900,100
38982900053446,10:49:42.900,10.0900,100
38982900093795,10:49:42.900,10.0900,300
38982900351548,10:49:42.900,10.0900,145
38990225810571,10:49:50.225,10.1200,2
39034203748882,10:50:34.203,10.1100,499
39034203773287,10:50:34.203,10.1100,1201
39034204521275,10:50:34.204,10.1000,100
39034204680859,10:50:34.204,10.1000,100
39101448644205,10:51:41.448,10.1100,5
39101453868623,10:51:41.453,10.1200,7
39101459980768,10:51:41.459,10.1200,100
39910573699757,11:05:10.573,10.1300,200
40246068463257,11:10:46.068,10.1200,15
40246068463257,11:10:46.068,10.1200,85
40246068882197,11:10:46.068,10.1200,15
40246068882197,11:10:46.068,10.1200,85
40246068905770,11:10:46.068,10.1200,15
40246122677657,11:10:46.122,10.1100,100
40246122677657,11:10:46.122,10.1100,100
40246122677657,11:10:46.122,10.1100,100
40246129121614,11:10:46.129,10.1100,54
40459227354373,11:14:19.227,10.1100,1
40742314359642,11:19:02.314,10.1000,1
41441193647354,11:30:41.193,10.0600,100
41441193768017,11:30:41.193,10.0600,100
41646294819240,11:34:06.294,10.0700,100
41646295289736,11:34:06.295,10.0800,97
41646295315062,11:34:06.295,10.0800,3
41646295315062,11:34:06.295,10.0800,15
41646295326266,11:34:06.295,10.0800,82
41646295550060,11:34:06.295,10.0800,3
41646299564282,11:34:06.299,10.0800,70
41648072034263,11:34:08.072,10.1100,1
42162100164536,11:42:42.100,10.0800,100
42247672427926,11:44:07.672,10.1000,100
42271038450818,11:44:31.038,10.1000,100
42569547633068,11:49:29.547,10.1200,100
43063709499329,11:57:43.709,10.1100,91
43736644235655,12:08:56.644,10.1300,1
43935165906179,12:12:15.165,10.1300,99
43935165906179,12:12:15.165,10.1300,100
43935165906179,12:12:15.165,10.1300,100
44276119445071,12:17:56.119,10.1200,89
44359776951802,12:19:19.776,10.1500,1
44359776951802,12:19:19.776,10.1500,1186
44359776977955,12:19:19.776,10.1500,814
44807597339645,12:26:47.597,10.1500,100
44911215823487,12:28:31.215,10.1500,100
45106485753542,12:31:46.485,10.1500,100
45106485840862,12:31:46.485,10.1500,26
45261871778666,12:34:21.871,10.1700,10
45355353110096,12:35:55.353,10.1400,100
45361846149933,12:36:01.846,10.1400,100
45550114444426,12:39:10.114,10.1500,2
45570427692799,12:39:30.427,10.1300,15
46050801468377,12:47:30.801,10.1300,85
46050801468377,12:47:30.801,10.1200,15
46051647910646,12:47:31.647,10.1300,100
46262832019962,12:51:02.832,10.1400,100
46270237705857,12:51:10.237,10.1400,100
46270237705857,12:51:10.237,10.1400,100
46364064249578,12:52:44.064,10.1500,28
46364064249578,12:52:44.064,10.1500,5
46640615582163,12:57:20.615,10.1600,1
46640615582163,12:57:20.615,10.1600,69
46640615582163,12:57:20.615,10.1600,6
46640615582163,12:57:20.615,10.1600,6
46640615582163,12:57:20.615,10.1600,25
46640615582163,12:57:20.615,10.1600,5
46653621039184,12:57:33.621,10.1700,6
46653621039184,12:57:33.621,10.1700,13
46653621039184,12:57:33.621,10.1700,5
46653621039184,12:57:33.621,10.1700,100
46889897011906,13:01:29.897,10.2300,292
46889897038328,13:01:29.897,10.2300,1408
46889897182990,13:01:29.897,10.2300,100
46889897182990,13:01:29.897,10.2300,100
47017585122645,13:03:37.585,10.2200,100
47017585122645,13:03:37.585,10.2200,7
47017592661997,13:03:37.592,10.2300,100
47171744301992,13:06:11.744,10.2300,100
47171744301992,13:06:11.744,10.2300,6
47171744301992,13:06:11.744,10.2300,100
47171744301992,13:06:11.744,10.2300,100
47171744301992,13:06:11.744,10.2300,100
47171746775805,13:06:11.746,10.2400,100
47171746775805,13:06:11.746,10.2400,200
47219724180944,13:06:59.724,10.2500,100
47221879813227,13:07:01.879,10.2500,600
47236041561290,13:07:16.041,10.2600,92
47236041561290,13:07:16.041,10.2600,8
47262318959529,13:07:42.318,10.2700,12
47262318959529,13:07:42.318,10.2700,88
47262319059440,13:07:42.319,10.2700,6
47262319399197,13:07:42.319,10.2700,6
47274996297781,13:07:54.996,10.2800,100
47276788855759,13:07:56.788,10.2800,400
47276789292540,13:07:56.789,10.2800,6
47276789318968,13:07:56.789,10.2800,94
47284941851454,13:08:04.941,10.2700,190
47320272849834,13:08:40.272,10.2900,100
47340285405718,13:09:00.285,10.2900,1
47346512528641,13:09:06.512,10.2900,69
47457651166809,13:10:57.651,10.2900,1
47457651570655,13:10:57.651,10.2900,88
47457651597036,13:10:57.651,10.2900,111
47457651597036,13:10:57.651,10.2900,100
47457651597036,13:10:57.651,10.2900,14
47524406323529,13:12:04.406,10.2800,3
47524427396189,13:12:04.427,10.2700,100
47524427396189,13:12:04.427,10.2700,36
47524427442987,13:12:04.427,10.2700,64
47524427442987,13:12:04.427,10.2700,100
47524427442987,13:12:04.427,10.2700,300
47722353804876,13:15:22.353,10.2500,200
47757697585764,13:15:57.697,10.2400,1
47757697611307,13:15:57.697,10.2400,199
47924918202102,13:18:44.918,10.2200,10
47924918202102,13:18:44.918,10.2200,90
47997031448753,13:19:57.031,10.2200,10
47997031794035,13:19:57.031,10.2200,40
48267929288549,13:24:27.929,10.2100,100
48267929610797,13:24:27.929,10.2200,5
48431015567764,13:27:11.015,10.2300,100
48469153351806,13:27:49.153,10.2400,100
48469153351806,13:27:49.153,10.2400,100
48469175719005,13:27:49.175,10.2500,100
48469175719005,13:27:49.175,10.2500,12
48469175719005,13:27:49.175,10.2500,34
48469175719005,13:27:49.175,10.2500,9
48469175719005,13:27:49.175,10.2500,45
48469175757257,13:27:49.175,10.2500,7
48521573344918,13:28:41.573,10.2700,100
48521573344918,13:28:41.573,10.2700,100
48778009492178,13:32:58.009,10.2600,1
48943804758931,13:35:43.804,10.2700,800
48943805194654,13:35:43.805,10.2700,147
48943805201965,13:35:43.805,10.2700,46
48943805214501,13:35:43.805,10.2700,100
49017506775791,13:36:57.506,10.2700,1
49027553733472,13:37:07.553,10.2700,100
49027553882206,13:37:07.553,10.2700,506
49063857879348,13:37:43.857,10.2700,200
49075572532347,13:37:55.572,10.2700,14
49115000002990,13:38:35.000,10.2600,100
49410606530548,13:43:30.606,10.2700,66
49695990195437,13:48:15.990,10.2500,93
49739367563994,13:48:59.367,10.2700,2
50336000629422,13:58:56.000,10.2500,88
50356138907720,13:59:16.138,10.2700,1
50409005166542,14:00:09.005,10.2700,3
50512128483841,14:01:52.128,10.2500,100
50573969824512,14:02:53.969,10.2700,100
50573969824512,14:02:53.969,10.2700,100
50573969824512,14:02:53.969,10.2700,100
50573969824512,14:02:53.969,10.2700,100
50573969824512,14:02:53.969,10.2700,100
50573969824512,14:02:53.969,10.2700,100
50573969824512,14:02:53.969,10.2700,100
50573969824512,14:02:53.969,10.2700,100
50573976230529,14:02:53.976,10.2800,50
50573976230529,14:02:53.976,10.2800,100
50573976230529,14:02:53.976,10.2800,50
50632052772550,14:03:52.052,10.2900,100
50632052772550,14:03:52.052,10.2900,89
50655462684245,14:04:15.462,10.3000,1
50719818773691,14:05:19.818,10.3000,99
50719818773691,14:05:19.818,10.3000,1
50719818799326,14:05:19.818,10.3000,99
50908523411859,14:08:28.523,10.3100,43
50908523411859,14:08:28.523,10.3100,57
51013918863296,14:10:13.918,10.3000,100
51013919186371,14:10:13.919,10.3000,13
51177692428918,14:12:57.692,10.3000,5
51983967384784,14:26:23.967,10.2900,100
51983967384784,14:26:23.967,10.2900,13
52497580284497,14:34:57.580,10.2800,100
52541903197978,14:35:41.903,10.2800,8
52541903456398,14:35:41.903,10.2700,36
52541903480076,14:35:41.903,10.2700,4
52541903510376,14:35:41.903,10.2700,100
52546201361694,14:35:46.201,10.2800,87
52646639254884,14:37:26.639,10.2800,100
52646639637508,14:37:26.639,10.2800,82
52646639647729,14:37:26.639,10.2800,18
52646639647729,14:37:26.639,10.2800,100
52646639647729,14:37:26.639,10.2800,82
52646639655628,14:37:26.639,10.2800,18
52725330836396,14:38:45.330,10.3000,100
52725330836396,14:38:45.330,10.3000,100
52725330836396,14:38:45.330,10.3000,100
52736619823213,14:38:56.619,10.3100,1
52741811560563,14:39:01.811,10.3100,99
52741811560563,14:39:01.811,10.3100,100
52923475024537,14:42:03.475,10.3200,100
52923475024537,14:42:03.475,10.3200,100
52923475024537,14:42:03.475,10.3200,100
52923475763438,14:42:03.475,10.3300,100
52923475826120,14:42:03.475,10.3300,40
52923475826120,14:42:03.475,10.3300,60
52923490554366,14:42:03.490,10.3400,70
52923492149052,14:42:03.492,10.3500,200
53181378165610,14:46:21.378,10.3300,5
53181378165610,14:46:21.378,10.3300,95
53181743898653,14:46:21.743,10.3300,5
53334197894328,14:48:54.197,10.3500,1
53519706356003,14:51:59.706,10.3500,99
53519706356003,14:51:59.706,10.3500,8
53519727393814,14:51:59.727,10.3600,53
53710257485977,14:55:10.257,10.3300,100
53886888503590,14:58:06.888,10.3500,100
53977240848688,14:59:37.240,10.3600,977
53977240848688,14:59:37.240,10.3600,17
53977240893723,14:59:37.240,10.3600,83
53977240893723,14:59:37.240,10.3600,100
53977240932422,14:59:37.240,10.3700,51
53977240932422,14:59:37.240,10.3700,49
53977240932422,14:59:37.240,10.3700,12
53977241056645,14:59:37.241,10.3700,88
53996577965883,14:59:56.577,10.3800,2
53996577965883,14:59:56.577,10.3800,5
53996577965883,14:59:56.577,10.3800,93
53996585427130,14:59:56.585,10.3800,100
53996588668170,14:59:56.588,10.3900,2
53996588668170,14:59:56.588,10.3900,100
53997050444196,14:59:57.050,10.4200,100
53997050445548,14:59:57.050,10.4200,31
53998481796690,14:59:58.481,10.4000,100
53998682416969,14:59:58.682,10.3900,200
54008236144850,15:00:08.236,10.3800,15
54013876967899,15:00:13.876,10.4000,100
54013876967899,15:00:13.876,10.4000,90
54021791051442,15:00:21.791,10.4100,100
54205856261759,15:03:25.856,10.3800,100
54205856261759,15:03:25.856,10.3800,13
54205856324227,15:03:25.856,10.3800,50
54237900186307,15:03:57.900,10.3700,1
54307947141665,15:05:07.947,10.3500,100
54307947141665,15:05:07.947,10.3500,100
54307964776786,15:05:07.964,10.3400,50
54307964776786,15:05:07.964,10.3300,50
54307967837028,15:05:07.967,10.3400,50
54307986132341,15:05:07.986,10.3300,50
54307986132341,15:05:07.986,10.3200,50
54308007253152,15:05:08.007,10.3200,100
54308023374348,15:05:08.023,10.3200,100
54308038809243,15:05:08.038,10.3200,100
54308055174153,15:05:08.055,10.3200,100
54310850946428,15:05:10.850,10.3400,5
54310850946428,15:05:10.850,10.3400,100
54310850946428,15:05:10.850,10.3400,100
54310850946428,15:05:10.850,10.3400,195
54310850974333,15:05:10.850,10.3400,5
54468699631232,15:07:48.699,10.3500,100
54528418645397,15:08:48.418,10.3500,100
54558799208659,15:09:18.799,10.3600,100
54558799629547,15:09:18.799,10.3600,200
54558800063630,15:09:18.800,10.3600,2
54558800098187,15:09:18.800,10.3600,98
54558800098187,15:09:18.800,10.3600,100
54558808565177,15:09:18.808,10.3600,50
54558808589423,15:09:18.808,10.3600,50
54629871730527,15:10:29.871,10.3500,100
54649134386489,15:10:49.134,10.3500,8
54649134386489,15:10:49.134,10.3400,92
54657275710245,15:10:57.275,10.3400,8
54717923220394,15:11:57.923,10.3500,1
54837007441169,15:13:57.007,10.3500,99
54837007441169,15:13:57.007,10.3500,100
54837007441169,15:13:57.007,10.3500,100
54837007899484,15:13:57.007,10.3500,100
54837007944071,15:13:57.007,10.3500,100
54890939094532,15:14:50.939,10.3600,1300
54890939533679,15:14:50.939,10.3600,99
54895782697476,15:14:55.782,10.3600,100
54924640149589,15:15:24.640,10.3600,100
54933516159975,15:15:33.516,10.3600,100
54971550395679,15:16:11.550,10.3700,42
54971550395679,15:16:11.550,10.3700,58
54971550395679,15:16:11.550,10.3700,100
54974256743963,15:16:14.256,10.3800,150
55005164616334,15:16:45.164,10.3800,693
55005164641051,15:16:45.164,10.3800,2201
55005164643540,15:16:45.164,10.3800,1592
55005165087207,15:16:45.165,10.3800,100
55005165087207,15:16:45.165,10.3800,100
55007025303096,15:16:47.025,10.3900,200
55044006451515,15:17:24.006,10.3900,1
55044006451515,15:17:24.006,10.3900,100
55044006451515,15:17:24.006,10.3900,99
55137764368558,15:18:57.764,10.3900,300
55140120890300,15:19:00.120,10.4000,11
55140120890300,15:19:00.120,10.4000,67
55140135674682,15:19:00.135,10.4100,100
55351382325394,15:22:31.382,10.3900,100
55351382325394,15:22:31.382,10.3900,100
55351382325394,15:22:31.382,10.3900,100
55873933620839,15:31:13.933,10.3400,3
55873933750441,15:31:13.933,10.3400,20
55929774286304,15:32:09.774,10.3550,7
56043271833476,15:34:03.271,10.3550,56
56043271833476,15:34:03.271,10.3500,44
56208482690817,15:36:48.482,10.3500,34
56208482690817,15:36:48.482,10.3500,48
56208482690817,15:36:48.482,10.3500,9
56443049961586,15:40:43.049,10.3500,5
56443049961586,15:40:43.049,10.3500,20
56443049961586,15:40:43.049,10.3500,100
56443049961586,15:40:43.049,10.3500,100
56443049961586,15:40:43.049,10.3500,52
56443049961586,15:40:43.049,10.3500,100
56443050380572,15:40:43.050,10.3500,200
56443050380572,15:40:43.050,10.3500,100
56443109617041,15:40:43.109,10.3500,100
56448734589197,15:40:48.734,10.3600,100
56448916830488,15:40:48.916,10.3600,100
56845836858223,15:47:25.836,10.3500,100
56845836858223,15:47:25.836,10.3500,100
56845836858223,15:47:25.836,10.3500,100
56854271744549,15:47:34.271,10.3600,100
56854271744549,15:47:34.271,10.3600,100
56854271744549,15:47:34.271,10.3600,100
56857230459189,15:47:37.230,10.3700,34
56857230556756,15:47:37.230,10.3700,66
56857230556756,15:47:37.230,10.3700,100
56872617554150,15:47:52.617,10.3700,100
56965799996203,15:49:25.799,10.3800,42
56965799996203,15:49:25.799,10.3800,9
56965799996203,15:49:25.799,10.3800,49
56965800041659,15:49:25.800,10.3800,51
57008934196092,15:50:08.934,10.3800,7
57070956959714,15:51:10.956,10.3700,3
57079599250877,15:51:19.599,10.3700,30
57186998565542,15:53:06.998,10.3600,100
57287150620718,15:54:47.150,10.3700,4
57297035724505,15:54:57.035,10.3800,19
57297035869062,15:54:57.035,10.3800,281
57297035869062,15:54:57.035,10.3800,88
57297035907895,15:54:57.035,10.3800,12
57297745211907,15:54:57.745,10.3800,99
57298771227366,15:54:58.771,10.3800,1
57298771424951,15:54:58.771,10.3800,15
57397489702477,15:56:37.489,10.3900,10
57397489702477,15:56:37.489,10.3900,51
57397490300308,15:56:37.490,10.3900,49
57397490300308,15:56:37.490,10.3900,72
57397490300308,15:56:37.490,10.3900,100
57397490300308,15:56:37.490,10.3900,100
57437106564157,15:57:17.106,10.4000,100
57437106958393,15:57:17.106,10.4000,2
57437107181377,15:57:17.107,10.4000,98
57437107181377,15:57:17.107,10.4000,2
57462315122683,15:57:42.315,10.4000,100
57462315122683,15:57:42.315,10.4000,36
57509734042353,15:58:29.734,10.4000,64
57509734042353,15:58:29.734,10.4000,22
57551029238655,15:59:11.029,10.4000,91
57551029311196,15:59:11.029,10.4000,91
57551029502812,15:59:11.029,10.4000,91
57551032158390,15:59:11.032,10.4000,45
57551032358153,15:59:11.032,10.4000,160
57551032576561,15:59:11.032,10.4000,84
57551032604889,15:59:11.032,10.4000,16
57551032604889,15:59:11.032,10.4000,61
57551032604889,15:59:11.032,10.4000,100
57552531282307,15:59:12.531,10.4000,14
57553950433424,15:59:13.950,10.4000,16
57554792521049,15:59:14.792,10.4000,66
57573041859353,15:59:33.041,10.4000,4
57573041859353,15:59:33.041,10.4000,100
57573041859353,15:59:33.041,10.4000,13
57573041859353,15:59:33.041,10.4000,95
57585628496200,15:59:45.628,10.3900,91
57585872392908,15:59:45.872,10.3900,71
57585872392908,15:59:45.872,10.3900,100
57585872392908,15:59:45.872,10.3900,21
57585872421278,15:59:45.872,10.3900,143
57585872421278,15:59:45.872,10.3900,173
57590020927090,15:59:50.020,10.4000,100
57595279649829,15:59:55.279,10.4000,69
57596470073473,15:59:56.470,10.3900,100
57600577045378,16:00:00.577,10.4000,24273
