timestamp,time,price,volume
34200394030393,09:30:00.394,0.0000,0
34660872164287,09:37:40.872,45.4600,14
34660872164287,09:37:40.872,45.4800,6
34700475617061,09:38:20.475,45.4700,70
34700475641209,09:38:20.475,45.4700,30
34702490843825,09:38:22.490,45.5300,76
34702492320206,09:38:22.492,45.5300,11
34702492320206,09:38:22.492,45.5300,100
34841499669204,09:40:41.499,45.5500,100
34907726269029,09:41:47.726,45.4500,41
34980869969519,09:43:00.869,45.4900,6
35176734656268,09:46:16.734,45.5000,100
35176734696445,09:46:16.734,45.5300,100
35191120027991,09:46:31.120,45.5200,41
35191120062823,09:46:31.120,45.5500,100
35201313635134,09:46:41.313,45.5700,100
35226895543722,09:47:06.895,45.5000,100
35297994664394,09:48:17.994,45.4400,100
35361009912880,09:49:21.009,45.5000,5
35378928000610,09:49:38.928,45.5000,100
35392274268558,09:49:52.274,45.4900,100
35392274268558,09:49:52.274,45.4900,100
35392274268558,09:49:52.274,45.4900,100
35437232399697,09:50:37.232,45.4700,100
35588244278497,09:53:08.244,45.4600,61
35588244284367,09:53:08.244,45.4600,39
35588244284367,09:53:08.244,45.4600,11
35588244303236,09:53:08.244,45.4600,89
35668019601244,09:54:28.019,45.4800,100
35746344044640,09:55:46.344,45.4700,100
35809240292537,09:56:49.240,45.5000,100
35809240337346,09:56:49.240,45.5000,100
35848332922466,09:57:28.332,45.5500,100
35848333412545,09:57:28.333,45.5500,100
35848358543104,09:57:28.358,45.5700,100
36010885553634,10:00:10.885,45.6200,100
36010886139824,10:00:10.886,45.6200,100
36066274740104,10:01:06.274,45.6800,100
36066275370723,10:01:06.275,45.6600,50
36066275371940,10:01:06.275,45.6600,50
36066281146348,10:01:06.281,45.6400,6
36067480421543,10:01:07.480,45.6000,100
36166687597534,10:02:46.687,45.5700,5
36166706064469,10:02:46.706,45.5700,100
36190168063358,10:03:10.168,45.5100,100
36237278408378,10:03:57.278,45.5100,37
36237278478164,10:03:57.278,45.5100,63
36259649082808,10:04:19.649,45.5300,100
36284556156583,10:04:44.556,45.5300,100
36284556588340,10:04:44.556,45.5100,100
36336854258328,10:05:36.854,45.5600,4
36437763463508,10:07:17.763,45.5700,100
36437763580622,10:07:17.763,45.5700,4
36437763901304,10:07:17.763,45.5600,6
36533103783986,10:08:53.103,45.6000,100
36533103838447,10:08:53.103,45.6100,100
36533112417631,10:08:53.112,45.6200,100
36533112503417,10:08:53.112,45.6300,100
36536158467039,10:08:56.158,45.6300,15
36612243370490,10:10:12.243,45.6500,100
36631064249252,10:10:31.064,45.6300,5
36631064249252,10:10:31.064,45.6300,64
36631064317887,10:10:31.064,45.6300,36
36637630823805,10:10:37.630,45.5800,100
36637674950595,10:10:37.674,45.6100,100
36639664626719,10:10:39.664,45.5800,78
36697035647800,10:11:37.035,45.6400,100
36697035685947,10:11:37.035,45.6400,100
36702098695083,10:11:42.098,45.6700,100
36702098844371,10:11:42.098,45.6700,37
36778161188290,10:12:58.161,45.6900,100
36778161188290,10:12:58.161,45.6900,1
36778161188290,10:12:58.161,45.6900,5
36778161649841,10:12:58.161,45.6900,33
36778163877371,10:12:58.163,45.6700,100
36778170678753,10:12:58.170,45.6300,100
36778170678753,10:12:58.170,45.6300,100
36778171581240,10:12:58.171,45.6600,100
36778177340002,10:12:58.177,45.6300,100
36797995490376,10:13:17.995,45.6700,1
36933386465601,10:15:33.386,45.6500,100
36933386465601,10:15:33.386,45.6500,5
37145983116156,10:19:05.983,45.5300,1
37173499481232,10:19:33.499,45.5600,100
37173499507155,10:19:33.499,45.5600,100
37186315958480,10:19:46.315,45.5600,100
37228532672699,10:20:28.532,45.5700,2
37229541447415,10:20:29.541,45.5700,98
37274320327407,10:21:14.320,45.5600,6
37274320327407,10:21:14.320,45.5600,100
37328791106738,10:22:08.791,45.5200,22
37356040361134,10:22:36.040,45.5000,6
37361390088130,10:22:41.390,45.4900,100
37361390203089,10:22:41.390,45.4900,7
37416134223931,10:23:36.134,45.3550,100
37440369457324,10:24:00.369,45.3900,100
37440369457324,10:24:00.369,45.3900,67
37440369457324,10:24:00.369,45.3900,100
37440435576393,10:24:00.435,45.4100,100
37475770437409,10:24:35.770,45.4500,100
37518453693143,10:25:18.453,45.4800,100
37518454317995,10:25:18.454,45.4700,7
37518469681544,10:25:18.469,45.4600,100
37524491482694,10:25:24.491,45.4000,44
37575179154156,10:26:15.179,45.3900,8
37601945921772,10:26:41.945,45.4600,100
37658381641156,10:27:38.381,45.4700,100
37676969810001,10:27:56.969,45.5100,100
37676969852871,10:27:56.969,45.5100,100
37690326845508,10:28:10.326,45.5100,100
37690326845508,10:28:10.326,45.5100,6
37690327679853,10:28:10.327,45.5000,2
37690327771425,10:28:10.327,45.5000,60
37690327918519,10:28:10.327,45.5000,38
37700522046221,10:28:20.522,45.4800,100
37709092191446,10:28:29.092,45.4900,99
37721814615042,10:28:41.814,45.4900,1
37782938526840,10:29:42.938,45.5050,82
37785640555801,10:29:45.640,45.4500,22
37785839685195,10:29:45.839,45.4400,100
37945066075485,10:32:25.066,45.4800,1
37945066823941,10:32:25.066,45.4900,53
37945066837799,10:32:25.066,45.4900,47
37951622397640,10:32:31.622,45.4900,100
38023696308347,10:33:43.696,45.5200,7
38032725784759,10:33:52.725,45.5300,76
38032726270851,10:33:52.726,45.5400,8
38059926174185,10:34:19.926,45.5600,100
38059926213118,10:34:19.926,45.5600,100
38059927456784,10:34:19.927,45.5500,7
38059940144046,10:34:19.940,45.5400,6
38076401232356,10:34:36.401,45.4900,45
38104104497989,10:35:04.104,45.4900,100
38104105141313,10:35:04.105,45.4900,100
38104109638851,10:35:04.109,45.5000,100
38104161211275,10:35:04.161,45.5100,1
38104161211275,10:35:04.161,45.5100,100
38135240614875,10:35:35.240,45.4800,33
38135240732356,10:35:35.240,45.4800,6
38182498581495,10:36:22.498,45.4900,8
38182499290326,10:36:22.499,45.4800,61
38182499290326,10:36:22.499,45.4800,39
38182499329061,10:36:22.499,45.4800,61
38238207434112,10:37:18.207,45.4600,100
38245223857375,10:37:25.223,45.4300,88
38247207757061,10:37:27.207,45.4300,12
38247207757061,10:37:27.207,45.4300,88
38247208072945,10:37:27.208,45.4300,12
38248079549790,10:37:28.079,45.4000,5
38268814278345,10:37:48.814,45.4300,100
38288460622451,10:38:08.460,45.4500,4
38299217436835,10:38:19.217,45.4600,100
38299218762429,10:38:19.218,45.4700,5
38328863030366,10:38:48.863,45.4800,100
38328873080398,10:38:48.873,45.4900,88
38328873161204,10:38:48.873,45.4900,12
38328873161204,10:38:48.873,45.4900,2
38328873238232,10:38:48.873,45.4900,100
38328875286862,10:38:48.875,45.4900,100
38328987174559,10:38:48.987,45.5000,1
38331749134437,10:38:51.749,45.4900,8
38334634836312,10:38:54.634,45.4600,100
38416413128888,10:40:16.413,45.4800,8
38416443232460,10:40:16.443,45.4600,100
38463464718878,10:41:03.464,45.4500,100
38517914145049,10:41:57.914,45.4600,100
38517914145049,10:41:57.914,45.4600,100
38517914145049,10:41:57.914,45.4600,100
38546839216372,10:42:26.839,45.4300,108
38546840814793,10:42:26.840,45.4200,8
38546840814793,10:42:26.840,45.4200,100
38580969636427,10:43:00.969,45.4400,100
38580969636427,10:43:00.969,45.4400,18
38580969662396,10:43:00.969,45.4400,82
38581087669048,10:43:01.087,45.4400,100
38613977338330,10:43:33.977,45.4700,100
38696749808394,10:44:56.749,45.4800,100
38696749839397,10:44:56.749,45.4900,78
38696749864882,10:44:56.749,45.4900,22
38801808019007,10:46:41.808,45.5200,100
38801808019007,10:46:41.808,45.5200,100
38907015898208,10:48:27.015,45.5500,60
38907015919158,10:48:27.015,45.5500,40
38925701739460,10:48:45.701,45.5500,100
38925701739460,10:48:45.701,45.5500,8
38925707834570,10:48:45.707,45.5300,100
38959446531969,10:49:19.446,45.5700,100
39036264980356,10:50:36.264,45.5700,51
39036382152185,10:50:36.382,45.5600,7
39098517480948,10:51:38.517,45.5900,100
39098524370579,10:51:38.524,45.6100,50
39098524395039,10:51:38.524,45.6100,50
39106328114461,10:51:46.328,45.6100,70
39146925946033,10:52:26.925,45.6000,100
39146925946033,10:52:26.925,45.6000,7
39169564305055,10:52:49.564,45.5200,5
39169564459416,10:52:49.564,45.5200,6
39169565419222,10:52:49.565,45.5100,6
39169565669120,10:52:49.565,45.5100,44
39169565736141,10:52:49.565,45.5100,5
39201358340248,10:53:21.358,45.5200,6
39201358775003,10:53:21.358,45.5200,8
39262055407016,10:54:22.055,45.5400,3
39269388208996,10:54:29.388,45.5600,100
39269388208996,10:54:29.388,45.5600,2
39269418217635,10:54:29.418,45.5800,1
39278367314250,10:54:38.367,45.5900,100
39338381997105,10:55:38.381,45.6300,18
39340221087069,10:55:40.221,45.6300,200
39340221087069,10:55:40.221,45.6300,100
39367909091033,10:56:07.909,45.6000,7
39378894421275,10:56:18.894,45.6000,54
39378894445925,10:56:18.894,45.6000,46
39452134029708,10:57:32.134,45.6000,100
39487715535904,10:58:07.715,45.5900,3
39487724997689,10:58:07.724,45.5900,70
39524705958577,10:58:44.705,45.5900,100
39524706143783,10:58:44.706,45.5900,100
39524706372972,10:58:44.706,45.5900,3
39524706751246,10:58:44.706,45.5900,97
39525664273367,10:58:45.664,45.5800,2
39525701977107,10:58:45.701,45.5800,5
39603251275982,11:00:03.251,45.6000,44
39603251351918,11:00:03.251,45.6000,56
39603251351918,11:00:03.251,45.6000,56
39603251730281,11:00:03.251,45.6000,100
39603301157659,11:00:03.301,45.6100,100
39624787682736,11:00:24.787,45.6100,100
39630092287061,11:00:30.092,45.6100,50
39630092299860,11:00:30.092,45.6100,50
39663381167883,11:01:03.381,45.6300,100
39663381167883,11:01:03.381,45.6300,63
39663381177142,11:01:03.381,45.6300,37
39663395263552,11:01:03.395,45.6400,100
39663415219276,11:01:03.415,45.6500,100
39663497984931,11:01:03.497,45.6600,100
39670114846385,11:01:10.114,45.6800,45
39670114904615,11:01:10.114,45.6800,239
39721189706052,11:02:01.189,45.6850,8
39767909188673,11:02:47.909,45.7000,100
39797016230644,11:03:17.016,45.6900,7
39852959283429,11:04:12.959,45.7000,62
40033581112085,11:07:13.581,45.7100,2
40033581112085,11:07:13.581,45.7100,68
40037252266192,11:07:17.252,45.6900,100
40037253294712,11:07:17.253,45.6800,100
40052187416010,11:07:32.187,45.6700,7
40052246530761,11:07:32.246,45.6600,4
40158341171974,11:09:18.341,45.6400,8
40183040557146,11:09:43.040,45.6400,59
40202431269234,11:10:02.431,45.6600,4
40214505682846,11:10:14.505,45.6600,7
40221588122755,11:10:21.588,45.6600,3
40221588778659,11:10:21.588,45.6700,100
40221588778659,11:10:21.588,45.6700,2
40221588875182,11:10:21.588,45.6700,100
40231317909746,11:10:31.317,45.6600,200
40233557319679,11:10:33.557,45.6500,8
40233557977322,11:10:33.557,45.6300,100
40233560082222,11:10:33.560,45.6200,100
40284196198148,11:11:24.196,45.6300,100
40284196273577,11:11:24.196,45.6300,100
40318422097057,11:11:58.422,45.6200,100
40320129098112,11:12:00.129,45.6300,2
40345226435329,11:12:25.226,45.6500,1
40363417103167,11:12:43.417,45.6600,100
40391147654721,11:13:11.147,45.6800,43
40391147654721,11:13:11.147,45.6800,1
40391150283177,11:13:11.150,45.6900,18
40393585057624,11:13:13.585,45.6900,100
40393585545170,11:13:13.585,45.6800,32
40393588858657,11:13:13.588,45.6800,44
40393591136621,11:13:13.591,45.6800,24
40393591136621,11:13:13.591,45.6800,7
40531181451659,11:15:31.181,45.6400,8
40531182981896,11:15:31.182,45.6300,13
40531367668450,11:15:31.367,45.5800,26
40531367749695,11:15:31.367,45.5800,22
40531367799549,11:15:31.367,45.5800,11
40531367823845,11:15:31.367,45.5800,5
40531367846998,11:15:31.367,45.5800,6
40531389566836,11:15:31.389,45.5800,30
40562264954084,11:16:02.264,45.6100,48
40562265002720,11:16:02.265,45.6100,52
40562265002720,11:16:02.265,45.6100,2
40583910678309,11:16:23.910,45.6400,1
40583921220581,11:16:23.921,45.6500,3
40641435729269,11:17:21.435,45.6500,32
40641435841188,11:17:21.435,45.6500,68
40641435841188,11:17:21.435,45.6500,17
40643621110148,11:17:23.621,45.6400,8
40708144422315,11:18:28.144,45.6500,1
40708144422315,11:18:28.144,45.6500,100
40708259970291,11:18:28.259,45.6600,100
40710033889417,11:18:30.033,45.6700,200
40726936538448,11:18:46.936,45.6600,100
40726936821098,11:18:46.936,45.6600,8
40729530638028,11:18:49.530,45.6500,1
40729530638028,11:18:49.530,45.6500,100
40729530638028,11:18:49.530,45.6600,100
40729530638028,11:18:49.530,45.6600,100
40804489178565,11:20:04.489,45.6500,24
40804489246557,11:20:04.489,45.6500,76
40804489246557,11:20:04.489,45.6500,2
40862693974275,11:21:02.693,45.6700,1
40862693974275,11:21:02.693,45.6700,5
40862694343298,11:21:02.694,45.6800,1
40909351500070,11:21:49.351,45.6700,100
40909351500070,11:21:49.351,45.6700,7
40930112915278,11:22:10.112,45.6600,100
40930113511229,11:22:10.113,45.6500,8
40930114223041,11:22:10.114,45.6400,8
40930115592690,11:22:10.115,45.6400,44
40930115653426,11:22:10.115,45.6400,48
40999712995860,11:23:19.712,45.6300,100
40999712995860,11:23:19.712,45.6300,100
40999803479835,11:23:19.803,45.6600,100
41057082176325,11:24:17.082,45.6700,1
41057822130547,11:24:17.822,45.6700,49
41088364344530,11:24:48.364,45.6700,50
41090331965915,11:24:50.331,45.6700,100
41117131562509,11:25:17.131,45.6700,100
41117131570633,11:25:17.131,45.6700,100
41119890616763,11:25:19.890,45.6600,8
41119890616763,11:25:19.890,45.6600,100
41121459112518,11:25:21.459,45.6600,70
41121459132800,11:25:21.459,45.6600,30
41148544247138,11:25:48.544,45.6500,100
41184602823999,11:26:24.602,45.6600,100
41191603534681,11:26:31.603,45.6500,100
41191603534681,11:26:31.603,45.6500,8
41273641614653,11:27:53.641,45.6800,100
41273661641765,11:27:53.661,45.6800,100
41292667738488,11:28:12.667,45.7300,100
41310321914997,11:28:30.321,45.7300,100
41310325842692,11:28:30.325,45.7400,62
41310325892133,11:28:30.325,45.7400,38
41342194020898,11:29:02.194,45.7300,2
41389926213292,11:29:49.926,45.7100,100
41416509087319,11:30:16.509,45.6900,7
41444534002051,11:30:44.534,45.6700,10
41476270867600,11:31:16.270,45.6500,100
41476270867600,11:31:16.270,45.6500,100
41493078940432,11:31:33.078,45.6500,25
41493078941951,11:31:33.078,45.6500,75
41498624796636,11:31:38.624,45.6700,2
41498624796636,11:31:38.624,45.6700,100
41506877436548,11:31:46.877,45.6800,3
41515707097346,11:31:55.707,45.7000,100
41536734478023,11:32:16.734,45.7000,100
41537962868688,11:32:17.962,45.6900,3
41537963421088,11:32:17.963,45.6900,3
41578777787220,11:32:58.777,45.6700,100
41636323105012,11:33:56.323,45.6800,1
41789712878956,11:36:29.712,45.7000,7
41789712878956,11:36:29.712,45.7000,93
41789713042890,11:36:29.713,45.7000,7
41795023889711,11:36:35.023,45.6900,100
41854262225107,11:37:34.262,45.6400,44
41894737929110,11:38:14.737,45.6400,56
41896189287163,11:38:16.189,45.6300,7
41934395437194,11:38:54.395,45.6200,3
41934395437194,11:38:54.395,45.6200,18
41934395464645,11:38:54.395,45.6200,21
42038080830347,11:40:38.080,45.6100,100
42039173810542,11:40:39.173,45.6000,100
42039173810542,11:40:39.173,45.6000,6
42093151044129,11:41:33.151,45.5800,100
42133624035893,11:42:13.624,45.5900,90
42133624040267,11:42:13.624,45.5900,10
42133624040267,11:42:13.624,45.5900,40
42133624449333,11:42:13.624,45.5900,50
42133624453750,11:42:13.624,45.5900,10
42133624453750,11:42:13.624,45.5900,4
42136425200072,11:42:16.425,45.5900,100
42136425227799,11:42:16.425,45.5900,7
42187964757534,11:43:07.964,45.5800,3
42196131130237,11:43:16.131,45.5800,1
42209993045441,11:43:29.993,45.5900,100
42260925094336,11:44:20.925,45.5800,1
42322515341593,11:45:22.515,45.6000,18
42322515341593,11:45:22.515,45.6000,82
42322515367393,11:45:22.515,45.6000,18
42322515367393,11:45:22.515,45.6000,28
42322515588347,11:45:22.515,45.6000,72
42323530266203,11:45:23.530,45.6100,25
42323530291919,11:45:23.530,45.6100,55
42343344038141,11:45:43.344,45.5900,9
42344338127976,11:45:44.338,45.5600,100
42344338613056,11:45:44.338,45.5600,100
42357312211098,11:45:57.312,45.5400,1
42410154491153,11:46:50.154,45.5200,9
42437904277903,11:47:17.904,45.5200,1
42467339625903,11:47:47.339,45.5500,100
42467339720502,11:47:47.339,45.5500,4
42467440682438,11:47:47.440,45.5600,4
42467440682438,11:47:47.440,45.5600,100
42471415148316,11:47:51.415,45.5600,99
42543810172513,11:49:03.810,45.5700,100
42543810201763,11:49:03.810,45.5700,1
42551582254626,11:49:11.582,45.5800,1
42551582361760,11:49:11.582,45.5900,1
42610896624330,11:50:10.896,45.5800,100
42610896624330,11:50:10.896,45.5800,9
42612936625090,11:50:12.936,45.5400,11
42612936643520,11:50:12.936,45.5400,6
42612936671390,11:50:12.936,45.5400,22
42612936823724,11:50:12.936,45.5400,5
42691539067054,11:51:31.539,45.5600,100
42693873124437,11:51:33.873,45.5500,100
42693874312210,11:51:33.874,45.5400,56
42785463249342,11:53:05.463,45.5400,100
42785463273574,11:53:05.463,45.5400,4
42814057062464,11:53:34.057,45.5600,1
42840008620471,11:54:00.008,45.5500,100
42840009055739,11:54:00.009,45.5500,50
42840009232659,11:54:00.009,45.5500,50
42840379255220,11:54:00.379,45.5400,8
42901296875587,11:55:01.296,45.5400,1
42901296956601,11:55:01.296,45.5500,2
42901296956601,11:55:01.296,45.5500,7
42901296959331,11:55:01.296,45.5500,37
42901296976347,11:55:01.296,45.5500,56
42911414123397,11:55:11.414,45.5600,100
42952088200475,11:55:52.088,45.5200,3
42961278893874,11:56:01.278,45.5300,5
42975626438457,11:56:15.626,45.5200,100
42975626438457,11:56:15.626,45.5200,9
43065372260496,11:57:45.372,45.5300,2
43065372543389,11:57:45.372,45.5300,98
43110946081821,11:58:30.946,45.5400,2
43161766604560,11:59:21.766,45.5300,100
43161766632120,11:59:21.766,45.5300,100
43161767341105,11:59:21.767,45.5100,9
43177009323770,11:59:37.009,45.5000,1
43177068350375,11:59:37.068,45.5000,1
43183564164308,11:59:43.564,45.5000,100
43183564284387,11:59:43.564,45.5000,98
43183565159412,11:59:43.565,45.5100,100
43183685600042,11:59:43.685,45.5100,2
43193717605433,11:59:53.717,45.5200,100
43193720004861,11:59:53.720,45.5300,2
43198664350380,11:59:58.664,45.5300,98
43198664350380,11:59:58.664,45.5300,2
43198664384277,11:59:58.664,45.5300,85
43198664426209,11:59:58.664,45.5300,13
43198674250618,11:59:58.674,45.5400,100
43198674250618,11:59:58.674,45.5400,100
43225757822213,12:00:25.757,45.5400,9
43226902386728,12:00:26.902,45.5300,100
43245813691859,12:00:45.813,45.5300,44
43245822960463,12:00:45.822,45.5300,56
43247536941571,12:00:47.536,45.5300,44
43247536941571,12:00:47.536,45.5300,56
43293880747491,12:01:33.880,45.5300,100
43334075440431,12:02:14.075,45.5200,50
43334075448522,12:02:14.075,45.5200,50
43334081872547,12:02:14.081,45.5400,100
43356656872821,12:02:36.656,45.5400,34
43356657627230,12:02:36.657,45.5400,38
43356672725303,12:02:36.672,45.5400,28
43382109183549,12:03:02.109,45.5400,10
43382109213441,12:03:02.109,45.5400,90
43402558882357,12:03:22.558,45.5500,100
43402559276243,12:03:22.559,45.5500,10
43402559302348,12:03:22.559,45.5500,90
43452781528983,12:04:12.781,45.5500,6
43452781528983,12:04:12.781,45.5500,94
43452782581365,12:04:12.782,45.5500,6
43454165545122,12:04:14.165,45.5400,10
43454166623413,12:04:14.166,45.5300,8
43454166679489,12:04:14.166,45.5200,100
43458527341458,12:04:18.527,45.5400,100
43668166526721,12:07:48.166,45.5600,43
43668167111296,12:07:48.167,45.5600,57
43668217287917,12:07:48.217,45.5600,2
43668472371372,12:07:48.472,45.5700,2
43670380557712,12:07:50.380,45.5700,98
43670380557712,12:07:50.380,45.5700,100
43693007569575,12:08:13.007,45.5800,100
43712426274688,12:08:32.426,45.5800,100
43712426274688,12:08:32.426,45.5800,10
43757578009178,12:09:17.578,45.5700,59
43798857641129,12:09:58.857,45.5500,100
43880060843687,12:11:20.060,45.5600,100
43884644653797,12:11:24.644,45.5800,100
43906803262818,12:11:46.803,45.5700,10
43906803262818,12:11:46.803,45.5700,52
43906803263790,12:11:46.803,45.5700,48
43906803263790,12:11:46.803,45.5700,52
43906803345240,12:11:46.803,45.5700,48
44032971839058,12:13:52.971,45.6500,1
44114553092260,12:15:14.553,45.6200,9
44114573371187,12:15:14.573,45.6100,10
44137519511290,12:15:37.519,45.6200,1
44137520880453,12:15:37.520,45.6300,1
44155327416413,12:15:55.327,45.6400,100
44213219465072,12:16:53.219,45.6500,1
44213219492191,12:16:53.219,45.6500,99
44213219492191,12:16:53.219,45.6500,1
44282785438055,12:18:02.785,45.6500,100
44282789479760,12:18:02.789,45.6200,8
44322976226145,12:18:42.976,45.6100,100
44322976226145,12:18:42.976,45.6100,9
44357169722064,12:19:17.169,45.6200,46
44375341383494,12:19:35.341,45.6000,100
44446361440505,12:20:46.361,45.6200,1
44466971930157,12:21:06.971,45.6200,100
44466971930157,12:21:06.971,45.6200,99
44470481887862,12:21:10.481,45.6100,100
44470481937322,12:21:10.481,45.6100,9
44470482553514,12:21:10.482,45.6100,100
44470482553514,12:21:10.482,45.6100,100
44534301378184,12:22:14.301,45.6000,60
44534301424862,12:22:14.301,45.6000,240
44576978878745,12:22:56.978,45.6000,10
44607185213800,12:23:27.185,45.6000,1
44638784842702,12:23:58.784,45.6000,28
44638785301179,12:23:58.785,45.6000,19
44638786150111,12:23:58.786,45.6000,13
44639739139441,12:23:59.739,45.6000,10
44639739400289,12:23:59.739,45.6000,10
44639747339368,12:23:59.747,45.6000,20
44660525905813,12:24:20.525,45.6100,6
44689064793640,12:24:49.064,45.6100,100
44689064865873,12:24:49.064,45.6100,100
44722781556466,12:25:22.781,45.6100,1
44749833191371,12:25:49.833,45.6100,100
44749833191371,12:25:49.833,45.6100,100
44862508625825,12:27:42.508,45.6200,100
44862508637150,12:27:42.508,45.6200,1
44862508637150,12:27:42.508,45.6200,100
44862508637150,12:27:42.508,45.6200,1
44862592347265,12:27:42.592,45.6200,59
44862718263804,12:27:42.718,45.6200,100
44862718828174,12:27:42.718,45.6100,100
44862718828174,12:27:42.718,45.6100,9
44938570260840,12:28:58.570,45.6300,100
44938570260840,12:28:58.570,45.6300,1
44938570707596,12:28:58.570,45.6300,100
44945283014026,12:29:05.283,45.6400,1
44960394703566,12:29:20.394,45.6500,1
45002219695749,12:30:02.219,45.6400,6
45002219695749,12:30:02.219,45.6400,100
45002219695749,12:30:02.219,45.6400,94
45002220139387,12:30:02.220,45.6400,1
45002220271226,12:30:02.220,45.6400,5
45015910113427,12:30:15.910,45.6200,10
45015910113427,12:30:15.910,45.6200,90
45015925432869,12:30:15.925,45.6200,10
45016147481630,12:30:16.147,45.6200,1
45057905985781,12:30:57.905,45.6500,1
45136202665883,12:32:16.202,45.6500,9
45215740568693,12:33:35.740,45.6300,100
45216932936359,12:33:36.932,45.6300,80
45216932936359,12:33:36.932,45.6300,1
45218827000203,12:33:38.827,45.6300,100
45236580355490,12:33:56.580,45.6100,100
45236580386146,12:33:56.580,45.6100,2
45236580386146,12:33:56.580,45.6100,79
45236580412891,12:33:56.580,45.6100,21
45300120468026,12:35:00.120,45.6200,1
45300120468026,12:35:00.120,45.6200,100
45300120468026,12:35:00.120,45.6200,100
45301978515905,12:35:01.978,45.6300,100
45308904817554,12:35:08.904,45.6400,1
45311231941854,12:35:11.231,45.6500,100
45311232712852,12:35:11.232,45.6500,1
45337029560140,12:35:37.029,45.6500,100
45350444920324,12:35:50.444,45.6500,1
45456915801820,12:37:36.915,45.6400,9
45456915801820,12:37:36.915,45.6400,25
45456915904799,12:37:36.915,45.6400,34
45456915931675,12:37:36.915,45.6400,41
45468541577699,12:37:48.541,45.6500,1
45488670307003,12:38:08.670,45.6500,1
45540592427018,12:39:00.592,45.6500,100
45544541905959,12:39:04.541,45.6400,1
45552366770848,12:39:12.366,45.6500,100
45563136489842,12:39:23.136,45.6500,100
45586724277627,12:39:46.724,45.6400,2
45600443074924,12:40:00.443,45.6600,100
45614113896375,12:40:14.113,45.6500,1
45614765968645,12:40:14.765,45.6600,100
45614766026933,12:40:14.766,45.6600,100
45633544257159,12:40:33.544,45.6500,7
45633544257159,12:40:33.544,45.6500,100
45655937588313,12:40:55.937,45.6500,100
45664278222490,12:41:04.278,45.6600,1
45664295995139,12:41:04.295,45.6700,73
45665054757809,12:41:05.054,45.6700,27
45691735041163,12:41:31.735,45.6600,100
45691765634943,12:41:31.765,45.6500,8
45708542928532,12:41:48.542,45.6200,51
45708543607651,12:41:48.543,45.6200,49
45708556506426,12:41:48.556,45.6100,100
45726560377533,12:42:06.560,45.5900,9
45726560377533,12:42:06.560,45.5900,91
45763483247375,12:42:43.483,45.6200,100
45777716719289,12:42:57.716,45.6300,100
45785559274002,12:43:05.559,45.6200,17
45824796148093,12:43:44.796,45.6300,1
45843968931513,12:44:03.968,45.6100,100
45843968931513,12:44:03.968,45.6100,9
45851881835460,12:44:11.881,45.5900,100
45855475235232,12:44:15.475,45.5900,100
45878342512347,12:44:38.342,45.5500,100
45910123752744,12:45:10.123,45.5600,1
45924121698528,12:45:24.121,45.5700,1
46001289251864,12:46:41.289,45.5600,10
46019879082255,12:46:59.879,45.5700,1
46080961724311,12:48:00.961,45.5800,100
46080961724311,12:48:00.961,45.5800,2
46158758566650,12:49:18.758,45.5800,3
46158758591870,12:49:18.758,45.5800,97
46158820319244,12:49:18.820,45.5700,10
46214428010004,12:50:14.428,45.5800,100
46214428010004,12:50:14.428,45.5800,100
46214428049182,12:50:14.428,45.5800,1
46221575310243,12:50:21.575,45.5900,100
46221575371765,12:50:21.575,45.5900,2
46221576935817,12:50:21.576,45.5900,98
46229049284609,12:50:29.049,45.5900,100
46229049284609,12:50:29.049,45.5900,10
46255465474183,12:50:55.465,45.6000,2
46255465474183,12:50:55.465,45.6000,100
46255465474183,12:50:55.465,45.6000,98
46255466173798,12:50:55.466,45.6000,2
46255474954423,12:50:55.474,45.6000,100
46279884992017,12:51:19.884,45.6000,100
46280018527789,12:51:20.018,45.6000,100
46280018766953,12:51:20.018,45.6000,100
46307125434379,12:51:47.125,45.6000,100
46331951512475,12:52:11.951,45.6000,1
46331951512475,12:52:11.951,45.6000,199
46331951863282,12:52:11.951,45.6000,1
46331951863282,12:52:11.951,45.6000,99
46331959933253,12:52:11.959,45.5900,10
46331959933253,12:52:11.959,45.5900,90
46331959946380,12:52:11.959,45.5900,10
46341963283827,12:52:21.963,45.5900,100
46393009618632,12:53:13.009,45.5900,100
46394172000845,12:53:14.172,45.5700,100
46394172000845,12:53:14.172,45.5700,100
46407670062701,12:53:27.670,45.5600,5
46407671196575,12:53:27.671,45.5500,2
46407671196575,12:53:27.671,45.5500,98
46407671465736,12:53:27.671,45.5500,2
46530025495925,12:55:30.025,45.5300,11
46530025495925,12:55:30.025,45.5300,100
46530025495925,12:55:30.025,45.5300,89
46530025523681,12:55:30.025,45.5300,11
46534912443874,12:55:34.912,45.5200,2
46544584392881,12:55:44.584,45.5100,8
46565677650519,12:56:05.677,45.5000,2
46565677650519,12:56:05.677,45.5000,12
46565677650519,12:56:05.677,45.5000,86
46565679496360,12:56:05.679,45.5000,100
46565681308075,12:56:05.681,45.5000,24
46567117906797,12:56:07.117,45.5000,4
46567118008124,12:56:07.118,45.5100,100
46567118008124,12:56:07.118,45.5100,3
46567119528385,12:56:07.119,45.5200,100
46567119528385,12:56:07.119,45.5200,100
46612383276698,12:56:52.383,45.5100,100
46622387597599,12:57:02.387,45.5100,50
46673046519638,12:57:53.046,45.5300,100
46673046519638,12:57:53.046,45.5300,100
46673046519638,12:57:53.046,45.5300,1
46696508573706,12:58:16.508,45.5400,100
46696508573706,12:58:16.508,45.5400,11
46704119735538,12:58:24.119,45.5400,100
46723314972171,12:58:43.314,45.5400,100
46743893496831,12:59:03.893,45.5500,18
46743893496831,12:59:03.893,45.5500,1
46753807559014,12:59:13.807,45.5500,100
46754499667806,12:59:14.499,45.5500,1
46793919297699,12:59:53.919,45.5600,100
46793919307737,12:59:53.919,45.5600,50
46793919323329,12:59:53.919,45.5600,50
46793920601576,12:59:53.920,45.5600,50
46799701730107,12:59:59.701,45.5700,1
46814798336515,13:00:14.798,45.5600,1
46814813449602,13:00:14.813,45.5600,10
46841069237433,13:00:41.069,45.5500,50
46847546539381,13:00:47.546,45.5500,50
46872209515591,13:01:12.209,45.5700,30
46904160547160,13:01:44.160,45.5700,50
46932087756565,13:02:12.087,45.5900,50
46992696083995,13:03:12.696,45.6000,1
46992724268464,13:03:12.724,45.6000,100
46998388477016,13:03:18.388,45.6000,50
47006008617834,13:03:26.008,45.5900,100
47006008642979,13:03:26.008,45.5900,9
47006115932865,13:03:26.115,45.5900,39
47006119360441,13:03:26.119,45.5900,100
47051470116694,13:04:11.470,45.5900,1
47232961205374,13:07:12.961,45.6000,2
47232961205374,13:07:12.961,45.6000,100
47232961205374,13:07:12.961,45.6000,3
47232961205374,13:07:12.961,45.6000,50
47235579710103,13:07:15.579,45.6000,15
47261802547732,13:07:41.802,45.5900,100
47262353627432,13:07:42.353,45.5800,10
47270256074383,13:07:50.256,45.5400,85
47270276038590,13:07:50.276,45.5500,100
47322855207671,13:08:42.855,45.5800,99
47339288441896,13:08:59.288,45.5800,96
47356111975237,13:09:16.111,45.5900,18
47422072375446,13:10:22.072,45.5800,10
47470320219399,13:11:10.320,45.5700,1
47470324263186,13:11:10.324,45.5800,2
47486048595715,13:11:26.048,45.5700,100
47507834510292,13:11:47.834,45.5500,100
47639279024945,13:13:59.279,45.5700,1
47648369782497,13:14:08.369,45.5700,100
47648369840139,13:14:08.369,45.5700,41
47704236494227,13:15:04.236,45.5600,10
47704236494227,13:15:04.236,45.5600,32
47789015193128,13:16:29.015,45.5600,100
47789046672026,13:16:29.046,45.5500,1
47789046698103,13:16:29.046,45.5500,9
47793077291440,13:16:33.077,45.5500,100
47802863788311,13:16:42.863,45.5500,100
47905389182994,13:18:25.389,45.5400,3
47909128412442,13:18:29.128,45.5400,97
47909128412442,13:18:29.128,45.5400,100
47909128412442,13:18:29.128,45.5400,10
47909128412442,13:18:29.128,45.5400,20
47924560279374,13:18:44.560,45.5100,1
47938270544145,13:18:58.270,45.5100,1
47991492140214,13:19:51.492,45.5100,98
47991492140214,13:19:51.492,45.5100,100
47991492140214,13:19:51.492,45.5100,100
47992571730518,13:19:52.571,45.4900,100
47992571730518,13:19:52.571,45.4900,100
48004352954919,13:20:04.352,45.4800,17
48023040385297,13:20:23.040,45.4700,100
48023040385297,13:20:23.040,45.4700,100
48039384895347,13:20:39.384,45.4800,100
48057079259719,13:20:57.079,45.4700,1
48057079259719,13:20:57.079,45.4700,99
48094401714281,13:21:34.401,45.4900,1
48094433357964,13:21:34.433,45.5000,18
48094433357964,13:21:34.433,45.5000,100
48125833338555,13:22:05.833,45.5000,100
48125833338555,13:22:05.833,45.5000,11
48131330277688,13:22:11.330,45.4900,100
48137361217293,13:22:17.361,45.4900,1
48137361217293,13:22:17.361,45.4900,19
48153590653936,13:22:33.590,45.4800,3
48177043364810,13:22:57.043,45.4700,100
48180049549387,13:23:00.049,45.4600,2
48180083277364,13:23:00.083,45.4500,2
48197187706679,13:23:17.187,45.4500,1
48197195245680,13:23:17.195,45.4500,1
48211411499291,13:23:31.411,45.4700,30
48270766476408,13:24:30.766,45.4900,1
48306372204635,13:25:06.372,45.4800,100
48306372459163,13:25:06.372,45.4800,100
48347583487815,13:25:47.583,45.4900,2
48347583487815,13:25:47.583,45.4900,94
48425914522741,13:27:05.914,45.4900,8
48425914522741,13:27:05.914,45.4900,92
48425914548850,13:27:05.914,45.4900,8
48425914548850,13:27:05.914,45.4900,11
48539344289744,13:28:59.344,45.5100,100
48690078214189,13:31:30.078,45.5100,100
48690850374902,13:31:30.850,45.5100,14
48704927536609,13:31:44.927,45.5000,100
48704927536609,13:31:44.927,45.5000,11
48743286600132,13:32:23.286,45.5100,2
48743286719628,13:32:23.286,45.5200,1
48743286719628,13:32:23.286,45.5200,100
48776527445746,13:32:56.527,45.5300,1
48776540634588,13:32:56.540,45.5400,1
48831852894454,13:33:51.852,45.5400,9
48832132387384,13:33:52.132,45.5400,12
48859939001679,13:34:19.939,45.5300,8
48883051942953,13:34:43.051,45.5300,9
48941962338075,13:35:41.962,45.5400,30
48941965949772,13:35:41.965,45.5500,100
48972979944484,13:36:12.979,45.5400,10
49049844578228,13:37:29.844,45.5300,100
49152330662802,13:39:12.330,45.5500,1
49203933606238,13:40:03.933,45.5300,100
49203933606238,13:40:03.933,45.5300,10
49203934324042,13:40:03.934,45.5200,8
49284319422529,13:41:24.319,45.5400,43
49284379253141,13:41:24.379,45.5400,1
49323236296548,13:42:03.236,45.5400,99
49323236296548,13:42:03.236,45.5400,9
49323236296548,13:42:03.236,45.5400,10
49323299589720,13:42:03.299,45.5200,1
49323299624859,13:42:03.299,45.5200,99
49323476805723,13:42:03.476,45.5100,100
49325442893626,13:42:05.442,45.5100,3
49325442893626,13:42:05.442,45.5100,97
49325442920070,13:42:05.442,45.5100,3
49455106449335,13:44:15.106,45.5500,2
49460589977926,13:44:20.589,45.5200,100
49460589977926,13:44:20.589,45.5200,100
49460589977926,13:44:20.589,45.5200,10
49470114182915,13:44:30.114,45.5000,2
49518397765969,13:45:18.397,45.4800,1
49518401410448,13:45:18.401,45.4700,2
49518401410448,13:45:18.401,45.4700,3
49527560809926,13:45:27.560,45.4800,18
49611863912559,13:46:51.863,45.4800,10
49628707222654,13:47:08.707,45.4800,15
49628707961488,13:47:08.707,45.4900,1
49633038306283,13:47:13.038,45.4900,100
49754850473231,13:49:14.850,45.4800,11
49754862267669,13:49:14.862,45.4800,89
49754862267669,13:49:14.862,45.4800,3
49797762056697,13:49:57.762,45.4900,1
49797762807016,13:49:57.762,45.5000,1
49826150695916,13:50:26.150,45.4900,2
49854517613349,13:50:54.517,45.5000,1
49889941583564,13:51:29.941,45.5200,100
49913221761669,13:51:53.221,45.5100,100
49913221761669,13:51:53.221,45.5100,71
49919264642566,13:51:59.264,45.5200,100
49929355555511,13:52:09.355,45.5200,2
49929355555511,13:52:09.355,45.5300,98
49942974094444,13:52:22.974,45.5300,100
49942974119451,13:52:22.974,45.5300,100
49978982098481,13:52:58.982,45.5400,100
49978982098481,13:52:58.982,45.5400,1
50013233517088,13:53:33.233,45.5400,46
50013233519170,13:53:33.233,45.5400,50
50013233522821,13:53:33.233,45.5400,4
50013233522821,13:53:33.233,45.5400,9
50013233975631,13:53:33.233,45.5300,100
50013233975631,13:53:33.233,45.5300,100
50013236752821,13:53:33.236,45.5300,9
50016364574337,13:53:36.364,45.5300,1
50043388380679,13:54:03.388,45.5400,3
50045192667093,13:54:05.192,45.5400,6
50082245395258,13:54:42.245,45.5400,2
50104789946288,13:55:04.789,45.5400,100
50117723505021,13:55:17.723,45.5500,5
50122026736780,13:55:22.026,45.5500,19
50155005340580,13:55:55.005,45.5300,8
50155005340580,13:55:55.005,45.5300,92
50155017209345,13:55:55.017,45.5300,8
50160029517284,13:56:00.029,45.5300,100
50220802055947,13:57:00.802,45.5600,100
50220851083124,13:57:00.851,45.5700,4
50259421006166,13:57:39.421,45.5700,1
50330797057275,13:58:50.797,45.5700,100
50330797120114,13:58:50.797,45.5700,10
50330797133128,13:58:50.797,45.5700,90
50330804954946,13:58:50.804,45.5600,6
50330804954946,13:58:50.804,45.5600,100
50331020640521,13:58:51.020,45.5500,7
50331240978680,13:58:51.240,45.5300,100
50331240978680,13:58:51.240,45.5300,100
50331241884160,13:58:51.241,45.5400,100
50338000708893,13:58:58.000,45.5400,100
50338000708893,13:58:58.000,45.5500,2
50338000708893,13:58:58.000,45.5600,18
50338000708893,13:58:58.000,45.5700,100
50338000708893,13:58:58.000,45.5700,81
50350574909330,13:59:10.574,45.5700,100
50350574909330,13:59:10.574,45.5700,1
50373008610788,13:59:33.008,45.5900,2
50402722563857,14:00:02.722,45.6300,100
50402722563857,14:00:02.722,45.6300,4
50402722563857,14:00:02.722,45.6300,100
50403220432342,14:00:03.220,45.6400,100
50407840258448,14:00:07.840,45.6600,83
50407840302538,14:00:07.840,45.6600,17
50408997956910,14:00:08.997,45.6900,44
50408998315950,14:00:08.998,45.6900,56
50409007780958,14:00:09.007,45.6600,7
50409708990428,14:00:09.708,45.6700,44
50409708990428,14:00:09.708,45.6600,44
50410038256224,14:00:10.038,45.6700,44
50410038256224,14:00:10.038,45.6600,56
50410710973041,14:00:10.710,45.6600,44
50411711792526,14:00:11.711,45.6500,52
50412714785203,14:00:12.714,45.6600,44
50412714785203,14:00:12.714,45.6500,100
50413739334720,14:00:13.739,45.6700,100
50413739334720,14:00:13.739,45.6700,44
50413739334720,14:00:13.739,45.6600,100
50413739334720,14:00:13.739,45.6600,100
50415744134141,14:00:15.744,45.6400,100
50415744134141,14:00:15.744,45.6300,11
50416747638799,14:00:16.747,45.6000,10
50416749039635,14:00:16.749,45.6000,10
50418533595373,14:00:18.533,45.6200,100
50420557582194,14:00:20.557,45.6300,100
50425213734346,14:00:25.213,45.5700,9
50425596749769,14:00:25.596,45.5600,5
50448279939518,14:00:48.279,45.5800,87
50466726768087,14:01:06.726,45.5300,10
50513961444194,14:01:53.961,45.4700,10
50537828341568,14:02:17.828,45.4800,100
50537828561632,14:02:17.828,45.4800,100
50537828561632,14:02:17.828,45.4800,10
50537831319350,14:02:17.831,45.4700,100
50538099048606,14:02:18.099,45.4800,4
50608824731992,14:03:28.824,45.5900,51
50608825140199,14:03:28.825,45.6100,46
50608825143209,14:03:28.825,45.6100,3
50609563280282,14:03:29.563,45.6100,51
50629593607505,14:03:49.593,45.6300,1
50650848778998,14:04:10.848,45.8100,3
50667560343101,14:04:27.560,45.7700,1
50694258576111,14:04:54.258,45.7800,1
50694259808194,14:04:54.259,45.7900,1
50694259861343,14:04:54.259,45.8000,100
50709128091852,14:05:09.128,45.7800,100
50709141056329,14:05:09.141,45.7500,8
50709141056329,14:05:09.141,45.7500,92
50709147511610,14:05:09.147,45.7500,8
50714457982929,14:05:14.457,45.7500,100
50714457982929,14:05:14.457,45.7600,2
50714458010116,14:05:14.458,45.7600,50
50714458010116,14:05:14.458,45.7600,50
50765692029773,14:06:05.692,45.7700,1
50766295773312,14:06:06.295,45.8100,12
50821144646436,14:07:01.144,45.7900,100
50862122536241,14:07:42.122,45.7600,18
50920617922152,14:08:40.617,45.7200,100
50938622642952,14:08:58.622,45.7400,100
50982695583027,14:09:42.695,45.7500,100
50988050760665,14:09:48.050,45.7400,4
50988050760665,14:09:48.050,45.7400,100
51025715363372,14:10:25.715,45.6900,8
51025715363372,14:10:25.715,45.6900,9
51025715363372,14:10:25.715,45.6900,3
51025715374748,14:10:25.715,45.6900,10
51025716601611,14:10:25.716,45.6200,34
51025717242520,14:10:25.717,45.6200,8
51065664719703,14:11:05.664,45.6800,205
51065664719703,14:11:05.664,45.6800,3
51075814742650,14:11:15.814,45.6900,100
51075814769952,14:11:15.814,45.6900,100
51124150852294,14:12:04.150,45.7300,3
51124150852294,14:12:04.150,45.7300,1
51124150902351,14:12:04.150,45.7200,2
51124150952849,14:12:04.150,45.7200,6
51124150952849,14:12:04.150,45.7200,30
51124151183067,14:12:04.151,45.7200,2
51124151205575,14:12:04.151,45.7200,2
51124151229856,14:12:04.151,45.7200,63
51124151233870,14:12:04.151,45.7200,3
51124163306236,14:12:04.163,45.7100,10
51124197919213,14:12:04.197,45.7000,100
51124197919213,14:12:04.197,45.7000,100
51147398396656,14:12:27.398,45.6800,1
51147398791350,14:12:27.398,45.6900,1
51212677054710,14:13:32.677,45.7000,100
51212679013707,14:13:32.679,45.6800,9
51229739903790,14:13:49.739,45.6600,100
51342204154990,14:15:42.204,45.6700,100
51348189306172,14:15:48.189,45.6800,25
51358053681938,14:15:58.053,45.6700,100
51381681456374,14:16:21.681,45.7100,84
51381681469591,14:16:21.681,45.7100,16
51386286272974,14:16:26.286,45.7200,100
51400231885033,14:16:40.231,45.7300,93
51400231894214,14:16:40.231,45.7300,34
51400231916550,14:16:40.231,45.7300,16
51400231927004,14:16:40.231,45.7300,57
51401370376180,14:16:41.370,45.7500,100
51415671559848,14:16:55.671,45.7300,100
51415672016643,14:16:55.672,45.7200,7
51418242799850,14:16:58.242,45.7100,8
51420668986716,14:17:00.668,45.7000,100
51420669042326,14:17:00.669,45.6800,100
51464322936602,14:17:44.322,45.7400,26
51503589456612,14:18:23.589,45.7200,8
51503590088529,14:18:23.590,45.7100,24
51503590102286,14:18:23.590,45.7100,76
51503590372645,14:18:23.590,45.6900,100
51534441664755,14:18:54.441,45.7100,70
51545965246378,14:19:05.965,45.7300,18
51545965259360,14:19:05.965,45.7400,70
51545965443861,14:19:05.965,45.7400,30
51563053367843,14:19:23.053,45.7200,100
51608351498490,14:20:08.351,45.7800,33
51618720661626,14:20:18.720,45.7800,1
51624428869537,14:20:24.428,45.7800,66
51624430196331,14:20:24.430,45.7700,70
51624430334541,14:20:24.430,45.7700,30
51624430334541,14:20:24.430,45.7700,70
51624430343871,14:20:24.430,45.7700,30
51635696179951,14:20:35.696,45.7600,5
51656650477367,14:20:56.650,45.7900,100
51656651115547,14:20:56.651,45.8000,18
51670519986760,14:21:10.519,45.8000,100
51676870688664,14:21:16.870,45.8000,199
51708627788909,14:21:48.627,45.8200,10
51716757593495,14:21:56.757,45.8100,5
51716757593495,14:21:56.757,45.8100,5
51755588196509,14:22:35.588,45.7900,5
51755588196509,14:22:35.588,45.7900,9
51801141592048,14:23:21.141,45.7800,10
51804741214624,14:23:24.741,45.8000,100
51818343410088,14:23:38.343,45.7800,2
51818343439113,14:23:38.343,45.7800,4
51818344445538,14:23:38.344,45.7700,8
51818344445538,14:23:38.344,45.7700,100
51818344445538,14:23:38.344,45.7700,5
51818353910003,14:23:38.353,45.7500,174
51853760274152,14:24:13.760,45.7400,100
51853762540030,14:24:13.762,45.7300,9
51869702830255,14:24:29.702,45.7200,100
51905017885256,14:25:05.017,45.7300,22
51905017913258,14:25:05.017,45.7300,154
51918575753322,14:25:18.575,45.7200,100
51967349189002,14:26:07.349,45.6900,100
51967349189002,14:26:07.349,45.6900,100
51967349418005,14:26:07.349,45.6900,10
51998040867007,14:26:38.040,45.6600,100
51998040922893,14:26:38.040,45.6500,100
52040438924153,14:27:20.438,45.6800,10
52075833855440,14:27:55.833,45.6600,100
52075834969521,14:27:55.834,45.6500,32
52075835450645,14:27:55.835,45.6500,68
52081807187206,14:28:01.807,45.6300,11
52081807211485,14:28:01.807,45.6300,89
52081807225445,14:28:01.807,45.6300,5
52081809685769,14:28:01.809,45.6500,45
52081809713938,14:28:01.809,45.6500,55
52088500184115,14:28:08.500,45.6400,50
52088500184115,14:28:08.500,45.6400,50
52135043751984,14:28:55.043,45.6300,6
52140807376922,14:29:00.807,45.6300,49
52154736674619,14:29:14.736,45.6400,100
52202301523389,14:30:02.301,45.6400,100
52202924308984,14:30:02.924,45.6300,1
52223809809062,14:30:23.809,45.6400,2
52240773842902,14:30:40.773,45.6500,10
52245164940962,14:30:45.164,45.6600,2
52245164940962,14:30:45.164,45.6600,100
52245164940962,14:30:45.164,45.6600,1
52252296584512,14:30:52.296,45.6600,9
52257730555959,14:30:57.730,45.6500,100
52260575369578,14:31:00.575,45.6500,1
52270587667883,14:31:10.587,45.6700,1
52274868741627,14:31:14.868,45.6700,1
52281359299991,14:31:21.359,45.6700,100
52309321923624,14:31:49.321,45.6500,100
52309325680432,14:31:49.325,45.6400,100
52329032817458,14:32:09.032,45.6300,100
52329032844393,14:32:09.032,45.6300,100
52329038673415,14:32:09.038,45.6300,56
52329040014416,14:32:09.040,45.6400,200
52329040014416,14:32:09.040,45.6400,1
52329041934491,14:32:09.041,45.6400,41
52329041942452,14:32:09.041,45.6400,50
52329042071569,14:32:09.042,45.6400,9
52329045162709,14:32:09.045,45.6200,100
52329046908054,14:32:09.046,45.6200,100
52329046908054,14:32:09.046,45.6200,100
52354020118273,14:32:34.020,45.5800,100
52396605025645,14:33:16.605,45.5400,100
52420060781089,14:33:40.060,45.5500,1
52420060781089,14:33:40.060,45.5500,50
52420628888720,14:33:40.628,45.5600,2
52440253906787,14:34:00.253,45.5500,100
52440253906787,14:34:00.253,45.5400,200
52440253906787,14:34:00.253,45.5400,100
52440253906787,14:34:00.253,45.5400,100
52440358226395,14:34:00.358,45.5400,100
52453070117380,14:34:13.070,45.5400,11
52453070117380,14:34:13.070,45.5300,100
52491014513434,14:34:51.014,45.5600,76
52491014602320,14:34:51.014,45.5600,24
52491020322289,14:34:51.020,45.5700,100
52549173009443,14:35:49.173,45.5500,100
52564249770800,14:36:04.249,45.5400,11
52564287601235,14:36:04.287,45.5400,100
52572334601628,14:36:12.334,45.5300,100
52572334601628,14:36:12.334,45.5300,100
52572338996938,14:36:12.338,45.5200,100
52572346178618,14:36:12.346,45.5100,50
52579107544526,14:36:19.107,45.5200,100
52600839625850,14:36:40.839,45.5000,100
52600839698233,14:36:40.839,45.4900,10
52600839698233,14:36:40.839,45.4900,74
52600839942572,14:36:40.839,45.4900,26
52600845180969,14:36:40.845,45.4900,100
52606689127275,14:36:46.689,45.5000,100
52630188804995,14:37:10.188,45.4700,41
52630189050581,14:37:10.189,45.4700,59
52636798035199,14:37:16.798,45.4900,1
52636798035199,14:37:16.798,45.4900,1
52636798641705,14:37:16.798,45.4900,100
52636798641705,14:37:16.798,45.4900,100
52636798690340,14:37:16.798,45.4800,200
52636798757910,14:37:16.798,45.4900,100
52636798757910,14:37:16.798,45.4800,100
52636808653318,14:37:16.808,45.4800,100
52638824801544,14:37:18.824,45.4600,10
52638824801544,14:37:18.824,45.4600,100
52638826302229,14:37:18.826,45.4500,100
52638828387044,14:37:18.828,45.4400,100
52640438789395,14:37:20.438,45.4400,100
52640438789395,14:37:20.438,45.4400,100
52640524679401,14:37:20.524,45.4400,100
52643157270562,14:37:23.157,45.4500,44
52643157288662,14:37:23.157,45.4500,42
52643157295755,14:37:23.157,45.4500,14
52644193487022,14:37:24.193,45.4600,100
52644194106169,14:37:24.194,45.4600,100
52649586115376,14:37:29.586,45.4600,100
52649586568840,14:37:29.586,45.4600,100
52667796480640,14:37:47.796,45.4500,100
52667796903820,14:37:47.796,45.4500,100
52672960820209,14:37:52.960,45.4600,100
52701497512914,14:38:21.497,45.4500,100
52709741097715,14:38:29.741,45.4400,1
52709763223976,14:38:29.763,45.4400,99
52709787840468,14:38:29.787,45.4200,20
52710070888514,14:38:30.070,45.4300,1
52710072126602,14:38:30.072,45.4400,21
52710676703703,14:38:30.676,45.4200,100
52713034833969,14:38:33.034,45.4200,9
52713035682465,14:38:33.035,45.4200,100
52720027530725,14:38:40.027,45.4300,6
52720027530725,14:38:40.027,45.4300,100
52720027530725,14:38:40.027,45.4300,1
52720027530725,14:38:40.027,45.4300,100
52720041705956,14:38:40.041,45.4300,100
52728234732458,14:38:48.234,45.4600,73
52728246187613,14:38:48.246,45.4600,100
52728250732912,14:38:48.250,45.4600,100
52736293339623,14:38:56.293,45.4300,100
52740729385279,14:39:00.729,45.4200,5
52740729385279,14:39:00.729,45.4200,27
52755003962341,14:39:15.003,45.4100,1
52755003962341,14:39:15.003,45.4100,19
52755003962341,14:39:15.003,45.4100,81
52755004008086,14:39:15.004,45.4100,19
52755825521268,14:39:15.825,45.4000,10
52758597714116,14:39:18.597,45.3900,100
52768713629041,14:39:28.713,45.3800,20
52768713629041,14:39:28.713,45.3800,80
52769041216736,14:39:29.041,45.3800,20
52769041216736,14:39:29.041,45.3800,80
52769063055937,14:39:29.063,45.3800,20
52769063055937,14:39:29.063,45.3800,80
52769115677310,14:39:29.115,45.3800,10
52770244730705,14:39:30.244,45.3800,10
52770244827533,14:39:30.244,45.3700,20
52785677257123,14:39:45.677,45.3600,100
52785677283684,14:39:45.677,45.3600,1
52789738963318,14:39:49.738,45.3800,100
52791340652037,14:39:51.340,45.3800,88
52801129970741,14:40:01.129,45.3700,100
52803565531279,14:40:03.565,45.3600,100
52805890904344,14:40:05.890,45.3500,20
52805890904344,14:40:05.890,45.3500,80
52825979447501,14:40:25.979,45.3400,29
52825979447501,14:40:25.979,45.3400,3
52825979447501,14:40:25.979,45.3400,100
52835583791476,14:40:35.583,45.3500,10
52868296183056,14:41:08.296,45.3500,1
52883530757784,14:41:23.530,45.3500,100
52883530757784,14:41:23.530,45.3500,100
52892251485546,14:41:32.251,45.3200,20
52892284412398,14:41:32.284,45.3200,100
52892285154723,14:41:32.285,45.3300,200
52892286436540,14:41:32.286,45.3400,10
52892307909884,14:41:32.307,45.3400,100
52892516412173,14:41:32.516,45.3300,1
52892516412173,14:41:32.516,45.3300,49
52892516439285,14:41:32.516,45.3300,51
52893812749138,14:41:33.812,45.3300,100
52897735414969,14:41:37.735,45.3200,100
52899294720135,14:41:39.294,45.3200,70
52900609465249,14:41:40.609,45.3100,20
52900609465249,14:41:40.609,45.3100,80
52902579794213,14:41:42.579,45.3000,100
52910746581604,14:41:50.746,45.3200,30
52910746607227,14:41:50.746,45.3200,70
52926683749728,14:42:06.683,45.3200,100
52926683749728,14:42:06.683,45.3200,82
52926684075934,14:42:06.684,45.3200,100
52926684134525,14:42:06.684,45.3200,100
52927030512270,14:42:07.030,45.3100,100
52940174084993,14:42:20.174,45.3200,1
52940174538170,14:42:20.174,45.3200,100
52973166700339,14:42:53.166,45.3200,1
52973166700339,14:42:53.166,45.3200,99
52973167072726,14:42:53.167,45.3200,1
52973254905959,14:42:53.254,45.3100,36
52973254905959,14:42:53.254,45.3100,64
52973255016284,14:42:53.255,45.3100,36
52973255016284,14:42:53.255,45.3100,100
52973255016284,14:42:53.255,45.3100,74
52973255016284,14:42:53.255,45.3100,90
52973256630948,14:42:53.256,45.3100,10
52973256630948,14:42:53.256,45.3100,90
52973260226565,14:42:53.260,45.3100,10
52973260226565,14:42:53.260,45.3100,100
52973609555022,14:42:53.609,45.3100,100
52978623186542,14:42:58.623,45.3100,100
52985539694376,14:43:05.539,45.3000,100
52985548993185,14:43:05.548,45.2800,100
52992734598681,14:43:12.734,45.2700,100
52992930396287,14:43:12.930,45.2700,100
52995080438557,14:43:15.080,45.2500,10
52995080438557,14:43:15.080,45.2500,90
52996108156416,14:43:16.108,45.2300,74
52996108156416,14:43:16.108,45.2300,26
52996112699137,14:43:16.112,45.2300,74
52996113089560,14:43:16.113,45.2300,200
52996413494328,14:43:16.413,45.2300,100
52997554063064,14:43:17.554,45.2300,100
53000027301094,14:43:20.027,45.2400,100
53016021099499,14:43:36.021,45.2800,1
53016021434811,14:43:36.021,45.2800,100
53016021810521,14:43:36.021,45.2800,200
53016021850824,14:43:36.021,45.2800,100
53016021850824,14:43:36.021,45.2800,100
53016022378145,14:43:36.022,45.2800,100
53016025082984,14:43:36.025,45.2800,100
53016025108502,14:43:36.025,45.2800,24
53016026157795,14:43:36.026,45.2700,100
53016026157795,14:43:36.026,45.2700,100
53016124902201,14:43:36.124,45.2600,100
53032393435295,14:43:52.393,45.2600,100
53032393435295,14:43:52.393,45.2600,100
53032394174510,14:43:52.394,45.2600,200
53034050093489,14:43:54.050,45.2800,100
53051834625944,14:44:11.834,45.2600,39
53063265431454,14:44:23.265,45.2800,1
53081733694505,14:44:41.733,45.3200,1
53097089563927,14:44:57.089,45.3100,100
53109213425992,14:45:09.213,45.3100,50
53109213835635,14:45:09.213,45.3100,2
53109213836230,14:45:09.213,45.3100,49
53109214087424,14:45:09.214,45.3100,99
53111585425062,14:45:11.585,45.3000,90
53111597495528,14:45:11.597,45.2600,100
53111597978684,14:45:11.597,45.2600,5
53111598026136,14:45:11.598,45.2600,95
53112917618036,14:45:12.917,45.2600,100
53117551897888,14:45:17.551,45.2700,100
53122319010860,14:45:22.319,45.2600,100
53150061557136,14:45:50.061,45.2600,100
53150063335220,14:45:50.063,45.2600,1
53160538288496,14:46:00.538,45.2700,1
53160540462482,14:46:00.540,45.2700,100
53160540494445,14:46:00.540,45.2700,100
53160540520994,14:46:00.540,45.2700,100
53160540534087,14:46:00.540,45.2700,100
53161680193195,14:46:01.680,45.2800,100
53165589423185,14:46:05.589,45.2800,100
53165589448755,14:46:05.589,45.2800,37
53165590333733,14:46:05.590,45.2800,3
53169741763735,14:46:09.741,45.2600,100
53169742375782,14:46:09.742,45.2600,100
53169746702248,14:46:09.746,45.2600,10
53176851203943,14:46:16.851,45.2500,100
53176851203943,14:46:16.851,45.2500,14
53176851259263,14:46:16.851,45.2500,86
53185498891798,14:46:25.498,45.2500,1
53187837064206,14:46:27.837,45.2500,100
53189255523500,14:46:29.255,45.2500,100
53189277088385,14:46:29.277,45.2600,100
53212198449150,14:46:52.198,45.2700,100
53212198449150,14:46:52.198,45.2700,1
53212199096504,14:46:52.199,45.2700,100
53212199096504,14:46:52.199,45.2700,100
53216234490125,14:46:56.234,45.2700,100
53216240094392,14:46:56.240,45.2700,100
53223794003986,14:47:03.794,45.2600,100
53228368239806,14:47:08.368,45.2700,1
53228368239806,14:47:08.368,45.2700,77
53228368239806,14:47:08.368,45.2700,22
53228376224013,14:47:08.376,45.2700,51
53228376275742,14:47:08.376,45.2700,49
53228461204515,14:47:08.461,45.2800,100
53228503237551,14:47:08.503,45.2800,100
53241028484581,14:47:21.028,45.2900,100
53241028563707,14:47:21.028,45.2900,100
53241028563707,14:47:21.028,45.3000,18
53241028865548,14:47:21.028,45.2900,100
53241029038512,14:47:21.029,45.2900,100
53241348866291,14:47:21.348,45.3000,100
53243971596380,14:47:23.971,45.2800,100
53248718060877,14:47:28.718,45.2900,100
53249017709942,14:47:29.017,45.2800,100
53251226046692,14:47:31.226,45.2700,9
53259197161912,14:47:39.197,45.2700,36
53259197169578,14:47:39.197,45.2700,64
53292309449469,14:48:12.309,45.2800,100
53292309509278,14:48:12.309,45.2800,46
53297245955480,14:48:17.245,45.2500,100
53298262863511,14:48:18.262,45.2400,100
53308233421547,14:48:28.233,45.2500,100
53308234013997,14:48:28.234,45.2400,42
53308234328019,14:48:28.234,45.2400,42
53308234630725,14:48:28.234,45.2400,16
53308234630725,14:48:28.234,45.2400,26
53308234941317,14:48:28.234,45.2400,42
53308235244383,14:48:28.235,45.2400,32
53308235244383,14:48:28.235,45.2400,10
53308235550699,14:48:28.235,45.2400,42
53308235853188,14:48:28.235,45.2400,42
53308236157824,14:48:28.236,45.2400,6
53325676298057,14:48:45.676,45.2400,1
53325717802411,14:48:45.717,45.2600,29
53330051196201,14:48:50.051,45.2500,106
53346699847297,14:49:06.699,45.2400,1
53412477897177,14:50:12.477,45.2600,100
53412477897177,14:50:12.477,45.2600,1
53412477897177,14:50:12.477,45.2600,10
53412477999103,14:50:12.477,45.2600,10
53446763150666,14:50:46.763,45.2500,48
53446763150666,14:50:46.763,45.2500,52
53446764213298,14:50:46.764,45.2500,14
53446765058821,14:50:46.765,45.2500,34
53446765058821,14:50:46.765,45.2500,66
53446771907575,14:50:46.771,45.2500,34
53446773268354,14:50:46.773,45.2400,60
53446819941044,14:50:46.819,45.2400,90
53446819941044,14:50:46.819,45.2400,100
53453066408918,14:50:53.066,45.2400,1
53498558183251,14:51:38.558,45.2500,99
53498558190962,14:51:38.558,45.2500,1
53498558190962,14:51:38.558,45.2500,1
53519994311767,14:51:59.994,45.3000,100
53526128523516,14:52:06.128,45.3500,1
53543215196013,14:52:23.215,45.4000,48
53543215439340,14:52:23.215,45.4000,50
53543215677706,14:52:23.215,45.4000,2
53543215677706,14:52:23.215,45.4000,98
53543224377260,14:52:23.224,45.4000,2
53543242206174,14:52:23.242,45.4000,100
53544233864026,14:52:24.233,45.4200,100
53556380511207,14:52:36.380,45.4400,18
53557650918065,14:52:37.650,45.4400,73
53557654524740,14:52:37.654,45.4400,9
53557654524740,14:52:37.654,45.4400,91
53562453279634,14:52:42.453,45.4500,200
53562453279634,14:52:42.453,45.4500,1
53564377297633,14:52:44.377,45.4600,2
53564377372907,14:52:44.377,45.4600,98
53567422730619,14:52:47.422,45.4500,100
53573429137020,14:52:53.429,45.4500,87
53573429165481,14:52:53.429,45.4500,13
53573429165481,14:52:53.429,45.4500,34
53573429165481,14:52:53.429,45.4500,13
53573429177874,14:52:53.429,45.4500,87
53573429235821,14:52:53.429,45.4400,100
53576272566164,14:52:56.272,45.4300,99
53580489410474,14:53:00.489,45.4200,100
53580493112355,14:53:00.493,45.4100,44
53580494961948,14:53:00.494,45.4100,56
53589983056028,14:53:09.983,45.4000,100
53589983506440,14:53:09.983,45.4000,100
53599848339309,14:53:19.848,45.4100,1
53602135253104,14:53:22.135,45.4100,100
53610023673734,14:53:30.023,45.3900,13
53624157600756,14:53:44.157,45.4200,1
53624157600756,14:53:44.157,45.4200,100
53654486075746,14:54:14.486,45.4200,100
53654486075746,14:54:14.486,45.4200,29
53654486075746,14:54:14.486,45.4200,71
53654486517740,14:54:14.486,45.4200,29
53680491246955,14:54:40.491,45.3900,100
53783209876643,14:56:23.209,45.4400,31
53783879673792,14:56:23.879,45.4300,89
53783912415877,14:56:23.912,45.4300,100
53783940526126,14:56:23.940,45.4400,100
53819120220555,14:56:59.120,45.5200,70
53821307580948,14:57:01.307,45.5200,100
53823773079661,14:57:03.773,45.5100,100
53830115538839,14:57:10.115,45.4900,46
53830155497137,14:57:10.155,45.4900,54
53830155497137,14:57:10.155,45.4900,100
53869852794584,14:57:49.852,45.5200,100
53882457387806,14:58:02.457,45.5300,200
53883485410723,14:58:03.485,45.5100,100
53892203299446,14:58:12.203,45.5100,100
53892207993208,14:58:12.207,45.5000,25
53912413534185,14:58:32.413,45.5000,100
53912415817338,14:58:32.415,45.4900,100
53923882213951,14:58:43.882,45.4800,44
53923882629805,14:58:43.882,45.4800,34
53923885080146,14:58:43.885,45.4700,44
53923885773156,14:58:43.885,45.4700,66
53923886063047,14:58:43.886,45.4700,90
53923886063047,14:58:43.886,45.4700,110
53923886182402,14:58:43.886,45.4700,100
53923886314190,14:58:43.886,45.4700,59
53923887777490,14:58:43.887,45.4600,44
53952397705273,14:59:12.397,45.4800,100
53952521403043,14:59:12.521,45.4900,85
53970588167018,14:59:30.588,45.5000,100
53970643545698,14:59:30.643,45.5100,100
54007240194256,15:00:07.240,45.5100,32
54020645974739,15:00:20.645,45.5000,100
54020645974739,15:00:20.645,45.5000,100
54020719125909,15:00:20.719,45.4900,100
54021847758968,15:00:21.847,45.4900,100
54074415121175,15:01:14.415,45.5100,53
54074415146766,15:01:14.415,45.5100,47
54074415146766,15:01:14.415,45.5100,53
54074415450307,15:01:14.415,45.5100,47
54074420656838,15:01:14.420,45.5000,100
54088256583822,15:01:28.256,45.5000,100
54118240787451,15:01:58.240,45.4900,71
54128215775808,15:02:08.215,45.4800,32
54162761583551,15:02:42.761,45.4800,100
54170700973461,15:02:50.700,45.4900,100
54170769128291,15:02:50.769,45.5100,100
54170769128291,15:02:50.769,45.5100,100
54170769128291,15:02:50.769,45.5100,100
54170792932322,15:02:50.792,45.5100,96
54170792932322,15:02:50.792,45.5100,4
54170816941502,15:02:50.816,45.5100,96
54170816941502,15:02:50.816,45.5100,4
54197055207433,15:03:17.055,45.5000,100
54200811564005,15:03:20.811,45.5000,100
54213664442639,15:03:33.664,45.5000,2
54213669477166,15:03:33.669,45.5100,1
54228513723061,15:03:48.513,45.5000,100
54236212966934,15:03:56.212,45.4900,100
54236212966934,15:03:56.212,45.4900,21
54236212988216,15:03:56.212,45.4900,73
54236212996934,15:03:56.212,45.4900,6
54236212996934,15:03:56.212,45.4900,68
54236213086077,15:03:56.213,45.4900,32
54236217568404,15:03:56.217,45.4800,100
54246293068130,15:04:06.293,45.4700,100
54246293068130,15:04:06.293,45.4700,34
54251986993508,15:04:11.986,45.4600,100
54251996766813,15:04:11.996,45.4600,1
54252003508373,15:04:12.003,45.4600,100
54268578919538,15:04:28.578,45.4600,1
54285214603001,15:04:45.214,45.4600,100
54285214603001,15:04:45.214,45.4600,1
54285214603001,15:04:45.214,45.4600,41
54290761992790,15:04:50.761,45.4700,100
54302457531122,15:05:02.457,45.4800,1
54306465520510,15:05:06.465,45.4700,100
54306474384288,15:05:06.474,45.4600,70
54323445699432,15:05:23.445,45.4600,1
54323446284655,15:05:23.446,45.4600,100
54326335826800,15:05:26.335,45.4500,100
54351060045390,15:05:51.060,45.4500,100
54351080815016,15:05:51.080,45.4600,1
54352991294635,15:05:52.991,45.4500,100
54383243771875,15:06:23.243,45.4400,2
54383243771875,15:06:23.243,45.4400,100
54383243771875,15:06:23.243,45.4400,30
54383243771875,15:06:23.243,45.4400,100
54383243771875,15:06:23.243,45.4400,100
54383248245308,15:06:23.248,45.4300,10
54402204863742,15:06:42.204,45.4400,1
54407356125607,15:06:47.356,45.4400,100
54407358902348,15:06:47.358,45.4300,100
54417372982041,15:06:57.372,45.4300,1
54452058910962,15:07:32.058,45.4500,100
54452059630510,15:07:32.059,45.4500,1
54465185446397,15:07:45.185,45.4600,1
54465185446397,15:07:45.185,45.4600,99
54466255207989,15:07:46.255,45.4500,100
54466255207989,15:07:46.255,45.4500,100
54482012929836,15:08:02.012,45.4600,1
54482012929836,15:08:02.012,45.4600,1
54485978265815,15:08:05.978,45.4700,100
54486148521323,15:08:06.148,45.4700,100
54518130869940,15:08:38.130,45.4900,100
54540009568285,15:09:00.009,45.4900,18
54544418146567,15:09:04.418,45.4900,100
54544418246109,15:09:04.418,45.4900,100
54544437264281,15:09:04.437,45.4800,100
54544437264281,15:09:04.437,45.4800,100
54545656284798,15:09:05.656,45.4700,100
54545659700713,15:09:05.659,45.4700,32
54558532631883,15:09:18.532,45.4600,100
54560201732887,15:09:20.201,45.4800,100
54571660991132,15:09:31.660,45.4800,100
54571661044471,15:09:31.661,45.4800,100
54599066178300,15:09:59.066,45.4500,100
54599066873180,15:09:59.066,45.4400,5
54599066873180,15:09:59.066,45.4400,5
54600198939033,15:10:00.198,45.4300,35
54600198939033,15:10:00.198,45.4300,15
54615022888296,15:10:15.022,45.4400,2
54615023590380,15:10:15.023,45.4400,61
54615023616007,15:10:15.023,45.4400,39
54621314639745,15:10:21.314,45.4400,100
54621340436708,15:10:21.340,45.4400,1
54623400096820,15:10:23.400,45.4400,200
54638300208484,15:10:38.300,45.4300,30
54638300208484,15:10:38.300,45.4300,70
54638300233416,15:10:38.300,45.4300,30
54638939382170,15:10:38.939,45.4200,2
54641653423106,15:10:41.653,45.4100,20
54641653423106,15:10:41.653,45.4100,45
54641653423106,15:10:41.653,45.4100,20
54643471498624,15:10:43.471,45.4000,5
54645693159706,15:10:45.693,45.4000,100
54651849507085,15:10:51.849,45.4000,1
54651850087354,15:10:51.850,45.4100,2
54656166202016,15:10:56.166,45.4000,100
54667293914394,15:11:07.293,45.3900,100
54676690437419,15:11:16.690,45.3900,100
54689045918565,15:11:29.045,45.4100,2
54714323135687,15:11:54.323,45.4100,100
54714323135687,15:11:54.323,45.4100,100
54741735403707,15:12:21.735,45.4000,1
54741735403707,15:12:21.735,45.4000,23
54741763037264,15:12:21.763,45.4000,100
54741775285362,15:12:21.775,45.4100,1
54748896930463,15:12:28.896,45.4000,100
54748896930463,15:12:28.896,45.4000,100
54748896932485,15:12:28.896,45.4000,100
54748896932485,15:12:28.896,45.4000,100
54748965228897,15:12:28.965,45.3900,100
54758662742543,15:12:38.662,45.3900,200
54758662742543,15:12:38.662,45.3900,100
54758867622998,15:12:38.867,45.3900,100
54767004017963,15:12:47.004,45.3900,100
54768656753605,15:12:48.656,45.3900,1
54801722331729,15:13:21.722,45.4100,1
54806681236866,15:13:26.681,45.4100,98
54806681265448,15:13:26.681,45.4100,2
54806930897625,15:13:26.930,45.4100,1
54809691979325,15:13:29.691,45.4100,1
54811011683260,15:13:31.011,45.4000,100
54817031474301,15:13:37.031,45.4000,100
54817032109102,15:13:37.032,45.4000,100
54833385413869,15:13:53.385,45.4000,28
54833385413869,15:13:53.385,45.4000,167
54833385435138,15:13:53.385,45.4000,22
54835389861097,15:13:55.389,45.3900,23
54852024298540,15:14:12.024,45.4000,1
54876937839080,15:14:36.937,45.4100,1
54876938044635,15:14:36.938,45.4100,5
54878389994459,15:14:38.389,45.4100,1
54907316011652,15:15:07.316,45.4200,100
54907316361318,15:15:07.316,45.4200,100
54913587517525,15:15:13.587,45.4200,100
54913587517525,15:15:13.587,45.4200,31
54921892353558,15:15:21.892,45.4300,1
54921893792163,15:15:21.893,45.4400,1
54940350844350,15:15:40.350,45.4600,1
54940350844350,15:15:40.350,45.4600,99
54960074411676,15:16:00.074,45.4900,18
54960074411676,15:16:00.074,45.4900,1
54981873401041,15:16:21.873,45.4900,3
54981873489632,15:16:21.873,45.4900,13
54998498958101,15:16:38.498,45.4800,100
54998498983505,15:16:38.498,45.4800,3
54998498983505,15:16:38.498,45.4800,14
54998498992377,15:16:38.498,45.4800,86
54998523609579,15:16:38.523,45.4700,100
55007930068969,15:16:47.930,45.4700,100
55047545365588,15:17:27.545,45.4600,100
55048727242228,15:17:28.727,45.4400,100
55058086090156,15:17:38.086,45.4300,100
55061332082121,15:17:41.332,45.4200,3
55061332082121,15:17:41.332,45.4200,17
55061352798647,15:17:41.352,45.4100,20
55062305851389,15:17:42.305,45.4100,69
55062305851389,15:17:42.305,45.4100,20
55080587720423,15:18:00.587,45.4300,100
55080588329637,15:18:00.588,45.4300,100
55080620598651,15:18:00.620,45.4300,2
55080834437753,15:18:00.834,45.4300,22
55081288148667,15:18:01.288,45.4300,78
55081304038921,15:18:01.304,45.4200,100
55081604624751,15:18:01.604,45.4200,100
55119335364197,15:18:39.335,45.4300,100
55184137361879,15:19:44.137,45.4500,100
55191508771383,15:19:51.508,45.4400,14
55191508771383,15:19:51.508,45.4400,100
55191508771383,15:19:51.508,45.4400,100
55191508771383,15:19:51.508,45.4400,100
55191508771383,15:19:51.508,45.4400,100
55191508786384,15:19:51.508,45.4400,50
55201380034623,15:20:01.380,45.4400,1
55206582046338,15:20:06.582,45.4500,2
55206582300860,15:20:06.582,45.4500,100
55220500797127,15:20:20.500,45.4500,100
55220605292443,15:20:20.605,45.4400,1
55237529093256,15:20:37.529,45.4500,1
55258897965734,15:20:58.897,45.4500,100
55285732454882,15:21:25.732,45.4400,99
55285732454882,15:21:25.732,45.4400,1
55285732666830,15:21:25.732,45.4400,17
55285732666830,15:21:25.732,45.4400,83
55285768920269,15:21:25.768,45.4400,100
55285837997079,15:21:25.837,45.4400,100
55296680325683,15:21:36.680,45.4300,100
55296680325683,15:21:36.680,45.4300,100
55300303387759,15:21:40.303,45.4200,5
55300303520907,15:21:40.303,45.4200,95
55318418514679,15:21:58.418,45.4100,5
55318418514679,15:21:58.418,45.4100,72
55328963527613,15:22:08.963,45.3900,96
55331717399413,15:22:11.717,45.3900,21
55342661809094,15:22:22.661,45.3700,20
55342661809094,15:22:22.661,45.3700,24
55342663838421,15:22:22.663,45.3700,76
55342665605753,15:22:22.665,45.3600,20
55342802154085,15:22:22.802,45.3500,100
55355460082558,15:22:35.460,45.3600,2
55355460082558,15:22:35.460,45.3600,100
55355460701121,15:22:35.460,45.3600,100
55372193887298,15:22:52.193,45.3500,36
55372194236610,15:22:52.194,45.3500,64
55372194236610,15:22:52.194,45.3500,18
55373880668074,15:22:53.880,45.3400,20
55373880668074,15:22:53.880,45.3400,80
55373880700214,15:22:53.880,45.3400,20
55378049377877,15:22:58.049,45.3400,100
55378049377877,15:22:58.049,45.3400,2
55380268884579,15:23:00.268,45.3500,1
55380304431739,15:23:00.304,45.3500,100
55408708395055,15:23:28.708,45.3400,100
55438669609059,15:23:58.669,45.3300,9
55445863905605,15:24:05.863,45.3300,7
55445863925944,15:24:05.863,45.3300,19
55445863972599,15:24:05.863,45.3300,54
55445864010751,15:24:05.864,45.3300,20
55445864010751,15:24:05.864,45.3300,16
55445911608954,15:24:05.911,45.3300,100
55454836281735,15:24:14.836,45.3300,100
55457151248128,15:24:17.151,45.3400,4
55459734021407,15:24:19.734,45.3500,82
55459876148355,15:24:19.876,45.3500,118
55459876148355,15:24:19.876,45.3500,2
55475508536686,15:24:35.508,45.3600,100
55489085229707,15:24:49.085,45.3500,1
55489085260594,15:24:49.085,45.3500,99
55496896062619,15:24:56.896,45.3500,100
55496896111459,15:24:56.896,45.3500,2
55496896111459,15:24:56.896,45.3500,99
55496896155806,15:24:56.896,45.3500,1
55503603726582,15:25:03.603,45.3600,121
55503603739557,15:25:03.603,45.3600,73
55503871617020,15:25:03.871,45.3600,6
55503871617020,15:25:03.871,45.3600,100
55503871617020,15:25:03.871,45.3600,1
55503889309756,15:25:03.889,45.3700,1
55504707036271,15:25:04.707,45.3700,50
55504707039516,15:25:04.707,45.3700,50
55551613939552,15:25:51.613,45.3600,100
55551613939552,15:25:51.613,45.3600,21
55551613952223,15:25:51.613,45.3600,50
55551613959435,15:25:51.613,45.3600,29
55551613959435,15:25:51.613,45.3600,44
55551614049293,15:25:51.614,45.3600,100
55551614126466,15:25:51.614,45.3600,56
55578740699231,15:26:18.740,45.3500,91
55578740717822,15:26:18.740,45.3500,9
55578740717822,15:26:18.740,45.3500,1
55578740717822,15:26:18.740,45.3500,63
55578740726115,15:26:18.740,45.3500,37
55578740775671,15:26:18.740,45.3500,100
55578745184111,15:26:18.745,45.3500,100
55579742104587,15:26:19.742,45.3500,1
55589020153435,15:26:29.020,45.3400,100
55589020153435,15:26:29.020,45.3400,100
55589020153435,15:26:29.020,45.3400,100
55589020153435,15:26:29.020,45.3400,10
55589020153435,15:26:29.020,45.3400,15
55601013213174,15:26:41.013,45.3300,20
55602107311183,15:26:42.107,45.3200,20
55606565065935,15:26:46.565,45.3100,8
55606565065935,15:26:46.565,45.3100,11
55606565065935,15:26:46.565,45.3100,1
55627010419271,15:27:07.010,45.3000,20
55642795302406,15:27:22.795,45.2900,10
55662831680048,15:27:42.831,45.2800,81
55662831693837,15:27:42.831,45.2800,19
55662831693837,15:27:42.831,45.2800,54
55662832625994,15:27:42.832,45.2800,46
55662832625994,15:27:42.832,45.2800,100
55662943432806,15:27:42.943,45.2600,100
55663043568700,15:27:43.043,45.2600,100
55672129349508,15:27:52.129,45.2700,4
55673121824495,15:27:53.121,45.2800,73
55673121877101,15:27:53.121,45.2800,117
55673125522164,15:27:53.125,45.2800,110
55675142401126,15:27:55.142,45.2900,100
55675142401126,15:27:55.142,45.2900,3
55734267495955,15:28:54.267,45.3000,21
55734267516546,15:28:54.267,45.3000,73
55734267645273,15:28:54.267,45.3000,100
55734267672134,15:28:54.267,45.3000,6
55735511292439,15:28:55.511,45.2900,12
55746907427379,15:29:06.907,45.2900,24
55748069887492,15:29:08.069,45.2800,2
55762012305690,15:29:22.012,45.2700,100
55800694134053,15:30:00.694,45.2500,100
55800912528877,15:30:00.912,45.2500,100
55812707734077,15:30:12.707,45.2400,100
55812707823734,15:30:12.707,45.2400,25
55812707823734,15:30:12.707,45.2400,200
55832826748521,15:30:32.826,45.2400,100
55832828666578,15:30:32.828,45.2400,67
55832830770526,15:30:32.830,45.2400,100
55832830861477,15:30:32.830,45.2400,99
55849570880252,15:30:49.570,45.2400,100
55849570880252,15:30:49.570,45.2400,29
55849570907780,15:30:49.570,45.2400,50
55849570944858,15:30:49.570,45.2400,21
55849570944858,15:30:49.570,45.2400,100
55849678449231,15:30:49.678,45.2300,200
55849678449231,15:30:49.678,45.2300,100
55858935985227,15:30:58.935,45.2250,100
55858936032268,15:30:58.936,45.2300,100
55858950815919,15:30:58.950,45.2300,100
55871711985148,15:31:11.711,45.2500,18
55871711985148,15:31:11.711,45.2500,82
55871712152190,15:31:11.712,45.2500,18
55905199436745,15:31:45.199,45.2800,40
55905201184559,15:31:45.201,45.2800,60
55905203266558,15:31:45.203,45.2700,10
55905466314108,15:31:45.466,45.2700,90
55905466314108,15:31:45.466,45.2700,1
55905466314108,15:31:45.466,45.2700,9
55917481092924,15:31:57.481,45.2800,44
55917481102899,15:31:57.481,45.2800,13
55917481177484,15:31:57.481,45.2800,43
55921434658727,15:32:01.434,45.2900,48
55921434665144,15:32:01.434,45.2900,52
55925036927792,15:32:05.036,45.2800,4
55931265668080,15:32:11.265,45.2800,12
55931265668080,15:32:11.265,45.2800,100
55931265668080,15:32:11.265,45.2800,18
55933766499091,15:32:13.766,45.2700,1
55933767167159,15:32:13.767,45.2700,90
55933767167159,15:32:13.767,45.2700,10
55933770597801,15:32:13.770,45.2700,90
55942809750916,15:32:22.809,45.2700,100
55968223244632,15:32:48.223,45.2700,93
55968223258512,15:32:48.223,45.2700,7
56007865380130,15:33:27.865,45.2700,100
56028523924386,15:33:48.523,45.2600,100
56028523924386,15:33:48.523,45.2600,100
56028523962776,15:33:48.523,45.2600,100
56029375302243,15:33:49.375,45.2600,100
56030376070837,15:33:50.376,45.2600,3
56032266235116,15:33:52.266,45.2500,27
56032266842880,15:33:52.266,45.2500,73
56032266842880,15:33:52.266,45.2500,6
56032266842880,15:33:52.266,45.2500,20
56036409135474,15:33:56.409,45.2400,100
56038453872725,15:33:58.453,45.2400,3
56043282270727,15:34:03.282,45.2300,100
56091432563824,15:34:51.432,45.2200,31
56091432563824,15:34:51.432,45.2200,18
56097687272577,15:34:57.687,45.2100,20
56097687272577,15:34:57.687,45.2100,80
56097687350419,15:34:57.687,45.2100,20
56097687350419,15:34:57.687,45.2100,17
56097688441683,15:34:57.688,45.2000,20
56097688441683,15:34:57.688,45.2000,100
56097688441683,15:34:57.688,45.2000,100
56097688441683,15:34:57.688,45.2000,100
56097729176041,15:34:57.729,45.2000,100
56101216364567,15:35:01.216,45.2100,2
56101216364567,15:35:01.216,45.2100,100
56103356427234,15:35:03.356,45.2100,100
56103886935011,15:35:03.886,45.2100,2
56125009131641,15:35:25.009,45.2200,3
56125117252345,15:35:25.117,45.2200,100
56126871461328,15:35:26.871,45.2300,1
56126871539992,15:35:26.871,45.2300,100
56132250644735,15:35:32.250,45.2300,100
56132250738020,15:35:32.250,45.2300,1
56135842091167,15:35:35.842,45.2400,1
56156897199248,15:35:56.897,45.2400,100
56156897917477,15:35:56.897,45.2400,100
56168067147167,15:36:08.067,45.2300,100
56168067490470,15:36:08.067,45.2300,50
56168071079816,15:36:08.071,45.2300,179
56168071079816,15:36:08.071,45.2300,22
56168758798768,15:36:08.758,45.2300,16
56169076011714,15:36:09.076,45.2300,200
56169082179521,15:36:09.082,45.2300,100
56172627008585,15:36:12.627,45.2200,100
56173181954910,15:36:13.181,45.2200,100
56173183244997,15:36:13.183,45.2200,100
56196868578504,15:36:36.868,45.2100,200
56196881469588,15:36:36.881,45.2000,10
56196881469588,15:36:36.881,45.2000,90
56207128978487,15:36:47.128,45.2100,100
56207195364680,15:36:47.195,45.2100,4
56227392076360,15:37:07.392,45.2100,100
56227392076360,15:37:07.392,45.2100,200
56238707106408,15:37:18.707,45.2100,100
56240611543002,15:37:20.611,45.2000,4
56253098151058,15:37:33.098,45.2100,100
56253123726366,15:37:33.123,45.2100,100
56256673816345,15:37:36.673,45.2100,100
56256673907078,15:37:36.673,45.2100,100
56276387078191,15:37:56.387,45.2100,100
56276387297543,15:37:56.387,45.2100,100
56276387386339,15:37:56.387,45.2100,100
56276387397238,15:37:56.387,45.2100,200
56276400576891,15:37:56.400,45.2000,200
56280123884669,15:38:00.123,45.2100,100
56293287160808,15:38:13.287,45.2100,200
56293287160808,15:38:13.287,45.2100,13
56293287275633,15:38:13.287,45.2100,213
56317363729978,15:38:37.363,45.2100,100
56323487223803,15:38:43.487,45.2200,100
56323535412880,15:38:43.535,45.2300,100
56327717533995,15:38:47.717,45.2400,9
56327717538329,15:38:47.717,45.2400,50
56327717632678,15:38:47.717,45.2400,241
56327717802758,15:38:47.717,45.2400,187
56342830609439,15:39:02.830,45.2300,100
56342830609439,15:39:02.830,45.2300,85
56342830940477,15:39:02.830,45.2300,15
56363347170946,15:39:23.347,45.2300,200
56383417824734,15:39:43.417,45.2200,100
56383417863499,15:39:43.417,45.2200,100
56387253143610,15:39:47.253,45.2100,100
56387253230834,15:39:47.253,45.2100,100
56396749076522,15:39:56.749,45.2000,188
56396749174776,15:39:56.749,45.2000,12
56396749174776,15:39:56.749,45.2000,100
56409964036961,15:40:09.964,45.2000,100
56409964036961,15:40:09.964,45.2000,100
56427334505214,15:40:27.334,45.2000,11
56427334505214,15:40:27.334,45.2000,89
56427334756534,15:40:27.334,45.2000,11
56427334756534,15:40:27.334,45.2000,89
56427335274494,15:40:27.335,45.2000,11
56451612548517,15:40:51.612,45.2000,100
56465278367419,15:41:05.278,45.1900,10
56465278367419,15:41:05.278,45.1900,100
56465278367419,15:41:05.278,45.1900,200
56473772379378,15:41:13.772,45.1900,29
56473772379378,15:41:13.772,45.1900,5
56473772379378,15:41:13.772,45.1900,66
56473772653732,15:41:13.772,45.1900,34
56473772653732,15:41:13.772,45.1900,100
56473788851515,15:41:13.788,45.2000,3
56473788851515,15:41:13.788,45.2000,100
56473788851515,15:41:13.788,45.2000,100
56473789256446,15:41:13.789,45.2000,100
56475348873894,15:41:15.348,45.1900,30
56480488789107,15:41:20.488,45.1800,100
56480491800684,15:41:20.491,45.1800,100
56482633489377,15:41:22.633,45.1750,100
56482635049380,15:41:22.635,45.1750,100
56498828362599,15:41:38.828,45.1700,20
56498828362599,15:41:38.828,45.1700,80
56498828656795,15:41:38.828,45.1700,20
56498828656795,15:41:38.828,45.1700,80
56498831051247,15:41:38.831,45.1700,20
56541446391444,15:42:21.446,45.1650,100
56541446391444,15:42:21.446,45.1600,1
56541446391444,15:42:21.446,45.1600,12
56541446391444,15:42:21.446,45.1600,100
56541446391444,15:42:21.446,45.1600,87
56541446484711,15:42:21.446,45.1600,13
56541446484711,15:42:21.446,45.1600,200
56555239546419,15:42:35.239,45.1600,3
56555239546419,15:42:35.239,45.1600,100
56555239546419,15:42:35.239,45.1600,100
56555239546419,15:42:35.239,45.1600,100
56555239818066,15:42:35.239,45.1600,100
56556297986618,15:42:36.297,45.1600,100
56580117977616,15:43:00.117,45.1700,4
56580117977616,15:43:00.117,45.1700,14
56580117977616,15:43:00.117,45.1700,100
56580191712053,15:43:00.191,45.1800,2
56580191712053,15:43:00.191,45.1800,100
56580506320884,15:43:00.506,45.1900,100
56580660806192,15:43:00.660,45.1900,2
56590233126485,15:43:10.233,45.2000,100
56622116730858,15:43:42.116,45.2100,100
56624009448942,15:43:44.009,45.2200,100
56624009946685,15:43:44.009,45.2200,100
56652215921482,15:44:12.215,45.2400,100
56652240062269,15:44:12.240,45.2400,98
56652240062269,15:44:12.240,45.2400,2
56652266159082,15:44:12.266,45.2400,98
56652363200460,15:44:12.363,45.2400,100
56666926081376,15:44:26.926,45.2400,100
56666926088794,15:44:26.926,45.2400,100
56693775518034,15:44:53.775,45.2300,100
56693775676314,15:44:53.775,45.2300,100
56693781223435,15:44:53.781,45.2300,100
56693781223435,15:44:53.781,45.2300,100
56693890774801,15:44:53.890,45.2300,100
56696466412634,15:44:56.466,45.2300,3
56696466412634,15:44:56.466,45.2300,147
56696492073023,15:44:56.492,45.2300,3
56700218292850,15:45:00.218,45.2400,100
56700218292850,15:45:00.218,45.2400,2
56700218292850,15:45:00.218,45.2400,27
56700218292850,15:45:00.218,45.2400,100
56700218292850,15:45:00.218,45.2400,100
56700218292850,15:45:00.218,45.2400,71
56700218304272,15:45:00.218,45.2400,29
56700218304272,15:45:00.218,45.2500,107
56700218304272,15:45:00.218,45.2500,100
56700219216099,15:45:00.219,45.2500,100
56700537915296,15:45:00.537,45.2500,100
56702284897610,15:45:02.284,45.2700,57
56702419059555,15:45:02.419,45.2800,100
56702553162380,15:45:02.553,45.2800,100
56702553174591,15:45:02.553,45.2800,8
56702553174591,15:45:02.553,45.2800,23
56703026369959,15:45:03.026,45.2900,100
56705119468513,15:45:05.119,45.3000,100
56707216369857,15:45:07.216,45.2900,100
56709240327921,15:45:09.240,45.3000,100
56711428451436,15:45:11.428,45.3000,50
56711428451436,15:45:11.428,45.3000,50
56712977746892,15:45:12.977,45.2900,54
56712977746892,15:45:12.977,45.2900,96
56712977796253,15:45:12.977,45.2900,4
56712977796253,15:45:12.977,45.2900,22
56713596121252,15:45:13.596,45.2900,100
56714931843726,15:45:14.931,45.2800,100
56717612246069,15:45:17.612,45.2800,100
56717612307138,15:45:17.612,45.2800,53
56717612307138,15:45:17.612,45.2800,46
56717612307138,15:45:17.612,45.2800,100
56717612460336,15:45:17.612,45.2800,100
56731330487655,15:45:31.330,45.2800,2
56737239107696,15:45:37.239,45.2900,100
56755776823227,15:45:55.776,45.3000,2
56758680012592,15:45:58.680,45.3050,100
56761567676328,15:46:01.567,45.3000,5
56761568625868,15:46:01.568,45.3000,95
56771946336392,15:46:11.946,45.3000,77
56771946336392,15:46:11.946,45.3000,2
56782287967823,15:46:22.287,45.2800,44
56782288930792,15:46:22.288,45.2800,32
56817179575037,15:46:57.179,45.2900,4
56834026083733,15:47:14.026,45.2900,12
56834026236352,15:47:14.026,45.2900,9
56849988273430,15:47:29.988,45.2800,100
56849988273430,15:47:29.988,45.2800,100
56849988273430,15:47:29.988,45.2800,100
56849988273430,15:47:29.988,45.2800,100
56849988347810,15:47:29.988,45.2800,100
56852626934932,15:47:32.626,45.2800,100
56856345038879,15:47:36.345,45.2700,100
56856998028699,15:47:36.998,45.2600,5
56856998028699,15:47:36.998,45.2600,95
56856999263140,15:47:36.999,45.2600,5
56861888823017,15:47:41.888,45.2500,8
56861888831747,15:47:41.888,45.2500,6
56877336427714,15:47:57.336,45.2500,3
56877336427714,15:47:57.336,45.2500,100
56877336427714,15:47:57.336,45.2500,14
56877336456065,15:47:57.336,45.2500,86
56877510309719,15:47:57.510,45.2500,4
56889306913068,15:48:09.306,45.2500,45
56890971973424,15:48:10.971,45.2500,50
56890971986514,15:48:10.971,45.2500,5
56917149933560,15:48:37.149,45.2500,1
56917149933560,15:48:37.149,45.2500,100
56917149933560,15:48:37.149,45.2500,100
56939155221117,15:48:59.155,45.2600,98
56939155239152,15:48:59.155,45.2600,2
56939155239152,15:48:59.155,45.2600,48
56939155458480,15:48:59.155,45.2600,14
56939155458480,15:48:59.155,45.2600,36
56939158118629,15:48:59.158,45.2600,64
56939561651860,15:48:59.561,45.2650,100
56941138421575,15:49:01.138,45.2600,100
56941138421575,15:49:01.138,45.2600,100
56949342562741,15:49:09.342,45.2500,100
56992033829785,15:49:52.033,45.2500,15
57000117178376,15:50:00.117,45.2400,1
57000117244475,15:50:00.117,45.2400,1
57000739984045,15:50:00.739,45.2400,33
57001041582045,15:50:01.041,45.2400,50
57001041605293,15:50:01.041,45.2400,17
57001041605293,15:50:01.041,45.2400,33
57001041634933,15:50:01.041,45.2400,67
57001041634933,15:50:01.041,45.2400,33
57001042448808,15:50:01.042,45.2400,67
57001042448808,15:50:01.042,45.2400,7
57001042448808,15:50:01.042,45.2400,100
57006547135415,15:50:06.547,45.2300,7
57010689820219,15:50:10.689,45.2300,93
57010689820219,15:50:10.689,45.2300,7
57010690227325,15:50:10.690,45.2300,93
57011298353930,15:50:11.298,45.2300,1
57016298176381,15:50:16.298,45.2300,4
57019072005746,15:50:19.072,45.2200,8
57019072005746,15:50:19.072,45.2200,89
57030839813796,15:50:30.839,45.2200,11
57030839813796,15:50:30.839,45.2200,68
57030841803194,15:50:30.841,45.2200,32
57030841803194,15:50:30.841,45.2200,68
57030845748353,15:50:30.845,45.2200,32
57068319581925,15:51:08.319,45.2100,100
57068320932779,15:51:08.320,45.2100,3
57068331200338,15:51:08.331,45.2100,103
57068331473269,15:51:08.331,45.2100,50
57068331709912,15:51:08.331,45.2100,9
57068414188566,15:51:08.414,45.2100,35
57068414188566,15:51:08.414,45.2100,65
57072337809296,15:51:12.337,45.2100,100
57072380554287,15:51:12.380,45.2100,36
57072380554287,15:51:12.380,45.2100,100
57072380554287,15:51:12.380,45.2100,64
57074342165616,15:51:14.342,45.2100,100
57074399522878,15:51:14.399,45.2100,100
57079171758000,15:51:19.171,45.2100,100
57095509327995,15:51:35.509,45.2000,12
57095509327995,15:51:35.509,45.2000,88
57095509660446,15:51:35.509,45.2000,12
57095509660446,15:51:35.509,45.2000,7
57095509660446,15:51:35.509,45.2000,74
57095509714661,15:51:35.509,45.2000,26
57095678644789,15:51:35.678,45.2000,100
57101981210587,15:51:41.981,45.1900,100
57101981210587,15:51:41.981,45.1900,100
57101981210587,15:51:41.981,45.1900,600
57101987061976,15:51:41.987,45.1900,100
57105258539622,15:51:45.258,45.1800,1
57112050245438,15:51:52.050,45.1700,100
57120094822631,15:52:00.094,45.1700,84
57120094822631,15:52:00.094,45.1700,16
57129226744253,15:52:09.226,45.1600,8
57134651502663,15:52:14.651,45.1600,100
57139914773897,15:52:19.914,45.1600,14
57139914773897,15:52:19.914,45.1600,100
57139914773897,15:52:19.914,45.1600,100
57139914773897,15:52:19.914,45.1600,100
57140438967610,15:52:20.438,45.1500,100
57140842493165,15:52:20.842,45.1400,100
57143777955717,15:52:23.777,45.1500,48
57143777980415,15:52:23.777,45.1500,3
57145736027616,15:52:25.736,45.1400,41
57145741255726,15:52:25.741,45.1400,59
57145741255726,15:52:25.741,45.1400,50
57167636793169,15:52:47.636,45.1200,100
57167636793169,15:52:47.636,45.1200,100
57169723776880,15:52:49.723,45.1200,100
57169723803528,15:52:49.723,45.1200,100
57190402981294,15:53:10.402,45.1300,17
57190403587436,15:53:10.403,45.1300,176
57190403892784,15:53:10.403,45.1300,7
57190403892784,15:53:10.403,45.1300,31
57190404091680,15:53:10.404,45.1300,69
57190404091680,15:53:10.404,45.1300,9
57190406229562,15:53:10.406,45.1300,91
57190870028121,15:53:10.870,45.1400,1
57214395027428,15:53:34.395,45.1300,1
57218492620471,15:53:38.492,45.1500,100
57219959468656,15:53:39.959,45.1500,100
57224355706525,15:53:44.355,45.1400,100
57224358501759,15:53:44.358,45.1400,80
57225598622981,15:53:45.598,45.1300,99
57225598622981,15:53:45.598,45.1300,1
57237122882075,15:53:57.122,45.1300,12
57237122882075,15:53:57.122,45.1300,100
57237122882075,15:53:57.122,45.1300,100
57247142933823,15:54:07.142,45.1200,25
57247143249088,15:54:07.143,45.1200,30
57247143656278,15:54:07.143,45.1200,20
57247148458553,15:54:07.148,45.1200,9
57247151327577,15:54:07.151,45.1200,2
57247152068879,15:54:07.152,45.1200,2
57247495978608,15:54:07.495,45.1300,1
57247495978608,15:54:07.495,45.1300,11
57247497307886,15:54:07.497,45.1300,89
57247497307886,15:54:07.497,45.1300,100
57250507826944,15:54:10.507,45.1200,12
57250507826944,15:54:10.507,45.1200,14
57250508039909,15:54:10.508,45.1200,14
57250508779414,15:54:10.508,45.1200,6
57250510599588,15:54:10.510,45.1200,21
57250511880897,15:54:10.511,45.1200,45
57250634058978,15:54:10.634,45.1200,2
57250634058978,15:54:10.634,45.1200,98
57250634894717,15:54:10.634,45.1200,100
57250634894717,15:54:10.634,45.1200,29
57269085817069,15:54:29.085,45.1300,2
57269085817069,15:54:29.085,45.1300,48
57269085862274,15:54:29.085,45.1300,100
57269085932584,15:54:29.085,45.1300,12
57270776790714,15:54:30.776,45.1400,1
57270776790714,15:54:30.776,45.1400,99
57270776846889,15:54:30.776,45.1400,1
57271297920781,15:54:31.297,45.1500,2
57271298100928,15:54:31.298,45.1500,100
57271298755059,15:54:31.298,45.1500,100
57273953985757,15:54:33.953,45.1400,7
57274399978110,15:54:34.399,45.1400,1
57274897188835,15:54:34.897,45.1300,100
57280652011230,15:54:40.652,45.1300,200
57283881865984,15:54:43.881,45.1500,67
57283987550163,15:54:43.987,45.1500,33
57283988809540,15:54:43.988,45.1500,200
57283988809540,15:54:43.988,45.1500,100
57284336186398,15:54:44.336,45.1400,100
57289705989965,15:54:49.705,45.1400,2
57292524085085,15:54:52.524,45.1400,100
57292524085085,15:54:52.524,45.1400,100
57296146130600,15:54:56.146,45.1400,100
57300075022967,15:55:00.075,45.1500,67
57300075275427,15:55:00.075,45.1500,133
57302904160346,15:55:02.904,45.1600,100
57306899764345,15:55:06.899,45.1700,96
57310123153566,15:55:10.123,45.1700,1
57310123153566,15:55:10.123,45.1700,92
57310123248058,15:55:10.123,45.1700,8
57310134580460,15:55:10.134,45.1800,100
57310543211770,15:55:10.543,45.1900,2
57311154015801,15:55:11.154,45.1900,1
57311490882356,15:55:11.490,45.2000,100
57311493969229,15:55:11.493,45.2000,10
57318882069142,15:55:18.882,45.2000,7
57318882069142,15:55:18.882,45.2000,47
57318895704380,15:55:18.895,45.2000,53
57318895704380,15:55:18.895,45.2000,100
57318895704380,15:55:18.895,45.2000,100
57343789338991,15:55:43.789,45.2000,1
57344115417587,15:55:44.115,45.2000,1
57344115473501,15:55:44.115,45.2000,98
57344115473501,15:55:44.115,45.2000,1
57344115473501,15:55:44.115,45.2000,1
57344115706965,15:55:44.115,45.2000,9
57344116178638,15:55:44.116,45.2100,2
57344930788199,15:55:44.930,45.2200,100
57352285522060,15:55:52.285,45.2300,3
57369714820487,15:56:09.714,45.2400,1
57369714820487,15:56:09.714,45.2400,10
57369714820487,15:56:09.714,45.2400,79
57369714833850,15:56:09.714,45.2400,50
57369714870027,15:56:09.714,45.2400,50
57369715939546,15:56:09.715,45.2400,21
57370248579084,15:56:10.248,45.2500,1
57370248579084,15:56:10.248,45.2500,53
57370869316634,15:56:10.869,45.2600,100
57371282674258,15:56:11.282,45.2600,2
57375173155396,15:56:15.173,45.2600,100
57375173155396,15:56:15.173,45.2600,100
57375173155396,15:56:15.173,45.2600,100
57375173155396,15:56:15.173,45.2600,100
57377756026650,15:56:17.756,45.2700,42
57378131567472,15:56:18.131,45.2800,100
57378131567472,15:56:18.131,45.2800,100
57378131567472,15:56:18.131,45.2800,100
57378131567472,15:56:18.131,45.2800,100
57378471885037,15:56:18.471,45.2800,100
57378471885037,15:56:18.471,45.2800,78
57385269208844,15:56:25.269,45.2800,2
57385269208844,15:56:25.269,45.2800,100
57388887784799,15:56:28.887,45.2800,100
57388887784799,15:56:28.887,45.2800,50
57388887845348,15:56:28.887,45.2800,50
57388887845348,15:56:28.887,45.2800,7
57401149563366,15:56:41.149,45.2800,50
57401154517120,15:56:41.154,45.2800,50
57401154517120,15:56:41.154,45.2800,100
57417938437081,15:56:57.938,45.2750,100
57417941608888,15:56:57.941,45.2700,100
57417941645534,15:56:57.941,45.2700,87
57417941902632,15:56:57.941,45.2700,13
57429135600508,15:57:09.135,45.2700,100
57429135731680,15:57:09.135,45.2700,64
57429135731680,15:57:09.135,45.2700,86
57438598789093,15:57:18.598,45.2600,100
57438598789093,15:57:18.598,45.2600,100
57438598789093,15:57:18.598,45.2600,100
57438598789093,15:57:18.598,45.2600,100
57443517289573,15:57:23.517,45.2400,17
57443517934721,15:57:23.517,45.2400,83
57450333930777,15:57:30.333,45.2350,100
57450333930777,15:57:30.333,45.2400,100
57457043346680,15:57:37.043,45.2300,100
57459826902262,15:57:39.826,45.2250,100
57467209926909,15:57:47.209,45.2300,100
57467443316608,15:57:47.443,45.2300,100
57467462553113,15:57:47.462,45.2300,100
57467487996924,15:57:47.487,45.2300,100
57467495821121,15:57:47.495,45.2300,100
57480074673855,15:58:00.074,45.2200,34
57480074810484,15:58:00.074,45.2200,22
57480074945820,15:58:00.074,45.2200,27
57480075189658,15:58:00.075,45.2200,17
57484587452839,15:58:04.587,45.2250,100
57484591052063,15:58:04.591,45.2250,14
57487204228939,15:58:07.204,45.2300,100
57489191260465,15:58:09.191,45.2300,41
57489191260465,15:58:09.191,45.2300,13
57489191260465,15:58:09.191,45.2300,46
57489191963926,15:58:09.191,45.2300,54
57490079192809,15:58:10.079,45.2400,100
57505829547928,15:58:25.829,45.2450,100
57524757812120,15:58:44.757,45.2500,100
57524757813445,15:58:44.757,45.2500,9
57524757813445,15:58:44.757,45.2500,70
57524758332834,15:58:44.758,45.2600,8
57527190177457,15:58:47.190,45.2600,100
57527653850412,15:58:47.653,45.2600,12
57529941886435,15:58:49.941,45.2600,100
57530048368370,15:58:50.048,45.2500,100
57535705679215,15:58:55.705,45.2600,100
57543976755797,15:59:03.976,45.2600,1
57555004352349,15:59:15.004,45.2700,100
57555004655738,15:59:15.004,45.2700,16
57555011303082,15:59:15.011,45.2600,34
57561015986718,15:59:21.015,45.2600,16
57565205532201,15:59:25.205,45.2600,11
57565617961567,15:59:25.617,45.2600,21
57565617961567,15:59:25.617,45.2600,10
57580252156195,15:59:40.252,45.2600,50
57589348217063,15:59:49.348,45.2600,10
57593733214514,15:59:53.733,45.2700,94
57594953246474,15:59:54.953,45.2600,55
57597730496486,15:59:57.730,45.2500,91
57600516708982,16:00:00.516,0.0000,0
