timestamp,time,price,volume
34199777656687,09:29:59.777,16.4000,300
34200803039083,09:30:00.803,16.3000,6220
34256467721175,09:30:56.467,16.4500,100
34256467792757,09:30:56.467,16.4500,13
34256467792757,09:30:56.467,16.4500,87
34256467895139,09:30:56.467,16.4500,13
34256467920785,09:30:56.467,16.4500,100
34256468011453,09:30:56.468,16.4500,100
34256468104867,09:30:56.468,16.4500,100
34256469012245,09:30:56.469,16.4400,100
34256469179792,09:30:56.469,16.4500,68
34256469183705,09:30:56.469,16.4500,32
34256469183705,09:30:56.469,16.4500,100
34256497526198,09:30:56.497,16.4500,300
34256497526198,09:30:56.497,16.4500,100
34257276972291,09:30:57.276,16.5400,5
34268484572064,09:31:08.484,16.5300,200
34271065550201,09:31:11.065,16.5500,400
34271065979720,09:31:11.065,16.5500,100
34271065981244,09:31:11.065,16.5600,100
34271066006961,09:31:11.066,16.5500,100
34271066006961,09:31:11.066,16.5500,100
34277668225453,09:31:17.668,16.5600,200
34279673792519,09:31:19.673,16.6000,436
34279701445020,09:31:19.701,16.6000,300
34281725140065,09:31:21.725,16.6000,800
34281725189009,09:31:21.725,16.6000,3464
34281725285429,09:31:21.725,16.6000,1157
34281725366331,09:31:21.725,16.6000,843
34297440302969,09:31:37.440,16.6800,71
34297440302969,09:31:37.440,16.6800,29
34297440596027,09:31:37.440,16.6800,28
34297440596027,09:31:37.440,16.6800,72
34297441116693,09:31:37.441,16.6800,28
34300023315386,09:31:40.023,16.6000,100
34300023315386,09:31:40.023,16.6000,28
34388338376915,09:33:08.338,16.5800,200
34458971009651,09:34:18.971,16.5500,200
34584757652646,09:36:24.757,16.4800,3
34640573289919,09:37:20.573,16.4800,14
34646585405211,09:37:26.585,16.4800,2
34648113447748,09:37:28.113,16.4800,2
34665873301778,09:37:45.873,16.4400,10
34680044339316,09:38:00.044,16.4300,100
34681681553528,09:38:01.681,16.4000,70
34681681553528,09:38:01.681,16.4100,30
34681681627576,09:38:01.681,16.4100,70
34681681627576,09:38:01.681,16.4100,6
34715142436834,09:38:35.142,16.6300,1
34859857107823,09:40:59.857,16.4100,200
34859857107823,09:40:59.857,16.4000,600
34859857149119,09:40:59.857,16.4000,136
34859857153096,09:40:59.857,16.4000,205
34859857172897,09:40:59.857,16.4000,73
34859857214606,09:40:59.857,16.4000,3986
34859857305913,09:40:59.857,16.4000,1700
34859857341662,09:40:59.857,16.4000,115
34859857344301,09:40:59.857,16.4000,188
34859857350204,09:40:59.857,16.4000,74
34865129891877,09:41:05.129,16.4400,100
34936314069878,09:42:16.314,16.3900,20
34936314095348,09:42:16.314,16.3900,18
34936314568235,09:42:16.314,16.3900,62
34990019961141,09:43:10.019,16.2800,20
35012723279940,09:43:32.723,16.3900,2
35018766544588,09:43:38.766,16.3900,100
35018766569923,09:43:38.766,16.3900,18
35074990123531,09:44:34.990,16.4300,100
35075011426587,09:44:35.011,16.3800,4
35105346480474,09:45:05.346,16.5000,3
35148003087391,09:45:48.003,16.4600,200
35148003753456,09:45:48.003,16.4300,27
35148003841018,09:45:48.003,16.4300,27
35148004077229,09:45:48.004,16.4300,27
35148004326560,09:45:48.004,16.4300,27
35148004792878,09:45:48.004,16.4300,27
35148004837429,09:45:48.004,16.4300,27
35148004891124,09:45:48.004,16.4300,11
35148004922470,09:45:48.004,16.4300,16
35164112324543,09:46:04.112,16.5000,2
35174248434521,09:46:14.248,16.5000,100
35174248664361,09:46:14.248,16.5000,98
35192512817423,09:46:32.512,16.4600,100
35192513365817,09:46:32.513,16.4600,100
35192513593004,09:46:32.513,16.4600,100
35214832231049,09:46:54.832,16.5200,200
35214832231049,09:46:54.832,16.5200,100
35214833999042,09:46:54.833,16.4900,100
35223147441236,09:47:03.147,16.5200,100
35223147441236,09:47:03.147,16.5200,100
35226828047793,09:47:06.828,16.5200,100
35226828047793,09:47:06.828,16.5300,189
35226828090470,09:47:06.828,16.5300,48
35228893756030,09:47:08.893,16.5300,600
35228894815243,09:47:08.894,16.5300,1963
35228894815243,09:47:08.894,16.5300,373
35228894815243,09:47:08.894,16.5300,200
35228894815243,09:47:08.894,16.5300,164
35228894861440,09:47:08.894,16.5300,87
35228895647794,09:47:08.895,16.5300,100
35254888168320,09:47:34.888,16.5200,1089
35254888168320,09:47:34.888,16.5200,800
35254888168320,09:47:34.888,16.5300,111
35274961043182,09:47:54.961,16.5200,200
35274962321841,09:47:54.962,16.5000,100
35274962427401,09:47:54.962,16.5000,100
35274962462883,09:47:54.962,16.5000,52
35274962483717,09:47:54.962,16.5000,4
35274962517293,09:47:54.962,16.5000,44
35274962585241,09:47:54.962,16.5000,100
35274962585241,09:47:54.962,16.5000,100
35274963979501,09:47:54.963,16.4600,200
35279550881167,09:47:59.550,16.4400,100
35279550991021,09:47:59.550,16.4400,100
35279678951985,09:47:59.678,16.4300,11
35279678951985,09:47:59.678,16.4300,100
35301408166010,09:48:21.408,16.3900,100
35319581272228,09:48:39.581,16.4400,100
35320825993009,09:48:40.825,16.4400,100
35322007681441,09:48:42.007,16.4400,100
35323129407033,09:48:43.129,16.4400,100
35325231941186,09:48:45.231,16.4400,100
35330271280422,09:48:50.271,16.4400,100
35331401230242,09:48:51.401,16.4400,100
35337113181030,09:48:57.113,16.4500,100
35337113277392,09:48:57.113,16.4300,100
35337113365984,09:48:57.113,16.4400,100
35337113431640,09:48:57.113,16.4400,29
35337113480435,09:48:57.113,16.4400,71
35340114182564,09:49:00.114,16.4100,800
35340114182564,09:49:00.114,16.4100,100
35340115492012,09:49:00.115,16.3900,200
35348300770009,09:49:08.300,16.3800,100
35348301455433,09:49:08.301,16.3800,100
35348306245449,09:49:08.306,16.3700,100
35359404890777,09:49:19.404,16.3000,100
35359404890777,09:49:19.404,16.3000,100
35359405958271,09:49:19.405,16.2900,300
35400065578919,09:50:00.065,16.2700,100
35415057720707,09:50:15.057,16.3200,1600
35415057720707,09:50:15.057,16.3200,311
35415058878902,09:50:15.058,16.3200,89
35415058903054,09:50:15.058,16.3200,100
35490019586945,09:51:30.019,16.3800,100
35510776942798,09:51:50.776,16.3500,100
35511020775720,09:51:51.020,16.3500,1000
35543246825361,09:52:23.246,16.3400,100
35552235103132,09:52:32.235,16.3400,100
35553729298925,09:52:33.729,16.3500,100
35554992861952,09:52:34.992,16.3700,100
35781088243174,09:56:21.088,16.3000,100
35797478093871,09:56:37.478,16.3400,23
35865900562271,09:57:45.900,16.3500,3
35878324104692,09:57:58.324,16.3300,100
35879226387314,09:57:59.226,16.3400,100
35879226387314,09:57:59.226,16.3500,100
35887469805773,09:58:07.469,16.3400,102
35890776577642,09:58:10.776,16.3000,21
35890776602503,09:58:10.776,16.3000,79
35895378728197,09:58:15.378,16.3300,100
35895378728197,09:58:15.378,16.3500,100
35895378822322,09:58:15.378,16.3300,100
35898037382807,09:58:18.037,16.3500,100
35898037382807,09:58:18.037,16.3600,100
35898037382807,09:58:18.037,16.3600,100
35898039160780,09:58:18.039,16.3600,100
35905640960930,09:58:25.640,16.3800,100
35913996178216,09:58:33.996,16.3800,100
35913996178216,09:58:33.996,16.3800,100
35913996178216,09:58:33.996,16.3900,100
35913996178216,09:58:33.996,16.3900,100
35913996178216,09:58:33.996,16.3900,100
35928593811391,09:58:48.593,16.3100,100
35928597584490,09:58:48.597,16.2700,200
35928597584490,09:58:48.597,16.2700,100
35928600010953,09:58:48.600,16.2300,300
35963592594255,09:59:23.592,16.2300,1965
35963593754330,09:59:23.593,16.2200,100
36033348839663,10:00:33.348,16.1300,300
36033349847724,10:00:33.349,16.1300,500
36033349882675,10:00:33.349,16.1400,60
36033349884235,10:00:33.349,16.1400,40
36043528504002,10:00:43.528,16.1200,100
36043528564942,10:00:43.528,16.1200,100
36043528791504,10:00:43.528,16.1200,17
36043528821649,10:00:43.528,16.1200,283
36196393283574,10:03:16.393,16.1100,20
36311032331607,10:05:11.032,16.0900,100
36545228097320,10:09:05.228,16.0500,100
36589486293530,10:09:49.486,16.0700,100
36589488345191,10:09:49.488,16.0900,100
36693719261587,10:11:33.719,16.1600,10
36713604752942,10:11:53.604,16.1300,20
36752394705701,10:12:32.394,16.1400,100
36798725241770,10:13:18.725,16.1300,21
36932974797507,10:15:32.974,16.1300,20
36960957539640,10:16:00.957,16.0900,155
36960958778951,10:16:00.958,16.0900,100
37021184525045,10:17:01.184,16.0500,20
37021184623853,10:17:01.184,16.0700,100
37021184717941,10:17:01.184,16.0600,79
37072244331816,10:17:52.244,16.0400,100
37201394875157,10:20:01.394,16.0400,30
37201394901217,10:20:01.394,16.0400,70
37221254589391,10:20:21.254,16.0400,20
37403624068205,10:23:23.624,16.0400,21
37568745948025,10:26:08.745,16.1000,1
37568748868907,10:26:08.748,16.0900,7
37591291639424,10:26:31.291,16.1000,20
37591291808730,10:26:31.291,16.1000,100
37688485930547,10:28:08.485,16.1200,20
37946901596880,10:32:26.901,16.1700,100
37946902343400,10:32:26.902,16.1700,5
37956657733557,10:32:36.657,16.1800,100
37964616724526,10:32:44.616,16.1800,100
37964617050803,10:32:44.617,16.1800,100
37964618098871,10:32:44.618,16.1800,100
37964628798030,10:32:44.628,16.1800,100
37968387763091,10:32:48.387,16.1800,100
38016334861450,10:33:36.334,16.1700,100
38016334861450,10:33:36.334,16.1700,200
38016334861450,10:33:36.334,16.1700,40
38016335902164,10:33:36.335,16.1700,1
38016343659058,10:33:36.343,16.1700,60
38260347417529,10:37:40.347,16.1500,59
38260348859983,10:37:40.348,16.1400,100
38260348859983,10:37:40.348,16.1400,100
38260349324045,10:37:40.349,16.1300,100
38270356240635,10:37:50.356,16.1300,100
38391595091912,10:39:51.595,16.0900,100
38391595191338,10:39:51.595,16.0900,100
38425980088254,10:40:25.980,16.1300,100
38425980101762,10:40:25.980,16.1300,100
38425980101762,10:40:25.980,16.1300,100
38425981238940,10:40:25.981,16.1300,100
38425981395333,10:40:25.981,16.1300,100
38580620889789,10:43:00.620,16.1300,21
38813134330779,10:46:53.134,16.2300,79
38889182212304,10:48:09.182,16.2200,20
38889182249769,10:48:09.182,16.2200,80
38889182249769,10:48:09.182,16.2200,52
38889182262033,10:48:09.182,16.2200,48
38967354409234,10:49:27.354,16.2200,100
38967354446134,10:49:27.354,16.2200,100
38967355610115,10:49:27.355,16.2200,100
39187793941879,10:53:07.793,16.1800,21
39341619942184,10:55:41.619,16.2100,100
39348251337073,10:55:48.251,16.2100,100
39453708542931,10:57:33.708,16.1800,79
39453708804707,10:57:33.708,16.1700,24
39453708812212,10:57:33.708,16.1700,66
39453708816316,10:57:33.708,16.1700,4
39453708822484,10:57:33.708,16.1700,6
39453708897688,10:57:33.708,16.1700,10
39500845441766,10:58:20.845,16.1300,21
39500845468500,10:58:20.845,16.1300,79
39633159342300,11:00:33.159,16.1200,100
39633159577028,11:00:33.159,16.1000,100
39663575961791,11:01:03.575,16.1300,100
39663575999258,11:01:03.575,16.1400,12
39663576026877,11:01:03.576,16.1400,48
39663576037537,11:01:03.576,16.1400,62
39663576038814,11:01:03.576,16.1400,59
39663576060547,11:01:03.576,16.1400,19
39663576060547,11:01:03.576,16.1400,41
39663576073774,11:01:03.576,16.1400,59
39663576986799,11:01:03.576,16.1300,24
39672900170439,11:01:12.900,16.1300,76
39672900170439,11:01:12.900,16.1400,24
39786234055493,11:03:06.234,16.1100,20
39808522920802,11:03:28.522,16.0900,100
39808522946235,11:03:28.522,16.0900,3
39996700638002,11:06:36.700,16.0600,6
39996700871485,11:06:36.700,16.0600,6
40083003192255,11:08:03.003,16.0600,21
40162700056215,11:09:22.700,16.0600,16
40385248683585,11:13:05.248,16.0600,63
40385248683585,11:13:05.248,16.0600,37
40385248723215,11:13:05.248,16.0600,63
40385248723215,11:13:05.248,16.0600,100
40385316448859,11:13:05.316,16.0500,5
40385316572873,11:13:05.316,16.0500,100
40392169835858,11:13:12.169,16.0500,20
40403203322106,11:13:23.203,16.0400,40
40403203504236,11:13:23.203,16.0400,60
40568030788503,11:16:08.030,16.0400,100
40568030788503,11:16:08.030,16.0400,60
40568030841848,11:16:08.030,16.0400,40
40568586930816,11:16:08.586,16.0400,100
40672760259290,11:17:52.760,16.0300,21
40713700014207,11:18:33.700,16.0300,79
40713700014207,11:18:33.700,16.0300,21
40777081701268,11:19:37.081,16.0300,79
40875872675994,11:21:15.872,16.0100,100
40875872701086,11:21:15.872,16.0100,100
40891231094019,11:21:31.231,16.0000,4
40891231094019,11:21:31.231,16.0000,100
40891232137383,11:21:31.232,15.9900,1
40898127792717,11:21:38.127,15.9600,100
40942648382619,11:22:22.648,15.9600,100
40957592741688,11:22:37.592,15.9700,100
40957592741688,11:22:37.592,15.9700,100
41003035463328,11:23:23.035,15.9400,100
41003035463328,11:23:23.035,15.9400,100
41003035463328,11:23:23.035,15.9400,100
41006357326488,11:23:26.357,15.9400,100
41006382968965,11:23:26.382,15.9600,20
41006383817785,11:23:26.383,15.9600,100
41007064341673,11:23:27.064,15.9600,100
41015870803344,11:23:35.870,15.9600,100
41015870803344,11:23:35.870,15.9600,200
41069740396832,11:24:29.740,15.9600,100
41269993504818,11:27:49.993,16.0000,9
41529839962678,11:32:09.839,16.0000,91
41529839962678,11:32:09.839,16.0000,9
41529839988539,11:32:09.839,16.0000,91
41529841096116,11:32:09.841,15.9800,100
41529871655902,11:32:09.871,16.0000,100
41529871655902,11:32:09.871,16.0000,100
41539061925457,11:32:19.061,16.0100,100
41589313323475,11:33:09.313,16.0000,2
41589313323475,11:33:09.313,16.0000,19
41902287356898,11:38:22.287,16.0000,20
42120191138991,11:42:00.191,16.0300,11
42120191177890,11:42:00.191,16.0400,100
42120232799117,11:42:00.232,16.0400,11
42121292467442,11:42:01.292,16.0300,9
42219268200725,11:43:39.268,16.0100,10
42219268200725,11:43:39.268,16.0100,10
42505201601453,11:48:25.201,16.0300,100
42505201691310,11:48:25.201,16.0300,100
42505213671174,11:48:25.213,16.0300,100
42689336838053,11:51:29.336,16.0400,4
42689337735919,11:51:29.337,16.0400,5
42699166972537,11:51:39.166,16.0100,100
42699167102242,11:51:39.167,16.0100,100
42699167102242,11:51:39.167,16.0100,100
42699167201590,11:51:39.167,16.0100,100
42699173115283,11:51:39.173,16.0100,5
42699327360952,11:51:39.327,16.0200,100
42732892028759,11:52:12.892,16.0100,5
42795781741613,11:53:15.781,16.0100,21
42927736780210,11:55:27.736,16.0100,19
42988546207470,11:56:28.546,16.0400,100
42988546207470,11:56:28.546,16.0400,100
42988546207470,11:56:28.546,16.0400,100
42988546207470,11:56:28.546,16.0400,100
42988546537940,11:56:28.546,16.0300,100
42988554202187,11:56:28.554,16.0400,24
42988554212711,11:56:28.554,16.0400,6
43110559931402,11:58:30.559,16.0200,20
43126628464781,11:58:46.628,16.0600,7
43376196630495,12:02:56.196,16.0600,100
43376196630495,12:02:56.196,16.0600,100
43376196630495,12:02:56.196,16.0700,74
43394141250767,12:03:14.141,16.0700,30
43394245626500,12:03:14.245,16.0600,100
43446679953447,12:04:06.679,16.0600,200
43446679990898,12:04:06.679,16.0600,3
43446679990898,12:04:06.679,16.0600,81
43446680007632,12:04:06.680,16.0600,19
43453291624746,12:04:13.291,16.0500,14
43495284821586,12:04:55.284,16.0400,57
43536981871566,12:05:36.981,16.0600,100
43690471066692,12:08:10.471,16.0500,20
43989256805206,12:13:09.256,16.0300,21
44279290084598,12:17:59.290,16.0400,5
44305367374762,12:18:25.367,16.0800,100
44305367374762,12:18:25.367,16.0800,21
44305368353084,12:18:25.368,16.0700,200
44305368395843,12:18:25.368,16.0800,100
44305368422713,12:18:25.368,16.0800,100
44305368869290,12:18:25.368,16.0800,100
44305368869290,12:18:25.368,16.0800,100
44306569447382,12:18:26.569,16.0900,100
44306569447382,12:18:26.569,16.0900,100
44306569571701,12:18:26.569,16.1000,4
44378637273366,12:19:38.637,16.1000,100
44378637297565,12:19:38.637,16.1000,100
44378638064802,12:19:38.638,16.1100,100
44378638093632,12:19:38.638,16.1200,100
44378638093632,12:19:38.638,16.1200,10
44378638094471,12:19:38.638,16.1200,32
44378638481479,12:19:38.638,16.1100,100
44378638629243,12:19:38.638,16.1200,58
44426199821953,12:20:26.199,16.1300,100
44426671562800,12:20:26.671,16.1300,79
44537566814610,12:22:17.566,16.1200,93
44537566823327,12:22:17.566,16.1200,7
44605306594145,12:23:25.306,16.1100,20
44605306633892,12:23:25.306,16.1100,80
44886489495069,12:28:06.489,16.0700,21
44977671622267,12:29:37.671,16.1100,100
44977671622267,12:29:37.671,16.1100,100
45178013540751,12:32:58.013,16.0700,20
45178013575445,12:32:58.013,16.0700,59
45178013575445,12:32:58.013,16.0700,100
45178013575445,12:32:58.013,16.0700,100
45178013575445,12:32:58.013,16.0700,8
45264214080121,12:34:24.214,16.0700,100
45310735416012,12:35:10.735,16.0600,100
45453186199394,12:37:33.186,16.0400,2
45453186199394,12:37:33.186,16.0400,98
45475257188904,12:37:55.257,16.0400,2
45475257188904,12:37:55.257,16.0400,5
45475257358405,12:37:55.257,16.0400,95
45548328543560,12:39:08.328,16.0400,100
45710911348327,12:41:50.911,16.0300,40
45710911376970,12:41:50.911,16.0300,60
45791118381289,12:43:11.118,16.0100,100
45791121239130,12:43:11.121,16.0300,6
45810007133167,12:43:30.007,16.0100,6
45810007133167,12:43:30.007,16.0100,14
45883005952915,12:44:43.005,16.0100,86
45923300195545,12:45:23.300,16.0100,10
45939293895155,12:45:39.293,16.0000,100
46022245177071,12:47:02.245,16.0000,100
46030585145027,12:47:10.585,16.0000,5
46083262475997,12:48:03.262,16.0000,21
46249425446280,12:50:49.425,16.0000,74
46249425446280,12:50:49.425,16.0000,6
46249425446280,12:50:49.425,16.0000,20
46272147147865,12:51:12.147,16.0000,80
46272148341530,12:51:12.148,15.9900,6
46272148341530,12:51:12.148,15.9900,100
46272222400612,12:51:12.222,15.9800,40
46272222400612,12:51:12.222,15.9800,10
46282819814877,12:51:22.819,15.9800,100
46283121786119,12:51:23.121,15.9700,100
46399781157890,12:53:19.781,15.9900,21
46486268301457,12:54:46.268,15.9700,79
46544350621176,12:55:44.350,15.9600,100
46592303327920,12:56:32.303,15.9600,100
46667130840520,12:57:47.130,15.9500,100
46690026643845,12:58:10.026,15.9800,100
46691790826542,12:58:11.790,15.9600,20
46862871056844,13:01:02.871,15.9500,5
46862871227995,13:01:02.871,15.9500,95
46862871227995,13:01:02.871,15.9500,100
46911345114514,13:01:51.345,15.9400,3
46963493455376,13:02:43.493,15.9600,100
46963493530798,13:02:43.493,15.9700,36
47108303989682,13:05:08.303,15.9400,100
47108305963928,13:05:08.305,15.9400,70
47108306027581,13:05:08.306,15.9400,30
47119950960494,13:05:19.950,15.9700,100
47119950960494,13:05:19.950,15.9700,4
47120127769396,13:05:20.127,15.9600,100
47122511464249,13:05:22.511,15.9600,100
47168339070079,13:06:08.339,15.9700,7
47225606880195,13:07:05.606,15.9400,10
47248765878195,13:07:28.765,15.9300,5
47372741542523,13:09:32.741,15.9400,10
47403768229052,13:10:03.768,15.9300,20
47589346812839,13:13:09.346,15.9300,21
47846207666229,13:17:26.207,15.9400,100
47846207783855,13:17:26.207,15.9500,100
47848527142882,13:17:28.527,15.9400,100
47850029713295,13:17:30.029,15.9500,100
47992822918331,13:19:52.822,15.9300,5
48068151949721,13:21:08.151,15.9600,100
48068151949721,13:21:08.151,15.9600,100
48070025413731,13:21:10.025,15.9600,100
48070025413731,13:21:10.025,15.9600,100
48070025481529,13:21:10.025,15.9600,96
48070026059598,13:21:10.026,15.9600,4
48084772030524,13:21:24.772,15.9600,30
48126588898815,13:22:06.588,15.9700,100
48126588898815,13:22:06.588,15.9700,100
48126588898815,13:22:06.588,15.9700,100
48126634095670,13:22:06.634,15.9800,8
48182322178374,13:23:02.322,15.9600,21
48182322214567,13:23:02.322,15.9600,27
48182322408233,13:23:02.322,15.9600,52
48182322408233,13:23:02.322,15.9600,100
48182322408233,13:23:02.322,15.9600,10
48182322408233,13:23:02.322,15.9600,6
48182322721986,13:23:02.322,15.9500,27
48182322869255,13:23:02.322,15.9600,200
48182323174312,13:23:02.323,15.9500,73
48182323197035,13:23:02.323,15.9600,100
48182323198257,13:23:02.323,15.9600,100
48182323961969,13:23:02.323,15.9500,16
48182405730882,13:23:02.405,15.9600,100
48183228527278,13:23:03.228,15.9700,200
48189386908347,13:23:09.386,15.9700,100
48189388745791,13:23:09.388,15.9800,100
48189783044825,13:23:09.783,15.9800,13
48189783089608,13:23:09.783,15.9800,40
48189783092064,13:23:09.783,15.9800,47
48193679458712,13:23:13.679,15.9700,100
48193679458712,13:23:13.679,15.9700,100
48193679458712,13:23:13.679,15.9700,100
48193679458712,13:23:13.679,15.9700,100
48214889788892,13:23:34.889,15.9700,100
48228763676720,13:23:48.763,15.9600,700
48228780599856,13:23:48.780,15.9600,1700
48230190308860,13:23:50.190,15.9800,100
48287707151965,13:24:47.707,15.9700,29
48293673798222,13:24:53.673,15.9700,100
48300299540426,13:25:00.299,15.9800,13
48313004060300,13:25:13.004,15.9800,100
48368436672879,13:26:08.436,15.9800,400
48371446937195,13:26:11.446,15.9800,90
48382272692516,13:26:22.272,15.9500,100
48383503292063,13:26:23.503,15.9800,49
48385029570845,13:26:25.029,15.9800,51
48385029570845,13:26:25.029,15.9800,49
48402422161285,13:26:42.422,15.9800,51
48402422161285,13:26:42.422,15.9900,49
48402422257235,13:26:42.422,15.9900,14
48402422286379,13:26:42.422,15.9900,37
48402422286379,13:26:42.422,15.9900,100
48411907124437,13:26:51.907,16.0000,300
48411907124437,13:26:51.907,16.0000,100
48411907124437,13:26:51.907,16.0000,200
48411907511325,13:26:51.907,16.0000,100
48413233742577,13:26:53.233,16.0100,100
48449498301596,13:27:29.498,16.0100,100
48449498301596,13:27:29.498,16.0100,100
48449498564829,13:27:29.498,16.0000,100
48450408095070,13:27:30.408,16.0000,100
48450408595131,13:27:30.408,16.0100,100
48450408624165,13:27:30.408,16.0100,100
48530392352584,13:28:50.392,15.9900,80
48530392506716,13:28:50.392,15.9900,20
48614619892676,13:30:14.619,16.0200,100
48614619916713,13:30:14.619,16.0200,25
48619169463112,13:30:19.169,16.0300,60
48640949569750,13:30:40.949,16.0000,100
48667042462138,13:31:07.042,16.0100,10
48684961619136,13:31:24.961,16.0000,100
48762114859525,13:32:42.114,15.9900,100
48762114859525,13:32:42.114,15.9900,100
48802316426843,13:33:22.316,15.9900,21
48857039709943,13:34:17.039,15.9900,79
48857039709943,13:34:17.039,15.9900,21
48882830569494,13:34:42.830,15.9900,79
48882830569494,13:34:42.830,15.9900,21
48882881881355,13:34:42.881,15.9900,6
48901291026641,13:35:01.291,16.0000,200
48905491487402,13:35:05.491,16.0150,40
49000220122950,13:36:40.220,15.9800,79
49000825285989,13:36:40.825,16.0000,100
49016119744270,13:36:56.119,16.0000,500
49059100629026,13:37:39.100,15.9800,100
49090049577081,13:38:10.049,15.9800,21
49123081512789,13:38:43.081,15.9800,100
49123082711749,13:38:43.082,15.9800,79
49123082888678,13:38:43.082,15.9800,121
49123082888678,13:38:43.082,15.9800,79
49123129746545,13:38:43.129,15.9900,100
49179391400987,13:39:39.391,16.0200,100
49179391400987,13:39:39.391,16.0200,100
49180438901550,13:39:40.438,16.0300,4
49180439824276,13:39:40.439,16.0300,4
49195788361932,13:39:55.788,16.0200,100
49210020882908,13:40:10.020,16.0200,100
49210021033763,13:40:10.021,16.0300,92
49210021033763,13:40:10.021,16.0300,100
49210021033763,13:40:10.021,16.0300,100
49210021963845,13:40:10.021,16.0350,100
49210021963845,13:40:10.021,16.0350,6
49210022007823,13:40:10.022,16.0350,1
49210022034565,13:40:10.022,16.0400,6
49210022346686,13:40:10.022,16.0400,4
49210022346686,13:40:10.022,16.0400,2
49210022781283,13:40:10.022,16.0450,87
49210022781283,13:40:10.022,16.0500,13
49304056882664,13:41:44.056,16.0100,100
49304056882664,13:41:44.056,16.0100,100
49304056942640,13:41:44.056,16.0100,100
49304056942640,13:41:44.056,16.0100,100
49399451409830,13:43:19.451,16.0100,20
49513479514073,13:45:13.479,16.0100,59
49513479514073,13:45:13.479,16.0100,41
49513481961744,13:45:13.481,16.0100,80
49513930235683,13:45:13.930,16.0200,100
49659245625057,13:47:39.245,16.0000,100
49694756718144,13:48:14.756,16.0400,100
49694756718144,13:48:14.756,16.0400,100
49694756718144,13:48:14.756,16.0400,100
49790540266277,13:49:50.540,16.0100,6
49897253804880,13:51:37.253,16.0400,100
49897255825415,13:51:37.255,16.0300,100
50025236281604,13:53:45.236,16.0600,100
50025236281604,13:53:45.236,16.0600,2
50113476701168,13:55:13.476,16.0700,7
50113476701168,13:55:13.476,16.0700,100
50172717560061,13:56:12.717,16.0600,4
50214452701538,13:56:54.452,16.0900,100
50214453421275,13:56:54.453,16.0900,44
50214453435707,13:56:54.453,16.0900,15
50214453455859,13:56:54.453,16.0900,141
50273452750591,13:57:53.452,16.1000,100
50299241653292,13:58:19.241,16.0700,20
50300313107342,13:58:20.313,16.0700,21
50363917242563,13:59:23.917,16.0700,59
50363917242563,13:59:23.917,16.0700,41
50409063191607,14:00:09.063,16.1100,78
50409063211347,14:00:09.063,16.1100,22
50415798340435,14:00:15.798,16.1200,76
50415798340435,14:00:15.798,16.1200,324
50415798380527,14:00:15.798,16.1200,15
50415798382300,14:00:15.798,16.1200,37
50415798396699,14:00:15.798,16.1200,24
50415798528864,14:00:15.798,16.1300,16
50415800977244,14:00:15.800,16.1300,84
50417079728095,14:00:17.079,16.1450,100
50417115778981,14:00:17.115,16.1400,100
50465532006038,14:01:05.532,16.1600,100
50467462225368,14:01:07.462,16.2200,100
50520798135083,14:02:00.798,16.1900,59
50520798135083,14:02:00.798,16.1900,100
50520800339094,14:02:00.800,16.1800,100
50520800638759,14:02:00.800,16.1700,100
50520801142820,14:02:00.801,16.1600,22
50520801142820,14:02:00.801,16.1600,78
50520801179712,14:02:00.801,16.1600,22
50520801180331,14:02:00.801,16.1600,22
50520801238814,14:02:00.801,16.1600,41
50520801241241,14:02:00.801,16.1600,37
50599646006765,14:03:19.646,16.1800,20
50640438265581,14:04:00.438,16.2000,100
50640438302908,14:04:00.438,16.2000,52
50640438304178,14:04:00.438,16.2000,48
50640438530495,14:04:00.438,16.2200,40
50640439546800,14:04:00.439,16.2100,70
50640439546800,14:04:00.439,16.2000,30
50686807121127,14:04:46.807,16.2400,100
50688505040765,14:04:48.505,16.2600,3
50688505917919,14:04:48.505,16.2600,2
50690463064489,14:04:50.463,16.2600,17
50690463075032,14:04:50.463,16.2600,74
50690463077832,14:04:50.463,16.2600,4
50690463077832,14:04:50.463,16.2600,74
50690463079717,14:04:50.463,16.2600,26
50740588900039,14:05:40.588,16.2500,100
50831267020991,14:07:11.267,16.3200,10
50876472019130,14:07:56.472,16.2800,21
51030922011589,14:10:30.922,16.2800,79
51030922011589,14:10:30.922,16.2800,13
51030922011589,14:10:30.922,16.2800,100
51030922011589,14:10:30.922,16.2800,100
51030922011589,14:10:30.922,16.2800,100
51030922011589,14:10:30.922,16.2800,100
51045703870463,14:10:45.703,16.3000,29
51045703870463,14:10:45.703,16.3000,100
51075311826720,14:11:15.311,16.3000,100
51091859681568,14:11:31.859,16.3300,100
51125157897623,14:12:05.157,16.3600,10
51153689987346,14:12:33.689,16.3900,100
51203193486486,14:13:23.193,16.3800,100
51232512087982,14:13:52.512,16.4300,5
51275810066952,14:14:35.810,16.4300,100
51275810287222,14:14:35.810,16.4300,100
51276623282898,14:14:36.623,16.4300,100
51276623362158,14:14:36.623,16.4200,100
51300341774737,14:15:00.341,16.4400,100
51300341774737,14:15:00.341,16.4400,200
51300341823322,14:15:00.341,16.4300,35
51300342075555,14:15:00.342,16.4300,23
51300342220222,14:15:00.342,16.4300,19
51300342224923,14:15:00.342,16.4300,23
51300342224923,14:15:00.342,16.4300,17
51300342229010,14:15:00.342,16.4300,15
51300342232897,14:15:00.342,16.4300,41
51300342238084,14:15:00.342,16.4300,27
51300400351387,14:15:00.400,16.4100,100
51300400489244,14:15:00.400,16.4100,100
51316886803629,14:15:16.886,16.4200,100
51316886997206,14:15:16.886,16.4200,29
51366993270114,14:16:06.993,16.4400,100
51378035774456,14:16:18.035,16.4600,100
51382012399872,14:16:22.012,16.4700,80
51382012436358,14:16:22.012,16.4700,20
51382012529495,14:16:22.012,16.4700,71
51382012529495,14:16:22.012,16.4700,100
51418716804883,14:16:58.716,16.4600,20
51429491160058,14:17:09.491,16.4800,100
51454789485350,14:17:34.789,16.4500,100
51454790148753,14:17:34.790,16.4400,5
51496638775636,14:18:16.638,16.4200,20
51528280619269,14:18:48.280,16.4200,50
51571579111958,14:19:31.579,16.4500,100
51583929516530,14:19:43.929,16.4600,100
51676687706380,14:21:16.687,16.4900,100
51676687746167,14:21:16.687,16.4900,100
51714519765110,14:21:54.519,16.5000,63
51714519767368,14:21:54.519,16.5000,92
51714519768818,14:21:54.519,16.5000,45
51714519768818,14:21:54.519,16.5000,95
51714519772060,14:21:54.519,16.5000,5
51714519772060,14:21:54.519,16.5000,35
51714519775758,14:21:54.519,16.5000,65
51714596768218,14:21:54.596,16.4900,100
51714596768218,14:21:54.596,16.4900,100
51716493785363,14:21:56.493,16.5100,100
51759113877712,14:22:39.113,16.5150,24
51759113888319,14:22:39.113,16.5150,76
51759113894694,14:22:39.113,16.5300,16
51761458410913,14:22:41.458,16.5300,84
51761458410913,14:22:41.458,16.5300,16
51765761003697,14:22:45.761,16.5300,58
51765761019099,14:22:45.761,16.5300,26
51940212475562,14:25:40.212,16.5400,100
51940212580852,14:25:40.212,16.5400,10
51940214742467,14:25:40.214,16.5300,11
51940214767349,14:25:40.214,16.5300,89
51950187082393,14:25:50.187,16.5400,18
51964003726361,14:26:04.003,16.5300,50
51974505337687,14:26:14.505,16.5300,100
51976735465584,14:26:16.735,16.5200,100
51976735465584,14:26:16.735,16.5200,200
51976735543008,14:26:16.735,16.5100,100
51976735543008,14:26:16.735,16.5100,69
51976735544445,14:26:16.735,16.5100,31
51976735776606,14:26:16.735,16.5000,60
51976735779089,14:26:16.735,16.5000,40
51976735787299,14:26:16.735,16.5000,100
51976736137232,14:26:16.736,16.5000,100
51976736440284,14:26:16.736,16.5000,18
51976809287155,14:26:16.809,16.5100,100
51993590802035,14:26:33.590,16.5200,100
52068391072416,14:27:48.391,16.4900,5
52112079186867,14:28:32.079,16.4900,20
52178290814354,14:29:38.290,16.4900,100
52199985483364,14:29:59.985,16.4900,100
52199985483364,14:29:59.985,16.4900,6
52199985483364,14:29:59.985,16.4900,100
52199986003395,14:29:59.986,16.4800,100
52199986003395,14:29:59.986,16.4800,22
52199986007638,14:29:59.986,16.4800,43
52199986009102,14:29:59.986,16.4800,35
52199986009102,14:29:59.986,16.4800,83
52199986012096,14:29:59.986,16.4800,17
52199987501122,14:29:59.987,16.4700,66
52199987532932,14:29:59.987,16.4700,15
52199987535362,14:29:59.987,16.4700,19
52200203710237,14:30:00.203,16.4800,100
52200203710237,14:30:00.203,16.4800,89
52200203710237,14:30:00.203,16.4800,7
52205937853623,14:30:05.937,16.4700,100
52205937853623,14:30:05.937,16.4700,100
52205937853623,14:30:05.937,16.4700,100
52205941129259,14:30:05.941,16.4700,15
52262379904779,14:31:02.379,16.4700,85
52262379997291,14:31:02.379,16.4600,100
52262380027693,14:31:02.380,16.4600,100
52262985089567,14:31:02.985,16.4500,100
52262985123563,14:31:02.985,16.4500,33
52262985125287,14:31:02.985,16.4500,33
52262985137035,14:31:02.985,16.4500,33
52262985139834,14:31:02.985,16.4500,1
52316579029288,14:31:56.579,16.4000,10
52316579055679,14:31:56.579,16.4000,90
52384624200373,14:33:04.624,16.3700,21
52384624235197,14:33:04.624,16.3700,79
52384624235197,14:33:04.624,16.3700,100
52384624235197,14:33:04.624,16.3700,10
52501709034519,14:35:01.709,16.3600,100
52501709597258,14:35:01.709,16.3500,100
52501709597258,14:35:01.709,16.3500,100
52501709622744,14:35:01.709,16.3500,100
52501709670943,14:35:01.709,16.3400,100
52503105693722,14:35:03.105,16.3300,100
52503105974252,14:35:03.105,16.3400,11
52503106903733,14:35:03.106,16.3300,100
52503109112878,14:35:03.109,16.3300,20
52520892764461,14:35:20.892,16.3500,3
52559317125864,14:35:59.317,16.3300,100
52565548344559,14:36:05.548,16.3200,100
52565551726082,14:36:05.551,16.3100,100
52594455925248,14:36:34.455,16.2900,5
52617171979719,14:36:57.171,16.2900,42
52708896489966,14:38:28.896,16.3300,100
52770336507056,14:39:30.336,16.3100,32
52770336532701,14:39:30.336,16.3100,40
52770336533217,14:39:30.336,16.3100,28
52770336533217,14:39:30.336,16.3100,38
52770336535454,14:39:30.336,16.3100,56
52770336562692,14:39:30.336,16.3100,6
52859756671455,14:40:59.756,16.3100,100
52859756671455,14:40:59.756,16.3100,100
52891591963354,14:41:31.591,16.3000,100
52891630707804,14:41:31.630,16.3000,82
52891630807414,14:41:31.630,16.3000,18
52891630807414,14:41:31.630,16.2800,100
52891630807414,14:41:31.630,16.2800,82
52891630807414,14:41:31.630,16.2800,100
52891630807414,14:41:31.630,16.2800,100
52891630807414,14:41:31.630,16.2800,100
53002250798479,14:43:22.250,16.2900,21
53002250827526,14:43:22.250,16.2900,79
53005196672676,14:43:25.196,16.2800,100
53005196672676,14:43:25.196,16.2800,100
53006892810881,14:43:26.892,16.2700,100
53006892835288,14:43:26.892,16.2700,100
53006892835288,14:43:26.892,16.2700,100
53028606450190,14:43:48.606,16.2800,100
53028606450190,14:43:48.606,16.2800,24
53028606451729,14:43:48.606,16.2800,76
53028650998138,14:43:48.650,16.2900,100
53028650998138,14:43:48.650,16.2900,100
53028651035333,14:43:48.651,16.2900,100
53028651038332,14:43:48.651,16.2900,79
53028651039811,14:43:48.651,16.2900,21
53028651039811,14:43:48.651,16.2900,79
53028651052365,14:43:48.651,16.2900,21
53099374406668,14:44:59.374,16.3500,100
53160671291609,14:46:00.671,16.3500,100
53160671291609,14:46:00.671,16.3500,100
53160672743746,14:46:00.672,16.3400,100
53160672905187,14:46:00.672,16.3400,64
53160672928904,14:46:00.672,16.3400,36
53167557424716,14:46:07.557,16.3500,100
53177525535269,14:46:17.525,16.3500,100
53189258774698,14:46:29.258,16.3600,100
53189978858048,14:46:29.978,16.3700,100
53189978858048,14:46:29.978,16.3700,100
53189979603603,14:46:29.979,16.3800,5
53230033098964,14:47:10.033,16.4100,100
53230033098964,14:47:10.033,16.4100,100
53294975849423,14:48:14.975,16.3900,100
53294976643093,14:48:14.976,16.3800,100
53294976668856,14:48:14.976,16.3800,100
53294976668856,14:48:14.976,16.3800,100
53294976703477,14:48:14.976,16.3700,100
53294976761934,14:48:14.976,16.3600,100
53297449318393,14:48:17.449,16.3700,100
53297452772494,14:48:17.452,16.3700,100
53297452772494,14:48:17.452,16.3700,5
53297452772494,14:48:17.452,16.3700,87
53300689231380,14:48:20.689,16.3600,21
53306135337972,14:48:26.135,16.4000,100
53306136429018,14:48:26.136,16.3900,100
53337522396904,14:48:57.522,16.3900,100
53337522458033,14:48:57.522,16.3900,100
53337522458033,14:48:57.522,16.3900,100
53489247835802,14:51:29.247,16.4000,33
53489247890827,14:51:29.247,16.4000,67
53489247890827,14:51:29.247,16.4000,6
53500032284006,14:51:40.032,16.4000,100
53542005640757,14:52:22.005,16.4400,100
53542541866584,14:52:22.541,16.4500,100
53567289940594,14:52:47.289,16.4600,100
53567289966906,14:52:47.289,16.4600,100
53567507679962,14:52:47.507,16.4400,100
53567507679962,14:52:47.507,16.4400,100
53567507679962,14:52:47.507,16.4400,100
53567507679962,14:52:47.507,16.4400,100
53567517968919,14:52:47.517,16.4300,100
53586835763495,14:53:06.835,16.4500,100
53595016589292,14:53:15.016,16.4500,20
53757818908882,14:55:57.818,16.4600,100
53757818908882,14:55:57.818,16.4600,100
53757818908882,14:55:57.818,16.4600,100
53757823037322,14:55:57.823,16.4500,100
53757823065198,14:55:57.823,16.4500,100
53757823065198,14:55:57.823,16.4500,100
53757838768117,14:55:57.838,16.4300,100
53771279866270,14:56:11.279,16.4000,100
53771279866270,14:56:11.279,16.4000,100
53771303466107,14:56:11.303,16.3900,100
53771314772508,14:56:11.314,16.3700,100
53771325161588,14:56:11.325,16.3800,100
53771365540564,14:56:11.365,16.3800,100
53771372138577,14:56:11.372,16.3700,200
53771372138577,14:56:11.372,16.3700,100
53772630199432,14:56:12.630,16.3700,100
53772630199432,14:56:12.630,16.3700,100
53775484085975,14:56:15.484,16.3600,100
53775484085975,14:56:15.484,16.3600,75
53775484128046,14:56:15.484,16.3600,25
53786922851222,14:56:26.922,16.3400,100
53786922851222,14:56:26.922,16.3400,100
53786922851222,14:56:26.922,16.3400,100
53786922851222,14:56:26.922,16.3400,100
53786922851222,14:56:26.922,16.3400,100
53786922851222,14:56:26.922,16.3400,100
53786922851222,14:56:26.922,16.3400,300
53786924218384,14:56:26.924,16.3400,100
53786924218384,14:56:26.924,16.3400,100
53795950593172,14:56:35.950,16.3700,100
53807186989184,14:56:47.186,16.3800,100
53807188692654,14:56:47.188,16.3800,95
53807436223819,14:56:47.436,16.3800,100
53808204224638,14:56:48.204,16.3850,5
53890083235538,14:58:10.083,16.3800,21
53956049743238,14:59:16.049,16.4000,100
53956084670594,14:59:16.084,16.4100,100
53957460763455,14:59:17.460,16.4000,100
53957460763455,14:59:17.460,16.4000,100
53957460763455,14:59:17.460,16.4000,100
53974868070155,14:59:34.868,16.4200,19
54025177034705,15:00:25.177,16.3800,100
54025179909713,15:00:25.179,16.3900,8
54062763412424,15:01:02.763,16.3800,8
54083641050358,15:01:23.641,16.3700,100
54083641050358,15:01:23.641,16.3700,100
54083641155462,15:01:23.641,16.3600,100
54084141456027,15:01:24.141,16.3500,100
54189401840277,15:03:09.401,16.3200,20
54213666461321,15:03:33.666,16.3200,80
54226486834812,15:03:46.486,16.3100,100
54226486834812,15:03:46.486,16.3100,100
54226488074888,15:03:46.488,16.3000,100
54226528416630,15:03:46.528,16.3100,100
54249611540689,15:04:09.611,16.2900,15
54253367573116,15:04:13.367,16.3100,100
54253367573116,15:04:13.367,16.3100,100
54299479744345,15:04:59.479,16.2900,16
54403212691386,15:06:43.212,16.2900,16
54429951514903,15:07:09.951,16.2900,6
54486401040535,15:08:06.401,16.3100,100
54486401040535,15:08:06.401,16.3100,17
54486401040535,15:08:06.401,16.3100,100
54486401856006,15:08:06.401,16.3300,100
54486403482384,15:08:06.403,16.3200,100
54520265475890,15:08:40.265,16.3200,100
54520265475890,15:08:40.265,16.3200,100
54520265475890,15:08:40.265,16.3200,100
54520265502755,15:08:40.265,16.3200,100
54520265807353,15:08:40.265,16.3100,10
54576843371010,15:09:36.843,16.2900,3
54576843707765,15:09:36.843,16.2900,2
54634902710198,15:10:34.902,16.2900,100
54634902710198,15:10:34.902,16.2900,100
54634902710198,15:10:34.902,16.2900,43
54634902710198,15:10:34.902,16.2900,57
54634902782688,15:10:34.902,16.2900,100
54634902782688,15:10:34.902,16.2800,83
54634902790554,15:10:34.902,16.2800,17
54634902793098,15:10:34.902,16.2800,17
54634902809429,15:10:34.902,16.2800,17
54634902972454,15:10:34.902,16.2800,66
54634906073847,15:10:34.906,16.2900,16
54668759476319,15:11:08.759,16.2800,30
54668759476319,15:11:08.759,16.2800,4
54711850846317,15:11:51.850,16.2800,31
54711850873422,15:11:51.850,16.2800,65
54711850873422,15:11:51.850,16.2800,100
54711850873422,15:11:51.850,16.2800,100
54711850873422,15:11:51.850,16.2800,31
54711850873422,15:11:51.850,16.2800,43
54711851996067,15:11:51.851,16.2700,5
54711905409496,15:11:51.905,16.2700,100
54711907519972,15:11:51.907,16.2700,200
54722205999659,15:12:02.205,16.2600,15
54770900549458,15:12:50.900,16.2600,5
54775017620951,15:12:55.017,16.2800,100
54775017648323,15:12:55.017,16.2800,100
54775018170827,15:12:55.018,16.2800,100
54775018587000,15:12:55.018,16.2800,100
54806181777705,15:13:26.181,16.2600,20
54937405231124,15:15:37.405,16.2800,100
54937405231124,15:15:37.405,16.2800,19
54937406186301,15:15:37.406,16.2800,100
54947121065080,15:15:47.121,16.2900,100
54947124133323,15:15:47.124,16.2800,2
54947124414091,15:15:47.124,16.2900,2
54947124414091,15:15:47.124,16.2900,98
54947124443164,15:15:47.124,16.2900,2
54998227127114,15:16:38.227,16.2800,5
55080470868564,15:18:00.470,16.2800,21
55111777380555,15:18:31.777,16.2800,16
55123844206151,15:18:43.844,16.2900,100
55199932544019,15:19:59.932,16.2800,16
55199932618916,15:19:59.932,16.3000,100
55199932618916,15:19:59.932,16.3000,100
55199932618916,15:19:59.932,16.3000,100
55199932754991,15:19:59.932,16.3000,66
55199932779236,15:19:59.932,16.3000,34
55199934245622,15:19:59.934,16.3100,100
55199934245622,15:19:59.934,16.3100,100
55199934281750,15:19:59.934,16.3200,5
55199940470999,15:19:59.940,16.3200,100
55199943524690,15:19:59.943,16.3200,5
55201210962401,15:20:01.210,16.3200,100
55205759458851,15:20:05.759,16.3300,100
55205759485803,15:20:05.759,16.3300,92
55205759631067,15:20:05.759,16.3200,200
55205761442727,15:20:05.761,16.3400,164
55205761442727,15:20:05.761,16.3400,100
55205762092844,15:20:05.762,16.3400,100
55205762422403,15:20:05.762,16.3400,100
55222262238905,15:20:22.262,16.3300,100
55328821231122,15:22:08.821,16.3300,100
55328821231122,15:22:08.821,16.3300,87
55328821237705,15:22:08.821,16.3300,13
55328821238248,15:22:08.821,16.3300,13
55328821240129,15:22:08.821,16.3300,13
55328821344328,15:22:08.821,16.3300,58
55328821617853,15:22:08.821,16.3200,100
55328821617853,15:22:08.821,16.3200,100
55328821617853,15:22:08.821,16.3200,100
55328821617853,15:22:08.821,16.3200,100
55328836193772,15:22:08.836,16.3150,42
55349166298222,15:22:29.166,16.3200,100
55349166298222,15:22:29.166,16.3200,100
55383561358987,15:23:03.561,16.3100,84
55383561358987,15:23:03.561,16.3100,100
55383561358987,15:23:03.561,16.3100,100
55383561358987,15:23:03.561,16.3100,100
55383561908865,15:23:03.561,16.3000,27
55383561914413,15:23:03.561,16.3000,73
55383561914413,15:23:03.561,16.3000,1
55383561917503,15:23:03.561,16.3000,99
55383561917503,15:23:03.561,16.3000,74
55383561918261,15:23:03.561,16.3000,42
55385353823034,15:23:05.353,16.3100,200
55385353823034,15:23:05.353,16.3100,100
55385356903326,15:23:05.356,16.3100,100
55420164250143,15:23:40.164,16.2900,20
55458160223787,15:24:18.160,16.3000,29
55458160249051,15:24:18.160,16.3000,16
55458160265515,15:24:18.160,16.3000,55
55458160825796,15:24:18.160,16.3100,100
55673153083506,15:27:53.153,16.3200,10
55673154099167,15:27:53.154,16.3200,100
55673206399848,15:27:53.206,16.3100,80
55673206399848,15:27:53.206,16.3100,120
55673206516201,15:27:53.206,16.3100,200
55676999563949,15:27:56.999,16.3300,100
55676999589934,15:27:56.999,16.3300,1
55676999627916,15:27:56.999,16.3300,32
55676999800165,15:27:56.999,16.3300,10
55676999804018,15:27:56.999,16.3300,57
55676999804018,15:27:56.999,16.3300,30
55677700572444,15:27:57.700,16.3300,100
55679375055831,15:27:59.375,16.3400,100
55679375055831,15:27:59.375,16.3400,100
55687367350687,15:28:07.367,16.3400,24
55740762795145,15:29:00.762,16.3500,100
55740762795145,15:29:00.762,16.3500,100
55740762795145,15:29:00.762,16.3500,100
55740763773791,15:29:00.763,16.3600,100
55740763773791,15:29:00.763,16.3600,100
55740763773791,15:29:00.763,16.3600,100
55740763773791,15:29:00.763,16.3600,100
55789123344608,15:29:49.123,16.3500,113
55789123344608,15:29:49.123,16.3500,100
55789123544229,15:29:49.123,16.3500,91
55789123546933,15:29:49.123,16.3500,9
55789123603073,15:29:49.123,16.3400,10
55789123616100,15:29:49.123,16.3400,38
55789123812276,15:29:49.123,16.3500,100
55789123820376,15:29:49.123,16.3400,30
55789123826815,15:29:49.123,16.3400,74
55789123833101,15:29:49.123,16.3400,24
55789123833101,15:29:49.123,16.3400,24
55789123833101,15:29:49.123,16.3400,26
55789123836465,15:29:49.123,16.3400,74
55789124094033,15:29:49.124,16.3300,100
55789124094033,15:29:49.124,16.3300,5
55832934424731,15:30:32.934,16.3300,100
55832934424731,15:30:32.934,16.3300,14
55832934527678,15:30:32.934,16.3400,100
55905735328002,15:31:45.735,16.3200,2
55936791437156,15:32:16.791,16.3200,11
55962921010793,15:32:42.921,16.3400,100
55970609319423,15:32:50.609,16.3200,3
56027201370900,15:33:47.201,16.3200,5
56050654410542,15:34:10.654,16.3200,10
56050655956158,15:34:10.655,16.3200,9
56050656081546,15:34:10.656,16.3200,100
56080628403550,15:34:40.628,16.3400,100
56090673439717,15:34:50.673,16.3300,11
56100801027350,15:35:00.801,16.3500,100
56100801027350,15:35:00.801,16.3500,100
56100801027350,15:35:00.801,16.3500,100
56100801027350,15:35:00.801,16.3500,11
56162620345817,15:36:02.620,16.3700,100
56162620388912,15:36:02.620,16.3700,15
56193992011093,15:36:33.992,16.3900,100
56237003290869,15:37:17.003,16.3800,5
56306728359369,15:38:26.728,16.3800,10
56324524016969,15:38:44.524,16.3900,18
56324524016969,15:38:44.524,16.3900,82
56324524046092,15:38:44.524,16.3900,18
56324524046092,15:38:44.524,16.3900,12
56324524046092,15:38:44.524,16.3900,21
56324524389495,15:38:44.524,16.3900,79
56324524461487,15:38:44.524,16.4000,100
56324524461487,15:38:44.524,16.4000,10
56324602853648,15:38:44.602,16.3900,100
56361906270188,15:39:21.906,16.3900,100
56400598941953,15:40:00.598,16.3900,56
56400598941953,15:40:00.598,16.3900,29
56465668430859,15:41:05.668,16.3900,4
56465669137654,15:41:05.669,16.3900,3
56467524134219,15:41:07.524,16.3800,5
56518266568750,15:41:58.266,16.3800,5
56518266568750,15:41:58.266,16.3800,15
56559716808211,15:42:39.716,16.3900,39
56595340579976,15:43:15.340,16.3800,12
56631379323580,15:43:51.379,16.3800,13
56632103588480,15:43:52.103,16.3900,25
56632103588480,15:43:52.103,16.3900,100
56632103588480,15:43:52.103,16.3900,10
56632103588480,15:43:52.103,16.3900,10
56632103588480,15:43:52.103,16.3900,100
56632103588480,15:43:52.103,16.3900,100
56632103588480,15:43:52.103,16.3900,255
56632105342866,15:43:52.105,16.3900,8
56632105411164,15:43:52.105,16.3900,8
56632106015313,15:43:52.106,16.3900,4
56632106187962,15:43:52.106,16.3900,4
56632155142122,15:43:52.155,16.3900,100
56632155579686,15:43:52.155,16.3900,100
56632155615641,15:43:52.155,16.3900,100
56632155615641,15:43:52.155,16.3900,100
56632155615641,15:43:52.155,16.3900,100
56632155615641,15:43:52.155,16.3900,100
56633783237894,15:43:53.783,16.3800,60
56633783237894,15:43:53.783,16.3800,92
56633783273822,15:43:53.783,16.3800,8
56633783273822,15:43:53.783,16.3800,200
56633783273822,15:43:53.783,16.3800,200
56633783273822,15:43:53.783,16.3800,100
56633783275904,15:43:53.783,16.3800,100
56633783275904,15:43:53.783,16.3800,100
56633784579132,15:43:53.784,16.3700,6
56633784579132,15:43:53.784,16.3700,100
56633784579132,15:43:53.784,16.3700,80
56633784616099,15:43:53.784,16.3700,120
56633784811626,15:43:53.784,16.3700,100
56633784811626,15:43:53.784,16.3700,20
56633784812440,15:43:53.784,16.3700,80
56639119920805,15:43:59.119,16.3400,100
56639120703141,15:43:59.120,16.3400,100
56700293066343,15:45:00.293,16.3000,100
56700594288337,15:45:00.594,16.2800,50
56700594297225,15:45:00.594,16.2800,50
56700594300142,15:45:00.594,16.2800,20
56700594300662,15:45:00.594,16.2800,30
56700594394801,15:45:00.594,16.2800,20
56700594487067,15:45:00.594,16.2800,30
56701131268810,15:45:01.131,16.2800,49
56701132155181,15:45:01.132,16.2800,51
56701132155181,15:45:01.132,16.2800,100
56701132155181,15:45:01.132,16.2800,49
56701132191489,15:45:01.132,16.2800,100
56701132224380,15:45:01.132,16.2800,51
56701132280964,15:45:01.132,16.2900,100
56701132280964,15:45:01.132,16.2900,100
56701132333781,15:45:01.132,16.2900,100
56701841428242,15:45:01.841,16.2900,100
56701841428242,15:45:01.841,16.2900,100
56702221621590,15:45:02.221,16.2900,100
56703296141878,15:45:03.296,16.3000,100
56707318941570,15:45:07.318,16.3100,100
56772502580097,15:46:12.502,16.3000,10
56779029377490,15:46:19.029,16.3000,12
56808331518030,15:46:48.331,16.3000,88
56808331518030,15:46:48.331,16.3000,12
56826233190824,15:47:06.233,16.3000,10
56835169248549,15:47:15.169,16.3000,78
56835169248549,15:47:15.169,16.3000,22
56844455161927,15:47:24.455,16.3000,5
56877344404358,15:47:57.344,16.3000,12
56880034102042,15:48:00.034,16.3200,100
56880034102042,15:48:00.034,16.3200,15
56880034102042,15:48:00.034,16.3200,13
56880057979857,15:48:00.057,16.3300,20
56880059775808,15:48:00.059,16.3300,31
56880085738121,15:48:00.085,16.3200,100
57019483234073,15:50:19.483,16.3400,4
57026316373309,15:50:26.316,16.3300,13
57054471097740,15:50:54.471,16.3300,8
57074796422571,15:51:14.796,16.3300,11
57089955279835,15:51:29.955,16.3300,38
57099487333239,15:51:39.487,16.3400,100
57099487333239,15:51:39.487,16.3400,100
57099487333239,15:51:39.487,16.3400,100
57099487333239,15:51:39.487,16.3400,100
57099488139246,15:51:39.488,16.3500,15
57099488165312,15:51:39.488,16.3500,16
57099488177370,15:51:39.488,16.3500,50
57099489888372,15:51:39.489,16.3500,19
57099493600513,15:51:39.493,16.3500,10
57099493627299,15:51:39.493,16.3500,90
57100678914137,15:51:40.678,16.3500,12
57100679713515,15:51:40.679,16.3500,12
57116773826110,15:51:56.773,16.3400,100
57116773826110,15:51:56.773,16.3400,277
57116773826110,15:51:56.773,16.3400,100
57116773826110,15:51:56.773,16.3400,100
57116773826110,15:51:56.773,16.3400,100
57116774364455,15:51:56.774,16.3300,6
57116774364455,15:51:56.774,16.3300,20
57116774391573,15:51:56.774,16.3300,80
57116774391573,15:51:56.774,16.3300,100
57116774391573,15:51:56.774,16.3300,100
57116774502863,15:51:56.774,16.3200,26
57116799713983,15:51:56.799,16.3200,74
57116799713983,15:51:56.799,16.3200,100
57116799713983,15:51:56.799,16.3200,100
57116799713983,15:51:56.799,16.3200,100
57116800101522,15:51:56.800,16.3100,13
57116800101522,15:51:56.800,16.3100,100
57117677920755,15:51:57.677,16.3000,26
57117677945652,15:51:57.677,16.3000,74
57160394410844,15:52:40.394,16.2700,14
57160394436368,15:52:40.394,16.2700,86
57160394436368,15:52:40.394,16.2700,100
57160394499068,15:52:40.394,16.2600,26
57160394568217,15:52:40.394,16.2600,26
57160394594101,15:52:40.394,16.2600,148
57160395400862,15:52:40.395,16.2500,26
57160395428901,15:52:40.395,16.2500,74
57160399001166,15:52:40.399,16.2400,100
57160445530071,15:52:40.445,16.2400,45
57160445540374,15:52:40.445,16.2400,55
57160711464842,15:52:40.711,16.2500,100
57168428723445,15:52:48.428,16.2600,100
57168461810805,15:52:48.461,16.2600,18
57168462698032,15:52:48.462,16.2700,100
57168462884304,15:52:48.462,16.2700,100
57168462884304,15:52:48.462,16.2700,2
57168462886660,15:52:48.462,16.2700,86
57168462914491,15:52:48.462,16.2700,12
57168462942936,15:52:48.462,16.2700,12
57174454136381,15:52:54.454,16.2700,100
57180584996635,15:53:00.584,16.2600,100
57180585115303,15:53:00.585,16.2600,100
57180585115303,15:53:00.585,16.2600,100
57180585115303,15:53:00.585,16.2600,25
57180585199552,15:53:00.585,16.2600,75
57180586128610,15:53:00.586,16.2500,100
57180610342174,15:53:00.610,16.2300,100
57180610342174,15:53:00.610,16.2300,200
57180616689216,15:53:00.616,16.2400,100
57180617525177,15:53:00.617,16.2500,100
57180617892704,15:53:00.617,16.2500,50
57180617971746,15:53:00.617,16.2500,100
57180645821209,15:53:00.645,16.2500,100
57180645821209,15:53:00.645,16.2500,100
57180645821209,15:53:00.645,16.2500,100
57180685312512,15:53:00.685,16.2400,100
57190403657859,15:53:10.403,16.2300,100
57190403949590,15:53:10.403,16.2300,43
57190404070066,15:53:10.404,16.2300,25
57190404177261,15:53:10.404,16.2300,16
57190404195322,15:53:10.404,16.2300,49
57190404253420,15:53:10.404,16.2300,67
57190404263322,15:53:10.404,16.2300,25
57190404696896,15:53:10.404,16.2300,50
57190405140972,15:53:10.405,16.2300,100
57190437857738,15:53:10.437,16.2300,18
57234219387841,15:53:54.219,16.2200,7
57245268493762,15:54:05.268,16.2200,100
57245268493762,15:54:05.268,16.2200,100
57245268493762,15:54:05.268,16.2200,100
57245268954017,15:54:05.268,16.2100,100
57245269410385,15:54:05.269,16.2000,94
57245269421035,15:54:05.269,16.2000,6
57245319669499,15:54:05.319,16.1800,37
57245319679709,15:54:05.319,16.1800,58
57245319708949,15:54:05.319,16.1800,5
57256597622885,15:54:16.597,16.1700,13
57256998710998,15:54:16.998,16.1800,100
57258337699280,15:54:18.337,16.1800,99
57258337704415,15:54:18.337,16.1800,1
57258338874298,15:54:18.338,16.1900,100
57261228233857,15:54:21.228,16.1900,100
57263999317372,15:54:23.999,16.1700,100
57263999317372,15:54:23.999,16.1700,100
57263999354253,15:54:23.999,16.1700,100
57263999447431,15:54:23.999,16.1600,325
57263999447975,15:54:23.999,16.1600,142
57263999466287,15:54:23.999,16.1600,333
57263999466287,15:54:23.999,16.1600,100
57263999466287,15:54:23.999,16.1600,6
57264001056918,15:54:24.001,16.1300,425
57270719804147,15:54:30.719,16.1500,100
57270730802017,15:54:30.730,16.1500,10
57270730839636,15:54:30.730,16.1500,90
57270730839636,15:54:30.730,16.1600,110
57270730962059,15:54:30.730,16.1600,50
57270731048858,15:54:30.731,16.1600,200
57270731464932,15:54:30.731,16.1600,178
57296273526068,15:54:56.273,16.1500,100
57296284179912,15:54:56.284,16.1400,100
57296794474338,15:54:56.794,16.1400,100
57296794474338,15:54:56.794,16.1400,100
57299791533954,15:54:59.791,16.1600,100
57311825591806,15:55:11.825,16.1900,100
57311825591806,15:55:11.825,16.1900,100
57311859567119,15:55:11.859,16.2000,100
57311860456083,15:55:11.860,16.2050,100
57311860456083,15:55:11.860,16.2100,47
57312342530644,15:55:12.342,16.2100,53
57312357648925,15:55:12.357,16.2150,100
57312445287483,15:55:12.445,16.2100,100
57347332252085,15:55:47.332,16.2000,100
57377858742430,15:56:17.858,16.2000,5
57392415765086,15:56:32.415,16.2100,100
57409249057957,15:56:49.249,16.2100,18
57423663964266,15:57:03.663,16.2300,100
57423664439372,15:57:03.664,16.2300,48
57423664439372,15:57:03.664,16.2300,13
57423664439372,15:57:03.664,16.2300,6
57423664439372,15:57:03.664,16.2300,71
57423664471478,15:57:03.664,16.2300,29
57448663633050,15:57:28.663,16.2300,100
57448663722303,15:57:28.663,16.2300,100
57448664816504,15:57:28.664,16.2300,100
57484668127243,15:58:04.668,16.2350,100
57484668127243,15:58:04.668,16.2400,100
57484668127243,15:58:04.668,16.2400,100
57484668127243,15:58:04.668,16.2400,8
57484668127243,15:58:04.668,16.2400,600
57484668127243,15:58:04.668,16.2400,100
57484668127243,15:58:04.668,16.2400,1
57485332048102,15:58:05.332,16.2400,100
57514634598294,15:58:34.634,16.2450,2
57522374970049,15:58:42.374,16.2450,1
57529730765325,15:58:49.730,16.2450,2
57529731473441,15:58:49.731,16.2450,3
57531730455303,15:58:51.730,16.2500,5
57538730457045,15:58:58.730,16.2500,9
57541026607095,15:59:01.026,16.2450,97
57541026607095,15:59:01.026,16.2450,3
57551732901701,15:59:11.732,16.2500,186
57551732901701,15:59:11.732,16.2500,100
57551732901701,15:59:11.732,16.2500,5
57551732901701,15:59:11.732,16.2500,7
57551732901701,15:59:11.732,16.2500,38
57551732901701,15:59:11.732,16.2500,10
57551732901701,15:59:11.732,16.2500,5
57554686159112,15:59:14.686,16.2500,81
57565687493718,15:59:25.687,16.2600,100
57568052534571,15:59:28.052,16.2600,100
57568053632366,15:59:28.053,16.2600,100
57568053632366,15:59:28.053,16.2600,8
57568053632366,15:59:28.053,16.2600,92
57569730376585,15:59:29.730,16.2600,5
57570732582154,15:59:30.732,16.2600,6
57570732609816,15:59:30.732,16.2600,9
57570732609816,15:59:30.732,16.2600,7
57570732609816,15:59:30.732,16.2600,200
57570732609816,15:59:30.732,16.2600,8
57571191189636,15:59:31.191,16.2700,49
57571688358023,15:59:31.688,16.2700,100
57571688384654,15:59:31.688,16.2700,1051
57571688384654,15:59:31.688,16.2700,4
57571688384654,15:59:31.688,16.2700,3
57571731287760,15:59:31.731,16.2700,7
57572360128227,15:59:32.360,16.2700,200
57572361710620,15:59:32.361,16.2700,8
57572730283709,15:59:32.730,16.2800,8
57573731997665,15:59:33.731,16.2800,8
57573990666338,15:59:33.990,16.2800,84
57573990666338,15:59:33.990,16.2800,16
57573990821311,15:59:33.990,16.2800,89
57574252035378,15:59:34.252,16.2800,2
57574376027039,15:59:34.376,16.2800,6
57574731541268,15:59:34.731,16.2800,8
57586173876011,15:59:46.173,16.2700,191
57586173876011,15:59:46.173,16.2700,61
57586173904447,15:59:46.173,16.2700,136
57586173904447,15:59:46.173,16.2700,204
57586173904447,15:59:46.173,16.2700,100
57586173904447,15:59:46.173,16.2700,15
57586173904447,15:59:46.173,16.2700,10
57586173904447,15:59:46.173,16.2700,200
57586173904447,15:59:46.173,16.2700,25
57586173904447,15:59:46.173,16.2700,400
57586173904447,15:59:46.173,16.2700,200
57586173904447,15:59:46.173,16.2700,75
57586173904447,15:59:46.173,16.2700,81
57586173904447,15:59:46.173,16.2700,25
57586173904447,15:59:46.173,16.2700,137
57586173949507,15:59:46.173,16.2700,100
57586174633703,15:59:46.174,16.2600,47
57586174868789,15:59:46.174,16.2600,500
57586174900239,15:59:46.174,16.2600,23
57586177375920,15:59:46.177,16.2600,100
57586177401308,15:59:46.177,16.2600,530
57586177401308,15:59:46.177,16.2600,10
57586179731591,15:59:46.179,16.2500,100
57586730155509,15:59:46.730,16.2500,200
57589104596462,15:59:49.104,16.2500,100
57589104596462,15:59:49.104,16.2500,50
57589104596462,15:59:49.104,16.2500,13
57589105554119,15:59:49.105,16.2600,197
57589105554119,15:59:49.105,16.2600,140
57589139317160,15:59:49.139,16.2500,100
57589139317160,15:59:49.139,16.2500,100
57589139342109,15:59:49.139,16.2500,100
57590604068464,15:59:50.604,16.2500,9
57590604068464,15:59:50.604,16.2500,91
57593624142680,15:59:53.624,16.2400,5
57594674422459,15:59:54.674,16.2400,95
57594674422459,15:59:54.674,16.2400,5
57594674449455,15:59:54.674,16.2400,95
57594674449455,15:59:54.674,16.2400,1184
57594674747925,15:59:54.674,16.2500,100
57595116604728,15:59:55.116,16.2500,5
57597720085853,15:59:57.720,16.2500,91
57597720112984,15:59:57.720,16.2500,4
57597720112984,15:59:57.720,16.2500,1
57598787053292,15:59:58.787,16.2500,5
57600557718736,16:00:00.557,16.2700,30107
