timestamp,time,price,volume
34200430138965,09:30:00.430,21.6900,4187
34363024181919,09:32:43.024,21.8300,100
34363024181919,09:32:43.024,21.8300,38
34392261760520,09:33:12.261,21.8000,85
34392261814686,09:33:12.261,21.8000,100
34400298188836,09:33:20.298,21.8000,115
34400298188836,09:33:20.298,21.8000,100
34447238824826,09:34:07.238,21.7700,138
34447238824826,09:34:07.238,21.7700,39
34447238824826,09:34:07.238,21.7700,23
34447238886109,09:34:07.238,21.7700,38
34524294188327,09:35:24.294,21.7400,58
34677785281151,09:37:57.785,21.6800,400
34677786128279,09:37:57.786,21.6500,500
34765517780635,09:39:25.517,21.6200,100
34767651059326,09:39:27.651,21.6000,412
34767651095166,09:39:27.651,21.6000,279
34889855127718,09:41:29.855,21.6200,100
34889855127718,09:41:29.855,21.6200,17
34889855147870,09:41:29.855,21.6200,83
34889855152611,09:41:29.855,21.6200,83
34889855154620,09:41:29.855,21.6200,17
34931793314257,09:42:11.793,21.6300,100
34931793364520,09:42:11.793,21.6300,100
34931793526358,09:42:11.793,21.6300,100
34931793616326,09:42:11.793,21.6300,100
34931793742852,09:42:11.793,21.6300,100
34931794008422,09:42:11.794,21.6300,50
34931794028119,09:42:11.794,21.6300,50
34931794425022,09:42:11.794,21.6300,13
34931794452928,09:42:11.794,21.6300,13
34931794485318,09:42:11.794,21.6300,6
34931794513742,09:42:11.794,21.6300,6
34931794545370,09:42:11.794,21.6300,3
34931794571997,09:42:11.794,21.6300,3
34931794605374,09:42:11.794,21.6300,2
34931794633594,09:42:11.794,21.6300,2
34931794663217,09:42:11.794,21.6300,1
34931794695308,09:42:11.794,21.6300,1
34933230925942,09:42:13.230,21.6300,50
34940784594336,09:42:20.784,21.6200,81
34940784599418,09:42:20.784,21.6200,19
35610257894557,09:53:30.257,21.7100,100
35709013185306,09:55:09.013,21.6800,100
35718905698050,09:55:18.905,21.6900,100
35718905698050,09:55:18.905,21.6900,100
35718905698050,09:55:18.905,21.6900,100
35724330426452,09:55:24.330,21.7200,100
35724330426452,09:55:24.330,21.7200,100
35883792814077,09:58:03.792,21.7700,61
35883792816933,09:58:03.792,21.7700,39
35883792816933,09:58:03.792,21.7700,23
35883792858695,09:58:03.792,21.7700,77
35955034547051,09:59:15.034,21.8000,200
35955034770589,09:59:15.034,21.8000,200
35955036203933,09:59:15.036,21.8000,200
35955036203933,09:59:15.036,21.8000,100
35955036631634,09:59:15.036,21.8000,200
35955036631634,09:59:15.036,21.8000,100
35957053282836,09:59:17.053,21.8000,200
35958272440227,09:59:18.272,21.8100,100
35959271981731,09:59:19.271,21.8100,100
35960864872140,09:59:20.864,21.8200,300
35963423160979,09:59:23.423,21.8300,100
35967578460094,09:59:27.578,21.8400,200
35972424370843,09:59:32.424,21.8400,100
35977425148290,09:59:37.425,21.8400,100
35982424849958,09:59:42.424,21.8500,84
35987424538061,09:59:47.424,21.8500,100
36008413819311,10:00:08.413,21.8400,100
36051809095437,10:00:51.809,21.8400,20
36051809095437,10:00:51.809,21.8400,180
36051809121251,10:00:51.809,21.8400,20
36051809122567,10:00:51.809,21.8400,20
36051809137119,10:00:51.809,21.8400,20
36051810041229,10:00:51.810,21.8400,200
36051810078696,10:00:51.810,21.8400,100
36051810084105,10:00:51.810,21.8400,100
36051810085403,10:00:51.810,21.8400,100
36051814510454,10:00:51.814,21.8400,100
36054811398572,10:00:54.811,21.8500,316
36060761398726,10:01:00.761,21.8800,100
36060761425843,10:01:00.761,21.8800,100
36061673909033,10:01:01.673,21.8700,100
36071246459628,10:01:11.246,21.8600,100
36071246473917,10:01:11.246,21.8600,100
36071246530334,10:01:11.246,21.8600,100
36071571965393,10:01:11.571,21.8500,100
36071578590346,10:01:11.578,21.8400,200
36071578590346,10:01:11.578,21.8400,100
36072285136689,10:01:12.285,21.8500,100
36120111782514,10:02:00.111,21.8700,100
36120111782514,10:02:00.111,21.8700,100
36149862616527,10:02:29.862,21.8700,100
36149862943176,10:02:29.862,21.8700,100
36149863490575,10:02:29.863,21.8700,100
36149863929320,10:02:29.863,21.8600,100
36149871067606,10:02:29.871,21.8500,100
36158278127446,10:02:38.278,21.8400,100
36168304774253,10:02:48.304,21.8400,100
36168321148010,10:02:48.321,21.8400,100
36174123417943,10:02:54.123,21.8400,100
36177160276824,10:02:57.160,21.8300,79
36177160659757,10:02:57.160,21.8300,21
36237433631557,10:03:57.433,21.8400,7
36237433631557,10:03:57.433,21.8400,5
36241423479784,10:04:01.423,21.8400,100
36241424111078,10:04:01.424,21.8400,100
36345244556430,10:05:45.244,21.8500,72
36369120827914,10:06:09.120,21.8600,5
36369126789878,10:06:09.126,21.8400,100
36369126789878,10:06:09.126,21.8400,100
36369126789878,10:06:09.126,21.8400,100
36369126789878,10:06:09.126,21.8400,100
36390821906560,10:06:30.821,21.8600,2
36486523516107,10:08:06.523,21.8900,38
36535567088072,10:08:55.567,21.8900,4
36548027755874,10:09:08.027,21.8900,38
36561885532661,10:09:21.885,21.8900,37
36561885749845,10:09:21.885,21.8900,14
36561886213456,10:09:21.886,21.8900,25
36561886291790,10:09:21.886,21.8900,13
36561886355495,10:09:21.886,21.8900,6
36561886418115,10:09:21.886,21.8900,3
36561886479134,10:09:21.886,21.8900,2
36561886541633,10:09:21.886,21.8900,1
36561921337745,10:09:21.921,21.8900,119
36563092432402,10:09:23.092,21.8900,100
36576924575595,10:09:36.924,21.9000,8
36595048864140,10:09:55.048,21.8950,4
36644624015553,10:10:44.624,21.9100,100
36644628202566,10:10:44.628,21.9100,100
36703267800834,10:11:43.267,21.9200,14
36703267977617,10:11:43.267,21.9200,86
36703267977617,10:11:43.267,21.9200,100
36703267977617,10:11:43.267,21.9200,100
36703267977617,10:11:43.267,21.9200,14
36704827323671,10:11:44.827,21.9300,100
36704928603512,10:11:44.928,21.9300,100
36705149980348,10:11:45.149,21.9200,100
36750425678233,10:12:30.425,21.9200,100
36750425678233,10:12:30.425,21.9200,100
36751196674545,10:12:31.196,21.9200,100
36751196674545,10:12:31.196,21.9200,15
36751196674545,10:12:31.196,21.9200,100
36751197985580,10:12:31.197,21.9200,100
36751201828843,10:12:31.201,21.9200,100
36751203964099,10:12:31.203,21.9200,100
36751203964099,10:12:31.203,21.9200,100
36751211519604,10:12:31.211,21.9200,100
36751211519604,10:12:31.211,21.9200,100
36751212047455,10:12:31.212,21.9200,100
36751212047455,10:12:31.212,21.9200,100
36751212047455,10:12:31.212,21.9200,85
36751432849190,10:12:31.432,21.9300,100
36751434071930,10:12:31.434,21.9300,100
36751434071930,10:12:31.434,21.9300,100
36751434071930,10:12:31.434,21.9300,100
36752872222652,10:12:32.872,21.9300,100
36754424323680,10:12:34.424,21.9400,100
36765558469517,10:12:45.558,21.9600,100
36770938403491,10:12:50.938,21.9500,100
36773970505394,10:12:53.970,21.9500,100
36773970505394,10:12:53.970,21.9500,100
36790276030856,10:13:10.276,21.9400,100
36813892131915,10:13:33.892,21.9400,100
36822502865716,10:13:42.502,21.9400,100
36864259412699,10:14:24.259,21.9500,72
36897035672775,10:14:57.035,21.9600,81
36904005133356,10:15:04.005,21.9600,19
36904005133356,10:15:04.005,21.9600,81
36904005162821,10:15:04.005,21.9600,19
36904005162821,10:15:04.005,21.9600,100
36904207297083,10:15:04.207,21.9500,100
36904207297083,10:15:04.207,21.9500,100
36904207297083,10:15:04.207,21.9500,100
36904456447213,10:15:04.456,21.9600,100
36904456447213,10:15:04.456,21.9600,100
36904609952958,10:15:04.609,21.9600,100
36905425317826,10:15:05.425,21.9600,25
36905425317826,10:15:05.425,21.9700,100
36905425317826,10:15:05.425,21.9700,100
36908784914943,10:15:08.784,21.9800,100
36908787560755,10:15:08.787,21.9800,79
36908787560755,10:15:08.787,21.9800,100
36911425342385,10:15:11.425,21.9800,100
36920835133956,10:15:20.835,21.9750,100
36931425575590,10:15:31.425,21.9800,90
36931425626778,10:15:31.425,21.9800,10
36931425626778,10:15:31.425,21.9800,10
36936583211745,10:15:36.583,21.9700,200
36936583645908,10:15:36.583,21.9700,71
36936583670943,10:15:36.583,21.9700,29
36936583670943,10:15:36.583,21.9700,100
36944020734669,10:15:44.020,21.9500,100
37038468848982,10:17:18.468,21.9600,54
37125733362129,10:18:45.733,21.9500,100
37125733451979,10:18:45.733,21.9400,97
37125733560797,10:18:45.733,21.9400,3
37125733560797,10:18:45.733,21.9400,100
37125733560797,10:18:45.733,21.9400,100
37127112780664,10:18:47.112,21.9400,100
37127112780664,10:18:47.112,21.9400,100
37135336646871,10:18:55.336,21.9400,33
37140159498338,10:19:00.159,21.9400,1
37143016667384,10:19:03.016,21.9400,100
37144104509958,10:19:04.104,21.9400,100
37144104509958,10:19:04.104,21.9400,100
37149238497151,10:19:09.238,21.9400,100
37213185164539,10:20:13.185,21.9500,100
37213185164539,10:20:13.185,21.9500,100
37216220755982,10:20:16.220,21.9600,100
37218590428801,10:20:18.590,21.9600,100
37218590428801,10:20:18.590,21.9600,100
37218606218675,10:20:18.606,21.9600,100
37218606319935,10:20:18.606,21.9600,100
37219322230766,10:20:19.322,21.9600,100
37220506321398,10:20:20.506,21.9500,69
37240628869290,10:20:40.628,21.9500,100
37240628869290,10:20:40.628,21.9500,100
37244736592804,10:20:44.736,21.9300,100
37280484667260,10:21:20.484,21.9500,100
37326810635471,10:22:06.810,21.9400,100
37359198342584,10:22:39.198,21.9500,100
37366003451902,10:22:46.003,21.9500,20
37366422831458,10:22:46.422,21.9500,92
37420425101109,10:23:40.425,21.9600,100
37420532918151,10:23:40.532,21.9500,100
37421141306003,10:23:41.141,21.9500,100
37435486926735,10:23:55.486,21.9500,13
37451139026076,10:24:11.139,21.9600,100
37455422218901,10:24:15.422,21.9600,100
37457266004947,10:24:17.266,21.9800,100
37457266004947,10:24:17.266,21.9800,200
37459518127826,10:24:19.518,21.9800,24
37462206839222,10:24:22.206,22.0000,600
37469176588354,10:24:29.176,21.9900,100
37469176613480,10:24:29.176,21.9900,74
37469176614062,10:24:29.176,21.9900,74
37469176644709,10:24:29.176,21.9900,74
37469176811194,10:24:29.176,21.9900,100
37469176811194,10:24:29.176,21.9900,300
37469176811194,10:24:29.176,21.9900,52
37473670522311,10:24:33.670,21.9900,100
37480683238862,10:24:40.683,21.9900,100
37480683854466,10:24:40.683,21.9900,100
37480683854466,10:24:40.683,21.9900,100
37482671588388,10:24:42.671,21.9900,100
37482671588388,10:24:42.671,21.9900,100
37514611472535,10:25:14.611,21.9900,100
37526267231926,10:25:26.267,21.9900,68
37526318125694,10:25:26.318,21.9900,32
37540050153669,10:25:40.050,21.9800,300
37540050356515,10:25:40.050,21.9800,100
37547821054799,10:25:47.821,21.9800,100
37547821054799,10:25:47.821,21.9800,100
37547835452567,10:25:47.835,21.9800,100
37552198638065,10:25:52.198,21.9800,100
37563836673652,10:26:03.836,22.0000,389
37563836673652,10:26:03.836,22.0000,140
37563836673652,10:26:03.836,22.0000,1110
37563836702352,10:26:03.836,22.0000,4495
37563836760394,10:26:03.836,22.0000,14883
37563836760394,10:26:03.836,22.0000,50
37563836760394,10:26:03.836,22.0000,1
37563836760394,10:26:03.836,22.0000,40
37563836760394,10:26:03.836,22.0000,250
37563836760394,10:26:03.836,22.0000,100
37563838409642,10:26:03.838,22.0100,400
37563857596490,10:26:03.857,22.0100,100
37563857596490,10:26:03.857,22.0100,100
37563857596490,10:26:03.857,22.0100,100
37563857596490,10:26:03.857,22.0100,100
37563857596490,10:26:03.857,22.0100,100
37563857596490,10:26:03.857,22.0100,100
37563857596490,10:26:03.857,22.0100,100
37563858018680,10:26:03.858,22.0100,100
37563858018680,10:26:03.858,22.0200,100
37563858018680,10:26:03.858,22.0200,100
37563858880543,10:26:03.858,22.0200,100
37563858880543,10:26:03.858,22.0200,100
37563859393175,10:26:03.859,22.0200,100
37563859711533,10:26:03.859,22.0200,100
37563859711533,10:26:03.859,22.0200,100
37563859711533,10:26:03.859,22.0200,200
37563860633392,10:26:03.860,22.0100,400
37566281185993,10:26:06.281,22.0300,50
37570424940131,10:26:10.424,22.0400,100
37570424940131,10:26:10.424,22.0500,100
37571425920553,10:26:11.425,22.0600,100
37574472112957,10:26:14.472,22.0800,100
37574472112957,10:26:14.472,22.0800,452
37576341356264,10:26:16.341,22.0600,100
37576341356264,10:26:16.341,22.0600,168
37576341391194,10:26:16.341,22.0600,132
37577364937164,10:26:17.364,22.0600,800
37577364937164,10:26:17.364,22.0600,100
37577364937164,10:26:17.364,22.0600,100
37581283555246,10:26:21.283,22.0700,100
37581283555246,10:26:21.283,22.0700,100
37581283555246,10:26:21.283,22.0700,168
37608161750653,10:26:48.161,22.0700,32
37608173081670,10:26:48.173,22.0600,100
37608174027096,10:26:48.174,22.0500,100
37609068044552,10:26:49.068,22.0400,36
37609068069035,10:26:49.068,22.0400,64
37609069138095,10:26:49.069,22.0300,100
37615906515034,10:26:55.906,22.0350,22
37623849478912,10:27:03.849,22.0300,100
37623849478912,10:27:03.849,22.0300,100
37633851562948,10:27:13.851,22.0100,100
37633851562948,10:27:13.851,22.0100,100
37660424981565,10:27:40.424,22.0100,100
37660426033361,10:27:40.426,22.0100,100
37660426033361,10:27:40.426,22.0100,100
37685466119547,10:28:05.466,22.0200,100
37685923696572,10:28:05.923,22.0100,100
37708776401952,10:28:28.776,22.0200,100
37728807352529,10:28:48.807,22.0200,100
37728807385233,10:28:48.807,22.0200,100
37731729016342,10:28:51.729,22.0100,100
37731729068143,10:28:51.729,22.0100,100
37731729388849,10:28:51.729,22.0000,100
37735484759352,10:28:55.484,22.0000,32
37747485275952,10:29:07.485,22.0000,7
37747585561903,10:29:07.585,21.9900,100
37747586854363,10:29:07.586,21.9900,100
37747586854363,10:29:07.586,21.9900,100
37747586854363,10:29:07.586,21.9900,100
37767126608378,10:29:27.126,21.9900,100
37775126894210,10:29:35.126,21.9900,100
37775128330076,10:29:35.128,21.9800,100
37808424990261,10:30:08.424,21.9900,100
37811424784169,10:30:11.424,22.0000,100
37816424298495,10:30:16.424,21.9900,100
37816424298495,10:30:16.424,21.9900,100
37819425110263,10:30:19.425,22.0000,98
37824426087056,10:30:24.426,22.0000,100
37829274375254,10:30:29.274,22.0000,700
37830654594310,10:30:30.654,22.0000,100
37843424405969,10:30:43.424,22.0100,100
37846425199225,10:30:46.425,22.0200,100
37871249187061,10:31:11.249,22.0200,100
37871705274255,10:31:11.705,22.0100,100
37872292554705,10:31:12.292,22.0000,91
37890305065773,10:31:30.305,21.9900,100
37943445528367,10:32:23.445,22.0000,100
37965032469411,10:32:45.032,22.0000,100
37965032469411,10:32:45.032,22.0200,100
37977128009400,10:32:57.128,22.0200,100
37977128009400,10:32:57.128,22.0200,20
37977128024627,10:32:57.128,22.0200,6
37977128033130,10:32:57.128,22.0200,74
38022519085224,10:33:42.519,22.0100,116
38026961183397,10:33:46.961,22.0300,100
38047078382532,10:34:07.078,22.0400,200
38105179229685,10:35:05.179,22.0500,100
38149624413434,10:35:49.624,22.0600,100
38149625571440,10:35:49.625,22.0700,100
38151633279531,10:35:51.633,22.0700,108
38151633279531,10:35:51.633,22.0700,47
38176883086026,10:36:16.883,22.0600,56
38176883114538,10:36:16.883,22.0600,44
38176883114538,10:36:16.883,22.0600,76
38176908065190,10:36:16.908,22.0500,100
38217920174992,10:36:57.920,22.0400,1
38228961406527,10:37:08.961,22.0600,120
38228961406527,10:37:08.961,22.0600,100
38234251461581,10:37:14.251,22.0700,100
38234251461581,10:37:14.251,22.0700,100
38240144674125,10:37:20.144,22.0600,100
38240144674125,10:37:20.144,22.0600,100
38269429542072,10:37:49.429,22.0800,100
38269429542072,10:37:49.429,22.0800,100
38275029653988,10:37:55.029,22.0800,63
38310437876996,10:38:30.437,22.0900,100
38311032159262,10:38:31.032,22.0900,112
38311032974485,10:38:31.032,22.0900,100
38311034084396,10:38:31.034,22.0900,100
38311034802918,10:38:31.034,22.0900,100
38322521865847,10:38:42.521,22.0900,100
38325128618821,10:38:45.128,22.0900,100
38327264155119,10:38:47.264,22.0800,100
38338425594830,10:38:58.425,22.0900,100
38357013427112,10:39:17.013,22.1000,100
38393087840864,10:39:53.087,22.1050,200
38393092261795,10:39:53.092,22.0900,100
38393448903035,10:39:53.448,22.0800,100
38393450624202,10:39:53.450,22.0700,100
38423429038959,10:40:23.429,22.0600,75
38423431622118,10:40:23.431,22.0600,25
38471147107128,10:41:11.147,22.0700,127
38471147107128,10:41:11.147,22.0700,73
38476427758711,10:41:16.427,22.0700,22
38476428006586,10:41:16.428,22.0700,40
38537636470900,10:42:17.636,22.0700,100
38573046098130,10:42:53.046,22.0800,100
38573046098130,10:42:53.046,22.0800,100
38575584032415,10:42:55.584,22.0700,100
38575587526548,10:42:55.587,22.0700,100
38575591850204,10:42:55.591,22.0700,100
38614577892710,10:43:34.577,22.0600,100
38621936403707,10:43:41.936,22.0600,1
38621936403707,10:43:41.936,22.0600,100
38621936403707,10:43:41.936,22.0600,99
38621936465331,10:43:41.936,22.0600,1
38654121824339,10:44:14.121,22.0500,100
38654121824339,10:44:14.121,22.0500,100
38666425995973,10:44:26.425,22.0600,100
38681528301907,10:44:41.528,22.0500,100
38692645670016,10:44:52.645,22.0600,300
38822299311474,10:47:02.299,22.0600,9
38822300859040,10:47:02.300,22.0600,2
38823681705147,10:47:03.681,22.0600,89
38823681705147,10:47:03.681,22.0600,100
38823681705147,10:47:03.681,22.0600,11
38823682142705,10:47:03.682,22.0600,43
38833480225790,10:47:13.480,22.0500,100
38833480225790,10:47:13.480,22.0500,100
38833481056435,10:47:13.481,22.0500,100
38833511631867,10:47:13.511,22.0500,100
38875871904221,10:47:55.871,22.0600,100
38875871904221,10:47:55.871,22.0600,84
38875871904221,10:47:55.871,22.0600,1
38875871933417,10:47:55.871,22.0600,99
38875871933417,10:47:55.871,22.0600,200
38875871960396,10:47:55.871,22.0600,300
38898030807641,10:48:18.030,22.0700,100
38904124824853,10:48:24.124,22.0800,100
38904127895158,10:48:24.127,22.0800,100
38904127920848,10:48:24.127,22.0800,100
38904129342040,10:48:24.129,22.0800,100
38904129378312,10:48:24.129,22.0800,100
38904135356820,10:48:24.135,22.0800,100
38904135382180,10:48:24.135,22.0800,100
38904139849887,10:48:24.139,22.0800,100
38904171258117,10:48:24.171,22.0800,100
38962617750962,10:49:22.617,22.1100,100
38994390345499,10:49:54.390,22.0900,100
38994390929121,10:49:54.390,22.0800,100
38994391525779,10:49:54.391,22.0700,100
38994391525779,10:49:54.391,22.0700,81
38994391583617,10:49:54.391,22.0700,19
38994391583617,10:49:54.391,22.0700,81
39051709329380,10:50:51.709,22.0900,100
39051709329380,10:50:51.709,22.0900,100
39051709329380,10:50:51.709,22.0900,100
39051709428278,10:50:51.709,22.0900,100
39051709674372,10:50:51.709,22.0900,100
39051709674372,10:50:51.709,22.0900,40
39051709908777,10:50:51.709,22.0900,60
39091021957878,10:51:31.021,22.0900,100
39091022069795,10:51:31.022,22.0900,100
39091022069795,10:51:31.022,22.0900,100
39091170818583,10:51:31.170,22.0800,100
39119423368510,10:51:59.423,22.1100,100
39172659257274,10:52:52.659,22.1100,27
39219869415887,10:53:39.869,22.1000,192
39219869415887,10:53:39.869,22.1000,8
39223099151921,10:53:43.099,22.1000,92
39230516505496,10:53:50.516,22.0900,100
39230516505496,10:53:50.516,22.0900,100
39299173575299,10:54:59.173,22.0900,100
39323571558854,10:55:23.571,22.0900,100
39323571601620,10:55:23.571,22.0900,100
39323571656957,10:55:23.571,22.0900,100
39323572416254,10:55:23.572,22.0900,100
39323579779550,10:55:23.579,22.1000,100
39333573248496,10:55:33.573,22.0900,100
39337200440260,10:55:37.200,22.0900,100
39373176273443,10:56:13.176,22.0900,100
39373176273443,10:56:13.176,22.0900,100
39373182953333,10:56:13.182,22.0800,100
39406423853331,10:56:46.423,22.0700,100
39461637738910,10:57:41.637,22.0700,100
39462086145175,10:57:42.086,22.0700,100
39462087270960,10:57:42.087,22.0600,100
39532099491086,10:58:52.099,22.0600,100
39663467163110,11:01:03.467,22.0700,58
39663475370740,11:01:03.475,22.0700,100
39663488105981,11:01:03.488,22.0700,100
39663553174009,11:01:03.553,22.0700,100
39666332630174,11:01:06.332,22.0800,100
39763919184823,11:02:43.919,22.0700,100
39763919184823,11:02:43.919,22.0700,100
39763919244710,11:02:43.919,22.0700,77
39798225852721,11:03:18.225,22.0800,100
39798226140143,11:03:18.226,22.0800,100
39799304848864,11:03:19.304,22.0900,100
39815253536832,11:03:35.253,22.0900,33
39815253536832,11:03:35.253,22.0900,67
39815253674026,11:03:35.253,22.0900,33
39815269347128,11:03:35.269,22.0850,67
39815269347128,11:03:35.269,22.0850,33
39815599061694,11:03:35.599,22.0850,67
39815599061694,11:03:35.599,22.0900,33
39870022577930,11:04:30.022,22.0900,100
39880623736787,11:04:40.623,22.0800,100
39895270992246,11:04:55.270,22.0700,100
39918657857225,11:05:18.657,22.0600,100
39921920481485,11:05:21.920,22.0600,100
39939795992032,11:05:39.795,22.0500,100
39939795992032,11:05:39.795,22.0500,100
39971025477001,11:06:11.025,22.0400,100
40092088793236,11:08:12.088,22.0500,1
40148207024497,11:09:08.207,22.0500,100
40149938326452,11:09:09.938,22.0500,100
40181640827442,11:09:41.640,22.0300,100
40181641497163,11:09:41.641,22.0300,100
40181674040623,11:09:41.674,22.0200,100
40181714168352,11:09:41.714,22.0100,100
40181714276211,11:09:41.714,22.0100,100
40181715114056,11:09:41.715,22.0100,100
40183155152674,11:09:43.155,22.0000,500
40183157594959,11:09:43.157,22.0000,100
40184048524875,11:09:44.048,22.0100,88
40184048524875,11:09:44.048,22.0100,12
40184048828441,11:09:44.048,22.0100,88
40271119969161,11:11:11.119,22.0100,100
40271119969161,11:11:11.119,22.0100,100
40273474729802,11:11:13.474,22.0100,100
40273474729802,11:11:13.474,22.0100,100
40291794216435,11:11:31.794,22.0100,100
40298295780544,11:11:38.295,22.0100,100
40320404438383,11:12:00.404,22.0100,100
40342942068034,11:12:22.942,22.0100,100
40374093682395,11:12:54.093,22.0100,100
40374093724160,11:12:54.093,22.0100,100
40398413842457,11:13:18.413,22.0100,100
40398413842457,11:13:18.413,22.0100,100
40398413930657,11:13:18.413,22.0100,64
40421899702244,11:13:41.899,22.0200,33
40421899702244,11:13:41.899,22.0200,100
40421900353394,11:13:41.900,22.0300,100
40423488283353,11:13:43.488,22.0300,100
40431077744953,11:13:51.077,22.0300,100
40433309450797,11:13:53.309,22.0300,100
40433354812609,11:13:53.354,22.0300,100
40440265087373,11:14:00.265,22.0300,36
40440265087373,11:14:00.265,22.0300,64
40454395466089,11:14:14.395,22.0200,100
40550946760826,11:15:50.946,22.0200,100
40550946760826,11:15:50.946,22.0200,100
40639119760291,11:17:19.119,22.0400,40
40639119786311,11:17:19.119,22.0400,60
40673986746990,11:17:53.986,22.0400,100
40673986746990,11:17:53.986,22.0400,100
40673986829217,11:17:53.986,22.0400,100
40673986829217,11:17:53.986,22.0400,62
40697086584200,11:18:17.086,22.0400,100
40698479469023,11:18:18.479,22.0500,100
40698479492438,11:18:18.479,22.0500,100
40698479502362,11:18:18.479,22.0500,100
40698479702045,11:18:18.479,22.0500,59
40698600098720,11:18:18.600,22.0500,141
40698853998264,11:18:18.853,22.0500,200
40698853998264,11:18:18.853,22.0500,100
40698853998264,11:18:18.853,22.0500,100
40738380915780,11:18:58.380,22.0400,100
40884424440295,11:21:24.424,22.0500,55
40884424655522,11:21:24.424,22.0500,45
40884469570604,11:21:24.469,22.0500,100
40884469570604,11:21:24.469,22.0500,100
41038165656096,11:23:58.165,22.0700,100
41111958541646,11:25:11.958,22.0600,100
41111958541646,11:25:11.958,22.0600,77
41111958567829,11:25:11.958,22.0600,23
41111959754973,11:25:11.959,22.0500,100
41111959754973,11:25:11.959,22.0500,100
41111965144902,11:25:11.965,22.0500,100
41111966849590,11:25:11.966,22.0600,100
41117735223497,11:25:17.735,22.0500,30
41117735223497,11:25:17.735,22.0500,70
41117735312927,11:25:17.735,22.0500,30
41125424886505,11:25:25.424,22.0500,90
41157063730561,11:25:57.063,22.0500,100
41158772631083,11:25:58.772,22.0600,115
41158772631083,11:25:58.772,22.0600,85
41158772660809,11:25:58.772,22.0600,15
41158772705830,11:25:58.772,22.0600,15
41171423514560,11:26:11.423,22.0700,100
41189005171434,11:26:29.005,22.0600,100
41189024620070,11:26:29.024,22.0600,30
41196413598127,11:26:36.413,22.0600,100
41196417175804,11:26:36.417,22.0600,100
41196417175804,11:26:36.417,22.0600,100
41196426406350,11:26:36.426,22.0600,100
41228084499452,11:27:08.084,22.0700,100
41228084499452,11:27:08.084,22.0700,100
41242349990424,11:27:22.349,22.0600,100
41242358753816,11:27:22.358,22.0600,100
41246428838199,11:27:26.428,22.0600,10
41246428838199,11:27:26.428,22.0600,90
41362333374314,11:29:22.333,22.0600,100
41362333374314,11:29:22.333,22.0600,100
41437161085507,11:30:37.161,22.0700,100
41437161085507,11:30:37.161,22.0700,100
41437161340756,11:30:37.161,22.0700,100
41437161340756,11:30:37.161,22.0700,100
41437161340756,11:30:37.161,22.0700,100
41437161340756,11:30:37.161,22.0700,100
41437161906497,11:30:37.161,22.0700,400
41437162345055,11:30:37.162,22.0700,100
41437163115879,11:30:37.163,22.0700,200
41439584060582,11:30:39.584,22.0700,100
41547828900171,11:32:27.828,22.0800,100
41547828900171,11:32:27.828,22.0800,100
41547829051892,11:32:27.829,22.0800,100
41547843432907,11:32:27.843,22.0900,100
41547843545956,11:32:27.843,22.0900,57
41547843581188,11:32:27.843,22.0900,43
41549427342005,11:32:29.427,22.0900,100
41552430786485,11:32:32.430,22.0900,100
41557425600126,11:32:37.425,22.0900,100
41576895446565,11:32:56.895,22.0900,100
41576895624814,11:32:56.895,22.0900,100
41576895627496,11:32:56.895,22.0900,100
41576897215725,11:32:56.897,22.0900,100
41576904131136,11:32:56.904,22.0900,100
41576904131136,11:32:56.904,22.0900,200
41576904131136,11:32:56.904,22.0900,100
41576904131136,11:32:56.904,22.0900,100
41765140249268,11:36:05.140,22.1000,1
41765924581214,11:36:05.924,22.1100,100
41765924581214,11:36:05.924,22.1100,100
41886635095354,11:38:06.635,22.1000,10
41886635186408,11:38:06.635,22.1000,90
41886635186408,11:38:06.635,22.1000,296
41886681833474,11:38:06.681,22.1000,4
41890911482548,11:38:10.911,22.1000,100
41900830932057,11:38:20.830,22.1000,100
41900833506277,11:38:20.833,22.1000,100
41902608209906,11:38:22.608,22.1000,100
41902608209906,11:38:22.608,22.1000,100
41902608209906,11:38:22.608,22.1000,100
41935582056551,11:38:55.582,22.1000,100
41936108019572,11:38:56.108,22.1000,100
41936718020999,11:38:56.718,22.1000,100
41937328041498,11:38:57.328,22.1000,100
41937938036427,11:38:57.938,22.1000,100
41938030032573,11:38:58.030,22.1000,300
42072582995113,11:41:12.582,22.1100,89
42072582996903,11:41:12.582,22.1100,11
42072582996903,11:41:12.582,22.1100,100
42072582996903,11:41:12.582,22.1100,65
42072583021448,11:41:12.583,22.1100,111
42072583037246,11:41:12.583,22.1100,111
42072584230652,11:41:12.584,22.1100,13
42093222790295,11:41:33.222,22.1100,100
42093222790295,11:41:33.222,22.1100,300
42093422974004,11:41:33.422,22.1100,28
42103001449523,11:41:43.001,22.1000,100
42103273276225,11:41:43.273,22.1000,100
42103317127784,11:41:43.317,22.1000,100
42103317127784,11:41:43.317,22.1000,100
42242464959331,11:44:02.464,22.1000,100
42242464959331,11:44:02.464,22.1000,100
42242465061249,11:44:02.465,22.1000,100
42242465351744,11:44:02.465,22.1000,100
42270492007820,11:44:30.492,22.0950,100
42299280664691,11:44:59.280,22.1000,100
42381060141182,11:46:21.060,22.1000,100
42441726655270,11:47:21.726,22.1100,100
42512333938065,11:48:32.333,22.1100,28
42513427023102,11:48:33.427,22.1100,72
42513427023102,11:48:33.427,22.1100,28
42561783916394,11:49:21.783,22.1100,100
42561783916394,11:49:21.783,22.1100,100
42563471439927,11:49:23.471,22.1000,100
42563471439927,11:49:23.471,22.1000,100
42563475757235,11:49:23.475,22.0900,100
42563475757235,11:49:23.475,22.0900,100
42563475757235,11:49:23.475,22.0900,100
42563475757235,11:49:23.475,22.0900,100
42563475757235,11:49:23.475,22.0900,100
42564070963013,11:49:24.070,22.0900,100
42568115598701,11:49:28.115,22.0800,37
42568115624082,11:49:28.115,22.0800,63
42568139767837,11:49:28.139,22.0700,100
42569082300842,11:49:29.082,22.0700,100
42616423222560,11:50:16.423,22.0900,100
42616423567100,11:50:16.423,22.0900,100
42616423660800,11:50:16.423,22.0900,100
42626435194981,11:50:26.435,22.1000,100
42646613747751,11:50:46.613,22.1200,100
42656542858791,11:50:56.542,22.1200,100
42718723529287,11:51:58.723,22.1300,100
42718723529287,11:51:58.723,22.1300,100
42728775971977,11:52:08.775,22.1300,100
42728775971977,11:52:08.775,22.1300,100
42729425019280,11:52:09.425,22.1250,100
42729990037714,11:52:09.990,22.1250,100
42771455792998,11:52:51.455,22.1300,100
42776159150655,11:52:56.159,22.1300,100
42776267237932,11:52:56.267,22.1300,200
42776545974809,11:52:56.545,22.1300,10
42789391665852,11:53:09.391,22.1400,100
42789391665852,11:53:09.391,22.1400,100
42792432545322,11:53:12.432,22.1600,100
42809785091900,11:53:29.785,22.1500,100
42809789889367,11:53:29.789,22.1500,100
42809789889367,11:53:29.789,22.1500,100
42881209109118,11:54:41.209,22.1600,100
42881209109118,11:54:41.209,22.1600,15
42881212397085,11:54:41.212,22.1600,200
42881212431113,11:54:41.212,22.1600,4
42881212445494,11:54:41.212,22.1600,81
42881212445494,11:54:41.212,22.1600,4
42881212461782,11:54:41.212,22.1600,85
42881234762225,11:54:41.234,22.1600,78
42911028514262,11:55:11.028,22.1500,100
42911028514262,11:55:11.028,22.1500,100
42911028514262,11:55:11.028,22.1500,10
42912449846380,11:55:12.449,22.1400,100
42912449846380,11:55:12.449,22.1400,100
42912482483328,11:55:12.482,22.1400,100
42912483459583,11:55:12.483,22.1400,15
42918927166184,11:55:18.927,22.1300,100
42977164472016,11:56:17.164,22.1400,100
42977838006130,11:56:17.838,22.1300,100
43020005204339,11:57:00.005,22.1400,100
43057953644180,11:57:37.953,22.1500,40
43064043459205,11:57:44.043,22.1500,60
43071534328890,11:57:51.534,22.1500,10
43081269928950,11:58:01.269,22.1500,100
43087545355370,11:58:07.545,22.1400,100
43087545567230,11:58:07.545,22.1400,100
43111833198630,11:58:31.833,22.1300,100
43231132614899,12:00:31.132,22.1400,100
43231133106640,12:00:31.133,22.1400,100
43286556029281,12:01:26.556,22.1450,100
43311507812644,12:01:51.507,22.1500,100
43311736578748,12:01:51.736,22.1500,100
43313515456265,12:01:53.515,22.1500,100
43328641073182,12:02:08.641,22.1500,100
43333181205892,12:02:13.181,22.1600,100
43333181205892,12:02:13.181,22.1600,100
43356348093900,12:02:36.348,22.1700,100
43356351160319,12:02:36.351,22.1700,100
43356752645094,12:02:36.752,22.1700,100
43368423095519,12:02:48.423,22.1700,100
43374244045890,12:02:54.244,22.1700,100
43457846748830,12:04:17.846,22.1700,29
43457846748830,12:04:17.846,22.1700,100
43463404706858,12:04:23.404,22.1600,100
43520077582600,12:05:20.077,22.1700,100
43523533917863,12:05:23.533,22.1700,100
43603651823849,12:06:43.651,22.1600,100
43603651823849,12:06:43.651,22.1600,100
43603662978742,12:06:43.662,22.1600,100
43606713839157,12:06:46.713,22.1600,100
43606713839157,12:06:46.713,22.1600,100
43622652262300,12:07:02.652,22.1600,100
43622652702873,12:07:02.652,22.1600,91
43622652742235,12:07:02.652,22.1600,109
43627761580662,12:07:07.761,22.1600,100
43634420272641,12:07:14.420,22.1600,100
43634420272641,12:07:14.420,22.1600,100
43635426322274,12:07:15.426,22.1600,100
43642327829518,12:07:22.327,22.1600,100
43660434970556,12:07:40.434,22.1600,100
43660434970556,12:07:40.434,22.1600,100
43660434970556,12:07:40.434,22.1600,100
43660434970556,12:07:40.434,22.1600,100
43682442202501,12:08:02.442,22.1600,100
43801497032422,12:10:01.497,22.1600,100
43835004778498,12:10:35.004,22.1600,100
43843424532918,12:10:43.424,22.1600,100
43848423924821,12:10:48.423,22.1600,100
43851424414879,12:10:51.424,22.1600,100
43908680108824,12:11:48.680,22.1600,100
43915424200643,12:11:55.424,22.1600,100
43990424081473,12:13:10.424,22.1600,100
44006180549603,12:13:26.180,22.1600,200
44006180647959,12:13:26.180,22.1600,100
44006240635144,12:13:26.240,22.1600,100
44008425836329,12:13:28.425,22.1700,100
44009917766593,12:13:29.917,22.1700,30
44009917779700,12:13:29.917,22.1700,70
44009917779700,12:13:29.917,22.1700,300
44009917779700,12:13:29.917,22.1700,100
44009917779700,12:13:29.917,22.1700,30
44065427835485,12:14:25.427,22.1800,12
44065428802485,12:14:25.428,22.1800,88
44065428802485,12:14:25.428,22.1800,7
44065430090474,12:14:25.430,22.1800,263
44065430090474,12:14:25.430,22.1800,37
44065430120897,12:14:25.430,22.1800,63
44075244686279,12:14:35.244,22.1800,100
44084427847299,12:14:44.427,22.1800,100
44107255055984,12:15:07.255,22.1800,100
44161600065577,12:16:01.600,22.1700,100
44161600065577,12:16:01.600,22.1700,82
44161600071327,12:16:01.600,22.1700,18
44228423727594,12:17:08.423,22.1850,100
44307585455235,12:18:27.585,22.2000,100
44322424154505,12:18:42.424,22.2000,100
44343804286999,12:19:03.804,22.1900,100
44343804331917,12:19:03.804,22.1900,68
44343804377365,12:19:03.804,22.1900,32
44381111325484,12:19:41.111,22.1900,8
44436414526624,12:20:36.414,22.1900,100
44436414526624,12:20:36.414,22.1900,100
44436414526624,12:20:36.414,22.1900,200
44436421266397,12:20:36.421,22.2000,100
44436421266397,12:20:36.421,22.2000,100
44436421266397,12:20:36.421,22.2000,100
44438357648769,12:20:38.357,22.2000,100
44440427029863,12:20:40.427,22.1900,28
44440427029863,12:20:40.427,22.1900,72
44475426259301,12:21:15.426,22.2000,3
44475635587442,12:21:15.635,22.1900,100
44491427239940,12:21:31.427,22.2000,97
44491427239940,12:21:31.427,22.2000,3
44502456197884,12:21:42.456,22.1900,100
44534262717061,12:22:14.262,22.2000,100
44534262717061,12:22:14.262,22.2000,100
44534262717061,12:22:14.262,22.2000,100
44535241016236,12:22:15.241,22.1900,100
44546501053037,12:22:26.501,22.1900,100
44546943458253,12:22:26.943,22.1900,100
44570522845417,12:22:50.522,22.1900,100
44570522904452,12:22:50.522,22.1900,20
44570523826378,12:22:50.523,22.1900,100
44572029797132,12:22:52.029,22.1900,100
44572029797132,12:22:52.029,22.1900,100
44582730402556,12:23:02.730,22.1900,100
44632040434121,12:23:52.040,22.1800,100
44632040434121,12:23:52.040,22.1800,100
44632041202067,12:23:52.041,22.1800,100
44632041265753,12:23:52.041,22.1800,1
44643360720584,12:24:03.360,22.1800,99
44643360720584,12:24:03.360,22.1800,1
44643375556662,12:24:03.375,22.1800,99
44657083581918,12:24:17.083,22.1900,2
44695771385995,12:24:55.771,22.1800,100
44708833383193,12:25:08.833,22.1800,100
44708838043355,12:25:08.838,22.1800,84
44895259475951,12:28:15.259,22.1900,98
44895259475951,12:28:15.259,22.1900,1
44895259475951,12:28:15.259,22.1900,101
44895259520807,12:28:15.259,22.1900,21
44902425127917,12:28:22.425,22.1900,3
44938424955760,12:28:58.424,22.1900,100
45029705713428,12:30:29.705,22.1900,100
45030960702861,12:30:30.960,22.1900,100
45033946944083,12:30:33.946,22.1900,100
45054100290204,12:30:54.100,22.1900,3
45122423890118,12:32:02.423,22.1900,100
45126423672005,12:32:06.423,22.1900,100
45259007783343,12:34:19.007,22.1900,400
45259007946442,12:34:19.007,22.1900,94
45260290742798,12:34:20.290,22.1900,100
45260290742798,12:34:20.290,22.1900,100
45260290742798,12:34:20.290,22.1900,5
45260300420518,12:34:20.300,22.1900,100
45260633673086,12:34:20.633,22.1900,94
45260633731812,12:34:20.633,22.1900,6
45260633731812,12:34:20.633,22.1900,100
45263427641725,12:34:23.427,22.1900,100
45294587295517,12:34:54.587,22.1900,100
45295427865559,12:34:55.427,22.1900,90
45317591055764,12:35:17.591,22.1900,80
45317592997903,12:35:17.592,22.1800,200
45317649471220,12:35:17.649,22.1800,100
45320516501472,12:35:20.516,22.1700,100
45320516501472,12:35:20.516,22.1700,100
45320516501472,12:35:20.516,22.1700,100
45320516501472,12:35:20.516,22.1700,100
45320516501472,12:35:20.516,22.1700,100
45325234010442,12:35:25.234,22.1700,100
45325234010442,12:35:25.234,22.1700,100
45340057232110,12:35:40.057,22.1600,100
45340057286590,12:35:40.057,22.1600,20
45344235518335,12:35:44.235,22.1600,100
45344235518335,12:35:44.235,22.1600,100
45351761032087,12:35:51.761,22.1600,100
45363237102498,12:36:03.237,22.1700,100
45363237102498,12:36:03.237,22.1700,100
45363237102498,12:36:03.237,22.1700,100
45363237978379,12:36:03.237,22.1700,100
45415424078038,12:36:55.424,22.1800,68
45415424134617,12:36:55.424,22.1800,32
45418426193054,12:36:58.426,22.1900,100
45421422971765,12:37:01.422,22.1900,100
45424422429950,12:37:04.422,22.1900,100
45429422202921,12:37:09.422,22.1900,100
45433422583915,12:37:13.422,22.1900,100
45470875517484,12:37:50.875,22.1900,100
45470884122245,12:37:50.884,22.1900,100
45476422814407,12:37:56.422,22.1900,100
45540787115534,12:39:00.787,22.1800,100
45540787314124,12:39:00.787,22.1800,100
45542127836773,12:39:02.127,22.1700,100
45542127836773,12:39:02.127,22.1700,100
45548219806873,12:39:08.219,22.1600,100
45548219806873,12:39:08.219,22.1600,100
45550241174722,12:39:10.241,22.1600,100
45550241174722,12:39:10.241,22.1600,100
45571238108921,12:39:31.238,22.1700,100
45571238108921,12:39:31.238,22.1700,100
45571238108921,12:39:31.238,22.1700,99
45579204633672,12:39:39.204,22.1600,44
45596265650548,12:39:56.265,22.1600,100
45607260645538,12:40:07.260,22.1600,100
45648749726745,12:40:48.749,22.1600,100
45648749767042,12:40:48.749,22.1600,100
45648749794339,12:40:48.749,22.1600,100
45648749796613,12:40:48.749,22.1600,100
45695992647693,12:41:35.992,22.1600,100
45695992647693,12:41:35.992,22.1600,124
45696251227692,12:41:36.251,22.1600,100
45872681932974,12:44:32.681,22.1600,89
45872682490940,12:44:32.682,22.1600,11
45872682490940,12:44:32.682,22.1600,26
45872683083146,12:44:32.683,22.1600,74
45885538356087,12:44:45.538,22.1500,100
45885538356087,12:44:45.538,22.1500,100
45885605907625,12:44:45.605,22.1500,25
45886252968616,12:44:46.252,22.1500,100
45886253127127,12:44:46.253,22.1500,100
45897461309202,12:44:57.461,22.1600,86
45901760304096,12:45:01.760,22.1500,100
45905030331316,12:45:05.030,22.1500,100
45913424542949,12:45:13.424,22.1400,99
45919221669139,12:45:19.221,22.1400,1
45925168855834,12:45:25.168,22.1500,100
45925168855834,12:45:25.168,22.1500,100
45928949073533,12:45:28.949,22.1400,100
45928949073533,12:45:28.949,22.1400,100
45928949073533,12:45:28.949,22.1400,120
45928949073533,12:45:28.949,22.1400,80
45928949141196,12:45:28.949,22.1400,20
45935686756300,12:45:35.686,22.1400,100
45957269880770,12:45:57.269,22.1400,100
45976252630144,12:46:16.252,22.1400,100
46014532885041,12:46:54.532,22.1400,100
46018425898485,12:46:58.425,22.1500,100
46018425898485,12:46:58.425,22.1500,100
46018425934262,12:46:58.425,22.1500,100
46018425934815,12:46:58.425,22.1500,100
46018426336167,12:46:58.426,22.1500,90
46018426342877,12:46:58.426,22.1500,5
46018426734899,12:46:58.426,22.1500,5
46018426734899,12:46:58.426,22.1500,100
46018426734899,12:46:58.426,22.1500,200
46018426734899,12:46:58.426,22.1500,95
46018427219244,12:46:58.427,22.1500,5
46018427219244,12:46:58.427,22.1500,95
46018427254893,12:46:58.427,22.1500,5
46021422489594,12:47:01.422,22.1500,200
46090116178007,12:48:10.116,22.1500,100
46090116178007,12:48:10.116,22.1500,100
46091795505927,12:48:11.795,22.1400,100
46091795539770,12:48:11.795,22.1400,100
46099286557950,12:48:19.286,22.1300,100
46150985288349,12:49:10.985,22.1300,180
46150985288349,12:49:10.985,22.1300,20
46232425373819,12:50:32.425,22.1500,100
46270590083320,12:51:10.590,22.1400,100
46270590083320,12:51:10.590,22.1400,100
46270639020507,12:51:10.639,22.1400,100
46270639020507,12:51:10.639,22.1400,20
46270639071129,12:51:10.639,22.1400,80
46296422321864,12:51:36.422,22.1400,100
46348422764160,12:52:28.422,22.1500,100
46389728623824,12:53:09.728,22.1400,100
46502251365995,12:55:02.251,22.1400,3
46528933656414,12:55:28.933,22.1300,100
46528933656414,12:55:28.933,22.1300,100
46528933656414,12:55:28.933,22.1300,40
46528933656414,12:55:28.933,22.1300,100
46528933656414,12:55:28.933,22.1300,60
46528933695270,12:55:28.933,22.1300,40
46528933697113,12:55:28.933,22.1300,40
46528933731225,12:55:28.933,22.1300,40
46528933769112,12:55:28.933,22.1300,20
46528933980462,12:55:28.933,22.1300,100
46531553198756,12:55:31.553,22.1200,100
46531553198756,12:55:31.553,22.1200,100
46563613856846,12:56:03.613,22.1100,100
46563613856846,12:56:03.613,22.1100,100
46563642735585,12:56:03.642,22.1000,100
46563642735585,12:56:03.642,22.1000,46
46570424014668,12:56:10.424,22.1100,42
46573489145931,12:56:13.489,22.1100,100
46573489184032,12:56:13.489,22.1100,55
46573489184032,12:56:13.489,22.1100,100
46573489184032,12:56:13.489,22.1100,100
46625181896690,12:57:05.181,22.1200,3
46701424130426,12:58:21.424,22.1200,97
46701424130426,12:58:21.424,22.1200,3
46704425234775,12:58:24.425,22.1200,97
46704425234775,12:58:24.425,22.1200,3
46709424992049,12:58:29.424,22.1200,95
46709424992049,12:58:29.424,22.1200,5
46712425143622,12:58:32.425,22.1200,95
46712425143622,12:58:32.425,22.1200,5
46791930985340,12:59:51.930,22.1200,3
46791931483608,12:59:51.931,22.1200,92
46791931483608,12:59:51.931,22.1200,8
46791932003734,12:59:51.932,22.1150,300
46810972741524,13:00:10.972,22.1200,100
46822425585981,13:00:22.425,22.1200,100
46824563804157,13:00:24.563,22.1150,227
46827424350397,13:00:27.424,22.1200,100
46887966748064,13:01:27.966,22.1200,50
46900874378561,13:01:40.874,22.1200,3
46982347512937,13:03:02.347,22.1100,100
46982347554556,13:03:02.347,22.1100,100
46982347882926,13:03:02.347,22.1100,200
46982347882926,13:03:02.347,22.1100,100
46982347980376,13:03:02.347,22.1100,98
46982347988308,13:03:02.347,22.1100,2
46982347988308,13:03:02.347,22.1100,98
46984110633003,13:03:04.110,22.1000,100
47014676899993,13:03:34.676,22.0900,100
47014676899993,13:03:34.676,22.0900,100
47086424523514,13:04:46.424,22.0900,47
47086424523514,13:04:46.424,22.0900,53
47116617383466,13:05:16.617,22.0900,40
47116617383466,13:05:16.617,22.0900,60
47116617512781,13:05:16.617,22.0900,40
47116617512781,13:05:16.617,22.0900,36
47116622402004,13:05:16.622,22.0900,100
47117822611831,13:05:17.822,22.0900,100
47118022787795,13:05:18.022,22.0900,100
47124773600335,13:05:24.773,22.0900,200
47128423742591,13:05:28.423,22.0900,100
47128424212409,13:05:28.424,22.0900,100
47143424891918,13:05:43.424,22.0900,100
47180634011128,13:06:20.634,22.0800,100
47180634880243,13:06:20.634,22.0800,100
47210243547494,13:06:50.243,22.0800,100
47210243547494,13:06:50.243,22.0800,100
47447258517347,13:10:47.258,22.0900,100
47447258517347,13:10:47.258,22.0900,75
47447258517347,13:10:47.258,22.0900,25
47447258580760,13:10:47.258,22.0900,75
47447258580760,13:10:47.258,22.0900,10
47447258580760,13:10:47.258,22.0900,10
47447258580760,13:10:47.258,22.0900,100
47447258580760,13:10:47.258,22.0900,100
47447258617776,13:10:47.258,22.0900,100
47447258617776,13:10:47.258,22.0900,95
47447258631168,13:10:47.258,22.0900,100
47447258736970,13:10:47.258,22.0900,100
47449767025733,13:10:49.767,22.0900,100
47460020617599,13:11:00.020,22.0900,100
47460423515253,13:11:00.423,22.0900,100
47465423601789,13:11:05.423,22.0900,100
47470422723353,13:11:10.422,22.0900,100
47475422438282,13:11:15.422,22.0900,100
47495020883709,13:11:35.020,22.0900,100
47508170678884,13:11:48.170,22.0900,100
47552689934781,13:12:32.689,22.0900,100
47574807027672,13:12:54.807,22.0900,5
47574807027672,13:12:54.807,22.0900,95
47574810183325,13:12:54.810,22.0900,5
47574852150038,13:12:54.852,22.0900,100
47574852150038,13:12:54.852,22.0900,100
47605023967149,13:13:25.023,22.0800,100
47605023967149,13:13:25.023,22.0800,27
47605024024708,13:13:25.024,22.0800,46
47605024131017,13:13:25.024,22.0800,27
47737608979835,13:15:37.608,22.0700,100
47755423814782,13:15:55.423,22.0750,100
47780842690867,13:16:20.842,22.0750,300
47858289964410,13:17:38.289,22.0700,100
47858289964410,13:17:38.289,22.0700,100
47858289964410,13:17:38.289,22.0700,100
47858289964410,13:17:38.289,22.0700,100
47858289964410,13:17:38.289,22.0700,100
47858291134673,13:17:38.291,22.0700,100
47858291134673,13:17:38.291,22.0700,100
47879423098201,13:17:59.423,22.0650,100
47901874335178,13:18:21.874,22.0600,100
47901874400896,13:18:21.874,22.0600,100
47912735315455,13:18:32.735,22.0600,59
47912735315455,13:18:32.735,22.0600,41
47912735359843,13:18:32.735,22.0600,59
47913888644255,13:18:33.888,22.0500,100
47913888684031,13:18:33.888,22.0500,100
48002034507357,13:20:02.034,22.0400,70
48003304324672,13:20:03.304,22.0400,3
48053748062214,13:20:53.748,22.0400,3
48130975226497,13:22:10.975,22.0400,109
48130975312422,13:22:10.975,22.0400,76
48130975351126,13:22:10.975,22.0400,12
48130975767629,13:22:10.975,22.0400,12
48130975946728,13:22:10.975,22.0400,88
48130975948280,13:22:10.975,22.0400,100
48131020357119,13:22:11.020,22.0500,200
48131020357119,13:22:11.020,22.0500,29
48131020488295,13:22:11.020,22.0500,71
48131020488295,13:22:11.020,22.0500,100
48131020488295,13:22:11.020,22.0500,29
48131020526329,13:22:11.020,22.0500,71
48131020526329,13:22:11.020,22.0500,29
48131032460504,13:22:11.032,22.0500,100
48131044231622,13:22:11.044,22.0500,100
48131167627519,13:22:11.167,22.0500,100
48131399579830,13:22:11.399,22.0500,100
48132532394949,13:22:12.532,22.0500,96
48135739234687,13:22:15.739,22.0500,4
48135739234687,13:22:15.739,22.0500,96
48137403072067,13:22:17.403,22.0500,4
48137441705250,13:22:17.441,22.0400,100
48137441761714,13:22:17.441,22.0400,100
48137441796951,13:22:17.441,22.0400,100
48137883921664,13:22:17.883,22.0300,100
48137883921664,13:22:17.883,22.0300,100
48137884453668,13:22:17.884,22.0300,100
48155734512015,13:22:35.734,22.0300,80
48199369883500,13:23:19.369,22.0300,100
48199369883500,13:23:19.369,22.0300,100
48199369883500,13:23:19.369,22.0300,100
48240425002413,13:24:00.425,22.0400,100
48305377022690,13:25:05.377,22.0400,100
48364464192131,13:26:04.464,22.0300,100
48682476408101,13:31:22.476,22.0400,100
48692669353971,13:31:32.669,22.0400,100
48697231569644,13:31:37.231,22.0400,100
48697231683684,13:31:37.231,22.0400,100
48820562578977,13:33:40.562,22.0400,100
48832503808991,13:33:52.503,22.0300,100
48832503808991,13:33:52.503,22.0300,100
48832503909910,13:33:52.503,22.0300,13
48915232387369,13:35:15.232,22.0200,100
48927588511545,13:35:27.588,22.0200,100
48930883726251,13:35:30.883,22.0200,100
48946065205641,13:35:46.065,22.0200,33
48956056038294,13:35:56.056,22.0300,200
49077291069406,13:37:57.291,22.0400,100
49139315438072,13:38:59.315,22.0400,200
49139315438072,13:38:59.315,22.0400,300
49139316092585,13:38:59.316,22.0400,31
49151435433951,13:39:11.435,22.0300,100
49172904624400,13:39:32.904,22.0300,100
49172904624400,13:39:32.904,22.0300,100
49172905876289,13:39:32.905,22.0300,100
49174076246116,13:39:34.076,22.0300,100
49200263826274,13:40:00.263,22.0400,97
49200263826274,13:40:00.263,22.0400,3
49252317767513,13:40:52.317,22.0300,100
49252317767513,13:40:52.317,22.0300,100
49252317767513,13:40:52.317,22.0300,100
49293372206146,13:41:33.372,22.0300,100
49293372206146,13:41:33.372,22.0300,100
49293372206146,13:41:33.372,22.0300,100
49338322230871,13:42:18.322,22.0300,98
49338322298855,13:42:18.322,22.0300,2
49340958479364,13:42:20.958,22.0300,100
49340958595626,13:42:20.958,22.0300,100
49340960043910,13:42:20.960,22.0300,100
49340960043910,13:42:20.960,22.0300,100
49340960043910,13:42:20.960,22.0300,100
49347376995121,13:42:27.376,22.0300,100
49347377168499,13:42:27.377,22.0300,100
49347377168499,13:42:27.377,22.0300,222
49349127352826,13:42:29.127,22.0300,10
49372892907152,13:42:52.892,22.0300,100
49372892907152,13:42:52.892,22.0300,100
49380441292160,13:43:00.441,22.0300,100
49380441493024,13:43:00.441,22.0300,500
49380441493024,13:43:00.441,22.0300,100
49380441493024,13:43:00.441,22.0300,100
49380441493024,13:43:00.441,22.0300,100
49380441493024,13:43:00.441,22.0300,100
49380441585593,13:43:00.441,22.0300,100
49380441585593,13:43:00.441,22.0300,100
49380441585593,13:43:00.441,22.0300,100
49380441585593,13:43:00.441,22.0300,100
49380441585593,13:43:00.441,22.0300,100
49380441585593,13:43:00.441,22.0300,100
49385073854752,13:43:05.073,22.0300,100
49386073651122,13:43:06.073,22.0300,47
49388606000584,13:43:08.606,22.0300,53
49388606000584,13:43:08.606,22.0300,47
49412706872039,13:43:32.706,22.0300,100
49412706872039,13:43:32.706,22.0300,100
49412706872039,13:43:32.706,22.0300,100
49470115600197,13:44:30.115,22.0200,16
49470117610039,13:44:30.117,22.0100,100
49470117641600,13:44:30.117,22.0100,100
49666470259731,13:47:46.470,22.0000,100
49666470259731,13:47:46.470,22.0000,100
49666470259731,13:47:46.470,22.0000,100
49666470843681,13:47:46.470,22.0000,100
49666470843681,13:47:46.470,22.0000,27
49666470925960,13:47:46.470,22.0000,73
49672036539744,13:47:52.036,22.0000,100
49675127590389,13:47:55.127,21.9900,13
49675127626123,13:47:55.127,21.9900,87
49737359042260,13:48:57.359,21.9800,50
49737359705135,13:48:57.359,21.9800,100
49737359705135,13:48:57.359,21.9800,100
49739325128412,13:48:59.325,21.9700,100
49739325128412,13:48:59.325,21.9700,100
49769194738488,13:49:29.194,21.9600,100
49822677601590,13:50:22.677,21.9600,87
49822677967627,13:50:22.677,21.9600,13
49822677967627,13:50:22.677,21.9600,16
49823478095386,13:50:23.478,21.9600,84
49823478095386,13:50:23.478,21.9600,100
49855265387224,13:50:55.265,21.9600,54
49939639798930,13:52:19.639,21.9650,19
49981173346944,13:53:01.173,21.9700,100
49981173346944,13:53:01.173,21.9700,1
49981173346944,13:53:01.173,21.9700,76
50106022432377,13:55:06.022,21.9850,82
50106022454984,13:55:06.022,21.9850,200
50118264131396,13:55:18.264,21.9900,3
50263532022625,13:57:43.532,21.9900,2
50341357912524,13:59:01.357,21.9800,10
50342891862212,13:59:02.891,21.9700,100
50402220107710,14:00:02.220,21.9600,100
50402702929542,14:00:02.702,21.9600,100
50402702929542,14:00:02.702,21.9600,9
50402702929542,14:00:02.702,21.9600,100
50402702929542,14:00:02.702,21.9600,200
50402703347722,14:00:02.703,21.9700,100
50402703347722,14:00:02.703,21.9700,100
50402703347722,14:00:02.703,21.9700,101
50402703347722,14:00:02.703,21.9700,99
50402706903426,14:00:02.706,21.9700,1
50402706903426,14:00:02.706,21.9700,100
50402714630746,14:00:02.714,21.9600,200
50402714630746,14:00:02.714,21.9600,100
50402714630746,14:00:02.714,21.9600,200
50402714630746,14:00:02.714,21.9600,100
50402714630746,14:00:02.714,21.9500,100
50402714630746,14:00:02.714,21.9500,100
50403157853139,14:00:03.157,21.9600,100
50403164731171,14:00:03.164,21.9600,100
50409010382198,14:00:09.010,21.9700,100
50409010404400,14:00:09.010,21.9800,100
50409010617697,14:00:09.010,21.9900,100
50409010617697,14:00:09.010,21.9900,10
50409010696948,14:00:09.010,21.9700,100
50409011611297,14:00:09.011,21.9700,100
50416138865654,14:00:16.138,21.9800,40
50423327646699,14:00:23.327,21.9800,60
50425106953860,14:00:25.106,21.9800,100
50464450778848,14:01:04.450,22.0100,58
50464450786974,14:01:04.450,22.0100,42
50479211535766,14:01:19.211,22.0100,27
50479211560338,14:01:19.211,22.0100,73
50479306311028,14:01:19.306,22.0000,100
50479309476188,14:01:19.309,22.0000,100
50515094065271,14:01:55.094,22.0200,100
50520004592301,14:02:00.004,22.0200,34
50536962061688,14:02:16.962,22.0100,42
50536962221017,14:02:16.962,22.0100,4
50536962521304,14:02:16.962,22.0100,54
50536962521304,14:02:16.962,22.0100,46
50536963554334,14:02:16.963,22.0100,54
50536963554334,14:02:16.963,22.0100,54
50536963589550,14:02:16.963,22.0100,46
50607075730836,14:03:27.075,22.0200,66
50607075730836,14:03:27.075,22.0200,16
50615081970451,14:03:35.081,22.0300,100
50615082596196,14:03:35.082,22.0300,100
50615140514884,14:03:35.140,22.0300,100
50649807041004,14:04:09.807,22.0400,100
50657821412116,14:04:17.821,22.0300,100
50657821412116,14:04:17.821,22.0300,100
50671963824385,14:04:31.963,22.0400,291
50691365425131,14:04:51.365,22.0400,9
50691365425131,14:04:51.365,22.0500,100
50691365425131,14:04:51.365,22.0500,91
50691366513666,14:04:51.366,22.0500,9
50691366513666,14:04:51.366,22.0500,100
50691366563647,14:04:51.366,22.0500,109
50723032826435,14:05:23.032,22.0500,100
50723032826435,14:05:23.032,22.0500,100
50723033013888,14:05:23.033,22.0500,100
50723033013888,14:05:23.033,22.0500,34
50723033013888,14:05:23.033,22.0500,100
50723033106202,14:05:23.033,22.0500,100
50723033106202,14:05:23.033,22.0500,100
50723033182539,14:05:23.033,22.0500,34
50723033529975,14:05:23.033,22.0550,200
50723033836627,14:05:23.033,22.0500,134
50723033999439,14:05:23.033,22.0500,100
50723035571407,14:05:23.035,22.0500,100
50779269882859,14:06:19.269,22.0400,100
50780165011732,14:06:20.165,22.0300,100
50795514197933,14:06:35.514,22.0400,100
50827461066501,14:07:07.461,22.0200,100
50862581575757,14:07:42.581,22.0100,100
50862581681613,14:07:42.581,22.0100,100
50998612065848,14:09:58.612,21.9900,100
50998612163066,14:09:58.612,21.9900,17
50998612191187,14:09:58.612,21.9900,17
50998613923068,14:09:58.613,21.9900,66
50998615609819,14:09:58.615,21.9900,100
51003759680886,14:10:03.759,22.0000,100
51003759680886,14:10:03.759,22.0000,100
51007096846126,14:10:07.096,22.0100,80
51007096846126,14:10:07.096,22.0100,97
51007096846126,14:10:07.096,22.0100,100
51007098034717,14:10:07.098,22.0100,100
51008795068129,14:10:08.795,22.0100,100
51008796329476,14:10:08.796,22.0100,100
51008796329476,14:10:08.796,22.0100,100
51011354354348,14:10:11.354,22.0200,23
51011355176506,14:10:11.355,22.0200,77
51011355176506,14:10:11.355,22.0200,37
51011355780190,14:10:11.355,22.0200,63
51011355780190,14:10:11.355,22.0200,41
51102509216378,14:11:42.509,22.0200,100
51132134322080,14:12:12.134,22.0200,100
51153061261559,14:12:33.061,22.0400,100
51153061370431,14:12:33.061,22.0500,100
51153061370431,14:12:33.061,22.0500,100
51153061370431,14:12:33.061,22.0500,100
51153061457186,14:12:33.061,22.0500,100
51153061667131,14:12:33.061,22.0500,100
51153061667131,14:12:33.061,22.0500,100
51153063078647,14:12:33.063,22.0500,100
51154672005309,14:12:34.672,22.0500,100
51154672177923,14:12:34.672,22.0500,100
51154672177923,14:12:34.672,22.0500,100
51260374389251,14:14:20.374,22.0500,100
51260374389251,14:14:20.374,22.0500,100
51273562281971,14:14:33.562,22.0500,100
51273562281971,14:14:33.562,22.0500,100
51273562281971,14:14:33.562,22.0500,100
51273562488140,14:14:33.562,22.0500,100
51273562488140,14:14:33.562,22.0500,100
51273562488140,14:14:33.562,22.0500,100
51275810354741,14:14:35.810,22.0500,100
51275811632327,14:14:35.811,22.0500,100
51275811632327,14:14:35.811,22.0500,200
51275811632327,14:14:35.811,22.0500,100
51275811632327,14:14:35.811,22.0500,200
51275811632327,14:14:35.811,22.0500,100
51300236672179,14:15:00.236,22.0400,100
51300236672179,14:15:00.236,22.0400,100
51300236672179,14:15:00.236,22.0400,100
51300236672179,14:15:00.236,22.0400,100
51300237102576,14:15:00.237,22.0400,100
51300238041933,14:15:00.238,22.0400,100
51300243348520,14:15:00.243,22.0400,100
51300245705294,14:15:00.245,22.0400,100
51300246524412,14:15:00.246,22.0400,100
51300247154097,14:15:00.247,22.0400,100
51300254131743,14:15:00.254,22.0400,100
51323312794667,14:15:23.312,22.0400,26
51323312837694,14:15:23.312,22.0400,74
51323312837694,14:15:23.312,22.0400,62
51400289024168,14:16:40.289,22.0500,100
51400289024168,14:16:40.289,22.0500,2
51400289076666,14:16:40.289,22.0500,98
51400289076666,14:16:40.289,22.0500,100
51400289275635,14:16:40.289,22.0500,100
51400289459782,14:16:40.289,22.0500,5
51400289493456,14:16:40.289,22.0500,95
51400289493456,14:16:40.289,22.0500,100
51450192778656,14:17:30.192,22.0500,100
51450192778656,14:17:30.192,22.0500,100
51450192778656,14:17:30.192,22.0500,100
51450192980485,14:17:30.192,22.0500,300
51450192980485,14:17:30.192,22.0500,100
51450192980485,14:17:30.192,22.0500,100
51450192980485,14:17:30.192,22.0500,100
51450192980485,14:17:30.192,22.0500,17
51450193090025,14:17:30.193,22.0500,100
51450193110503,14:17:30.193,22.0500,100
51450193125990,14:17:30.193,22.0500,100
51521100143908,14:18:41.100,22.0400,100
51521100143908,14:18:41.100,22.0400,91
51521100376557,14:18:41.100,22.0400,7
51521100405764,14:18:41.100,22.0400,2
51521100405764,14:18:41.100,22.0400,100
51521100405764,14:18:41.100,22.0400,100
51521100405764,14:18:41.100,22.0400,100
51571507326868,14:19:31.507,22.0200,100
51571507326868,14:19:31.507,22.0200,10
51582273999561,14:19:42.273,22.0300,100
51586840971639,14:19:46.840,22.0400,2
51603441359125,14:20:03.441,22.0300,100
51603444195009,14:20:03.444,22.0300,100
51625417465520,14:20:25.417,22.0200,100
51625417465520,14:20:25.417,22.0200,100
51715231874402,14:21:55.231,22.0300,100
51715231937977,14:21:55.231,22.0300,67
51775778301756,14:22:55.778,22.0400,28
51775778304192,14:22:55.778,22.0400,72
51803802188463,14:23:23.802,22.0500,100
51803802188463,14:23:23.802,22.0500,100
51803802188463,14:23:23.802,22.0500,100
51803810147506,14:23:23.810,22.0500,100
51803852253414,14:23:23.852,22.0500,100
51848889087786,14:24:08.889,22.0400,19
51848889362855,14:24:08.889,22.0400,81
51848889362855,14:24:08.889,22.0400,100
51848889362855,14:24:08.889,22.0400,100
51848889362855,14:24:08.889,22.0400,100
51912698311263,14:25:12.698,22.0300,99
51959361580811,14:25:59.361,22.0300,11
51959361668683,14:25:59.361,22.0300,89
51959361668683,14:25:59.361,22.0300,100
51973472850115,14:26:13.472,22.0200,100
51996936574500,14:26:36.936,22.0100,100
52031201380500,14:27:11.201,22.0000,100
52031201380500,14:27:11.201,22.0000,100
52123185869742,14:28:43.185,21.9900,200
52123185869742,14:28:43.185,21.9900,11
52123186299848,14:28:43.186,21.9900,89
52225551932083,14:30:25.551,21.9900,300
52225551932083,14:30:25.551,21.9900,100
52225552262660,14:30:25.552,21.9900,100
52311646386630,14:31:51.646,21.9900,100
52311646386630,14:31:51.646,21.9900,100
52311647110949,14:31:51.647,21.9800,26
52445250503840,14:34:05.250,21.9850,8
52454621489034,14:34:14.621,21.9900,13
52517330723204,14:35:17.330,21.9900,82
52517330750582,14:35:17.330,21.9900,18
52517330750582,14:35:17.330,21.9900,200
52517330750582,14:35:17.330,21.9900,100
52574174399656,14:36:14.174,21.9800,100
52577178901392,14:36:17.178,21.9800,100
52577178901392,14:36:17.178,21.9800,100
52579388894861,14:36:19.388,21.9800,100
52658205529557,14:37:38.205,21.9800,100
52720027130970,14:38:40.027,21.9900,100
52720027130970,14:38:40.027,21.9900,100
52720027130970,14:38:40.027,21.9900,86
52720027508431,14:38:40.027,21.9900,40
52720027512765,14:38:40.027,21.9900,119
52720027549037,14:38:40.027,21.9900,41
52720027738075,14:38:40.027,21.9900,14
52755472227082,14:39:15.472,22.0000,100
52755472227082,14:39:15.472,22.0000,100
52755472227082,14:39:15.472,22.0000,100
52755472227082,14:39:15.472,22.0000,100
52755472407483,14:39:15.472,22.0000,14
52755472434394,14:39:15.472,22.0000,86
52800257949089,14:40:00.257,22.0100,20
52800257949089,14:40:00.257,22.0100,100
52803173494701,14:40:03.173,22.0200,100
52804124415029,14:40:04.124,22.0200,100
52885085990239,14:41:25.085,22.0300,20
52885086354376,14:41:25.086,22.0400,100
52885086354376,14:41:25.086,22.0400,100
52907755530535,14:41:47.755,22.0400,100
52937095642299,14:42:17.095,22.0400,100
52985559202457,14:43:05.559,22.0300,50
52985559205492,14:43:05.559,22.0300,50
52985559205492,14:43:05.559,22.0300,100
52985559205492,14:43:05.559,22.0300,100
52985559205492,14:43:05.559,22.0300,17
52985559391876,14:43:05.559,22.0300,83
52987517662346,14:43:07.517,22.0200,100
52995047661362,14:43:15.047,22.0200,100
52995047690878,14:43:15.047,22.0200,100
52998973485862,14:43:18.973,22.0100,100
53006796700307,14:43:26.796,22.0100,100
53028640169735,14:43:48.640,22.0200,100
53075354255128,14:44:35.354,22.0200,52
53146117218999,14:45:46.117,22.0400,51
53146117218999,14:45:46.117,22.0400,49
53165570910927,14:46:05.570,22.0300,100
53165570945197,14:46:05.570,22.0300,100
53181387872088,14:46:21.387,22.0200,100
53181387872088,14:46:21.387,22.0200,32
53216971826826,14:46:56.971,22.0400,100
53238798311079,14:47:18.798,22.0500,100
53240229865879,14:47:20.229,22.0500,100
53240394724962,14:47:20.394,22.0500,100
53243489015307,14:47:23.489,22.0500,100
53279719982203,14:47:59.719,22.0400,100
53279719982203,14:47:59.719,22.0400,100
53279755516407,14:47:59.755,22.0400,100
53280193695810,14:48:00.193,22.0400,100
53309688252374,14:48:29.688,22.0400,100
53309688689246,14:48:29.688,22.0400,100
53347920418648,14:49:07.920,22.0400,100
53347920418648,14:49:07.920,22.0400,100
53372527094017,14:49:32.527,22.0300,100
53372527094017,14:49:32.527,22.0300,100
53463248632070,14:51:03.248,22.0100,100
53463248632070,14:51:03.248,22.0100,100
53463250677172,14:51:03.250,22.0100,12
53471568393026,14:51:11.568,22.0000,100
53471568393026,14:51:11.568,22.0000,100
53471568393026,14:51:11.568,22.0000,100
53511101577450,14:51:51.101,22.0000,100
53511101577450,14:51:51.101,22.0000,100
53511101577450,14:51:51.101,22.0000,100
53511101577450,14:51:51.101,22.0000,37
53511101577450,14:51:51.101,22.0000,54
53515916219722,14:51:55.916,22.0100,100
53515916219722,14:51:55.916,22.0100,100
53596858909538,14:53:16.858,22.0500,100
53639238315676,14:53:59.238,22.0500,100
53639238370114,14:53:59.238,22.0500,100
53639238631253,14:53:59.238,22.0500,100
53639238631253,14:53:59.238,22.0500,100
53639239004908,14:53:59.239,22.0500,100
53639239198676,14:53:59.239,22.0500,100
53639239198676,14:53:59.239,22.0500,100
53639239198676,14:53:59.239,22.0500,100
53639239198676,14:53:59.239,22.0500,100
53639239198676,14:53:59.239,22.0500,100
53639873891515,14:53:59.873,22.0500,100
53639874088898,14:53:59.874,22.0500,200
53639874088898,14:53:59.874,22.0500,100
53639874088898,14:53:59.874,22.0500,100
53639874088898,14:53:59.874,22.0500,100
53652978855461,14:54:12.978,22.0500,100
53688128214390,14:54:48.128,22.0400,100
53688128214390,14:54:48.128,22.0400,100
53688128214390,14:54:48.128,22.0400,100
53688128214390,14:54:48.128,22.0400,100
53688128214390,14:54:48.128,22.0400,100
53700000406484,14:55:00.000,22.0400,34
53700000479785,14:55:00.000,22.0400,22
53700000521090,14:55:00.000,22.0400,44
53705709523726,14:55:05.709,22.0400,100
53705709523726,14:55:05.709,22.0400,10
53783879476157,14:56:23.879,22.0400,100
53789963979933,14:56:29.963,22.0400,100
53799296015972,14:56:39.296,22.0500,4
53799296117976,14:56:39.296,22.0500,2
53799296256190,14:56:39.296,22.0500,1
53799296377160,14:56:39.296,22.0500,1
53860767229446,14:57:40.767,22.0500,92
53860767229446,14:57:40.767,22.0500,100
53860767229446,14:57:40.767,22.0500,8
53863644474989,14:57:43.644,22.0500,92
53863644474989,14:57:43.644,22.0500,56
53863644732590,14:57:43.644,22.0500,44
53863644732590,14:57:43.644,22.0500,100
53863645343050,14:57:43.645,22.0500,52
53863645692105,14:57:43.645,22.0500,48
53863645692105,14:57:43.645,22.0500,96
53863649532003,14:57:43.649,22.0500,45
53863677440635,14:57:43.677,22.0500,55
53863677440635,14:57:43.677,22.0500,100
53863679370498,14:57:43.679,22.0500,120
53863680192314,14:57:43.680,22.0500,4
53863684753361,14:57:43.684,22.0500,96
53863684753361,14:57:43.684,22.0500,100
53863684753361,14:57:43.684,22.0500,100
53863684753361,14:57:43.684,22.0500,100
53863688748547,14:57:43.688,22.0500,300
53863688748547,14:57:43.688,22.0500,100
53879862811106,14:57:59.862,22.0500,100
53879862811106,14:57:59.862,22.0500,1
53879862811106,14:57:59.862,22.0500,99
53879862996103,14:57:59.862,22.0500,300
53879862996103,14:57:59.862,22.0500,100
53879862996103,14:57:59.862,22.0500,100
53879862996103,14:57:59.862,22.0500,100
53879862996103,14:57:59.862,22.0500,100
53879862996103,14:57:59.862,22.0500,100
53879862996103,14:57:59.862,22.0500,100
53879862996103,14:57:59.862,22.0500,100
53879862996103,14:57:59.862,22.0500,100
53879862996103,14:57:59.862,22.0500,100
53879863116804,14:57:59.863,22.0500,100
53879863116804,14:57:59.863,22.0500,100
53879863116804,14:57:59.863,22.0500,100
53879863116804,14:57:59.863,22.0500,100
53879863116804,14:57:59.863,22.0500,100
53879863116804,14:57:59.863,22.0500,100
53897165442777,14:58:17.165,22.0500,15
53903534941750,14:58:23.534,22.0500,85
53903534941750,14:58:23.534,22.0500,15
53903536511644,14:58:23.536,22.0500,100
53903536511644,14:58:23.536,22.0500,100
53903536511644,14:58:23.536,22.0500,100
53903536511644,14:58:23.536,22.0500,100
53903536511644,14:58:23.536,22.0500,100
53945300764520,14:59:05.300,22.0500,100
53945300764520,14:59:05.300,22.0500,100
53972166683330,14:59:32.166,22.0500,100
53972167267017,14:59:32.167,22.0500,100
53972167375683,14:59:32.167,22.0500,100
53992295869097,14:59:52.295,22.0500,400
54007633680661,15:00:07.633,22.0500,100
54007633680661,15:00:07.633,22.0500,100
54040483671912,15:00:40.483,22.0500,100
54059008900451,15:00:59.008,22.0400,100
54059008900451,15:00:59.008,22.0400,100
54059008900451,15:00:59.008,22.0400,100
54059008900451,15:00:59.008,22.0400,100
54059008900451,15:00:59.008,22.0400,100
54059008900451,15:00:59.008,22.0400,100
54059008900451,15:00:59.008,22.0400,100
54059008900451,15:00:59.008,22.0400,61
54059008983088,15:00:59.008,22.0400,39
54089597888792,15:01:29.597,22.0300,100
54159340951232,15:02:39.340,22.0200,49
54232532191311,15:03:52.532,22.0200,32
54368872056172,15:06:08.872,22.0200,68
54368872056172,15:06:08.872,22.0200,100
54368872056172,15:06:08.872,22.0200,100
54368872056172,15:06:08.872,22.0200,100
54368872056172,15:06:08.872,22.0200,18
54368872097262,15:06:08.872,22.0200,82
54368872097262,15:06:08.872,22.0200,88
54368872152220,15:06:08.872,22.0200,12
54368872152220,15:06:08.872,22.0200,100
54368872152220,15:06:08.872,22.0200,100
54368872152220,15:06:08.872,22.0200,70
54368872477513,15:06:08.872,22.0200,100
54368872477513,15:06:08.872,22.0200,70
54368872531467,15:06:08.872,22.0200,30
54368872531467,15:06:08.872,22.0200,100
54368872553888,15:06:08.872,22.0200,40
54368872578991,15:06:08.872,22.0200,16
54368872600621,15:06:08.872,22.0200,30
54368872600621,15:06:08.872,22.0200,60
54368872606389,15:06:08.872,22.0200,12
54368872622818,15:06:08.872,22.0200,24
54368872631068,15:06:08.872,22.0200,4
54548368874989,15:09:08.368,22.0100,100
54548368915782,15:09:08.368,22.0100,100
54548368915782,15:09:08.368,22.0100,3
54548368975932,15:09:08.368,22.0100,7
54548369055991,15:09:08.369,22.0100,31
54548369121363,15:09:08.369,22.0100,59
54578496365165,15:09:38.496,22.0000,100
54578496365165,15:09:38.496,22.0000,100
54578507008115,15:09:38.507,22.0000,100
54638608052165,15:10:38.608,22.0000,100
54638645707350,15:10:38.645,22.0000,100
54798886768465,15:13:18.886,22.0000,100
54798886768465,15:13:18.886,22.0000,100
54798886768465,15:13:18.886,22.0000,100
54798886768465,15:13:18.886,22.0000,100
54798902233017,15:13:18.902,22.0000,6
54808864323134,15:13:28.864,22.0000,100
54808864323134,15:13:28.864,22.0000,64
54808866129062,15:13:28.866,22.0000,3
54820040506500,15:13:40.040,22.0100,20
54879935307826,15:14:39.935,22.0100,2
54879935307826,15:14:39.935,22.0100,100
54921898255610,15:15:21.898,22.0200,100
54946773688117,15:15:46.773,22.0300,200
54998554567603,15:16:38.554,22.0400,7
54998554567603,15:16:38.554,22.0400,100
54998554567603,15:16:38.554,22.0400,200
54998554567603,15:16:38.554,22.0400,93
54998554595160,15:16:38.554,22.0400,7
55119149908195,15:18:39.149,22.0300,3
55175516083949,15:19:35.516,22.0400,100
55175516427798,15:19:35.516,22.0400,100
55175516606747,15:19:35.516,22.0400,100
55175516841655,15:19:35.516,22.0400,100
55175516925809,15:19:35.516,22.0400,100
55175517041787,15:19:35.517,22.0400,100
55175517136981,15:19:35.517,22.0400,100
55175517167412,15:19:35.517,22.0400,100
55175517276590,15:19:35.517,22.0400,100
55175517413104,15:19:35.517,22.0400,100
55175517741853,15:19:35.517,22.0400,100
55175517766517,15:19:35.517,22.0400,100
55175517906301,15:19:35.517,22.0400,100
55175517994565,15:19:35.517,22.0400,100
55175518657459,15:19:35.518,22.0400,40
55175518686332,15:19:35.518,22.0400,60
55318439055053,15:21:58.439,22.0300,100
55318439129180,15:21:58.439,22.0300,100
55318439157276,15:21:58.439,22.0300,97
55318439157276,15:21:58.439,22.0300,100
55318439157276,15:21:58.439,22.0300,86
55318439183031,15:21:58.439,22.0300,14
55318439183031,15:21:58.439,22.0300,86
55318439184713,15:21:58.439,22.0300,14
55318439184713,15:21:58.439,22.0300,14
55318439564720,15:21:58.439,22.0300,75
55318439575396,15:21:58.439,22.0300,11
55318439575396,15:21:58.439,22.0300,7
55318439597000,15:21:58.439,22.0300,34
55318439839786,15:21:58.439,22.0300,59
55318439839786,15:21:58.439,22.0300,100
55318439839786,15:21:58.439,22.0300,100
55318439839786,15:21:58.439,22.0300,100
55328537879532,15:22:08.537,22.0200,100
55328537879532,15:22:08.537,22.0200,100
55341654883890,15:22:21.654,22.0100,100
55341654883890,15:22:21.654,22.0100,100
55347814385810,15:22:27.814,22.0000,100
55447804135856,15:24:07.804,21.9900,100
55447804666750,15:24:07.804,21.9900,100
55673153093285,15:27:53.153,21.9900,100
55673153093285,15:27:53.153,21.9900,100
55673153093285,15:27:53.153,21.9900,100
55673153093285,15:27:53.153,21.9900,100
55673153093285,15:27:53.153,21.9900,91
55673153093285,15:27:53.153,21.9900,100
55673153093285,15:27:53.153,21.9900,26
55676964944801,15:27:56.964,22.0000,46
55676969565949,15:27:56.969,22.0000,23
55676974327352,15:27:56.974,22.0000,12
55676976912886,15:27:56.976,22.0000,6
55676981186593,15:27:56.981,22.0000,3
55676981256826,15:27:56.981,22.0000,1
55676981360658,15:27:56.981,22.0000,1
55682339169684,15:28:02.339,21.9900,100
55682339940420,15:28:02.339,21.9900,100
55682339940420,15:28:02.339,21.9900,100
55800516018474,15:30:00.516,21.9950,100
55801921011342,15:30:01.921,21.9950,100
55803502415226,15:30:03.502,21.9900,81
55803503045922,15:30:03.503,21.9900,19
55803503045922,15:30:03.503,21.9900,62
55803503551026,15:30:03.503,21.9900,38
55803503551026,15:30:03.503,21.9900,43
55803503837163,15:30:03.503,21.9900,57
55825968058918,15:30:25.968,21.9900,69
55825968058918,15:30:25.968,21.9900,131
55825968157253,15:30:25.968,21.9900,100
55825968731488,15:30:25.968,21.9900,100
55825973603789,15:30:25.973,21.9900,69
55872406793906,15:31:12.406,22.0000,8
55872406793906,15:31:12.406,22.0000,24
55872407174485,15:31:12.407,22.0000,76
55872407174485,15:31:12.407,22.0000,24
55872414231687,15:31:12.414,22.0000,76
55872414231687,15:31:12.414,22.0000,100
55872414231687,15:31:12.414,22.0000,100
55872414580934,15:31:12.414,22.0000,100
55872414580934,15:31:12.414,22.0000,200
55872416461693,15:31:12.416,22.0000,200
56039594756262,15:33:59.594,22.0000,200
56039594756262,15:33:59.594,22.0000,100
56039594756262,15:33:59.594,22.0000,100
56039594756262,15:33:59.594,22.0000,100
56039594756262,15:33:59.594,22.0000,32
56039594756262,15:33:59.594,22.0000,100
56039594756262,15:33:59.594,22.0000,100
56040351434565,15:34:00.351,21.9900,100
56040351434565,15:34:00.351,21.9900,46
56040351434565,15:34:00.351,21.9900,54
56040351463455,15:34:00.351,21.9900,146
56054041957772,15:34:14.041,21.9800,100
56060482028825,15:34:20.482,21.9700,100
56071905980932,15:34:31.905,21.9700,100
56071906013170,15:34:31.906,21.9700,20
56071906013170,15:34:31.906,21.9700,100
56136546883166,15:35:36.546,21.9800,100
56136546883166,15:35:36.546,21.9800,100
56136546944646,15:35:36.546,21.9800,200
56136546944646,15:35:36.546,21.9800,100
56136547522884,15:35:36.547,21.9800,200
56136548623759,15:35:36.548,21.9800,100
56136548623759,15:35:36.548,21.9800,100
56272455463848,15:37:52.455,21.9800,100
56272455463848,15:37:52.455,21.9800,89
56297286161159,15:38:17.286,21.9800,100
56297286161159,15:38:17.286,21.9800,100
56297286161159,15:38:17.286,21.9800,100
56297286161159,15:38:17.286,21.9800,100
56368841356363,15:39:28.841,21.9800,4
56461025124701,15:41:01.025,21.9800,96
56461025124701,15:41:01.025,21.9800,4
56461025247238,15:41:01.025,21.9800,96
56461025247238,15:41:01.025,21.9800,4
56498841060013,15:41:38.841,21.9700,100
56498841060013,15:41:38.841,21.9700,89
56498841295227,15:41:38.841,21.9700,11
56498841295227,15:41:38.841,21.9700,89
56498843249493,15:41:38.843,21.9700,11
56498843249493,15:41:38.843,21.9700,100
56498843249493,15:41:38.843,21.9700,59
56498843796324,15:41:38.843,21.9700,41
56498843796324,15:41:38.843,21.9700,48
56498844322954,15:41:38.844,21.9700,3
56498844322954,15:41:38.844,21.9700,100
56498844322954,15:41:38.844,21.9700,100
56498844713693,15:41:38.844,21.9700,100
56499158214966,15:41:39.158,21.9600,15
56499158214966,15:41:39.158,21.9600,100
56499158214966,15:41:39.158,21.9600,85
56499158256915,15:41:39.158,21.9600,15
56499158256915,15:41:39.158,21.9600,84
56499484468457,15:41:39.484,21.9600,100
56499484710948,15:41:39.484,21.9600,16
56531438152142,15:42:11.438,21.9600,45
56534192470222,15:42:14.192,21.9600,55
56534192470222,15:42:14.192,21.9600,100
56534192470222,15:42:14.192,21.9600,23
56534192502096,15:42:14.192,21.9600,277
56534192502096,15:42:14.192,21.9600,100
56534192502096,15:42:14.192,21.9600,100
56534192502096,15:42:14.192,21.9600,264
56539315465652,15:42:19.315,21.9700,100
56539315520732,15:42:19.315,21.9700,100
56539358195599,15:42:19.358,21.9700,37
56736167853037,15:45:36.167,21.9800,96
56736167853037,15:45:36.167,21.9800,100
56736167853037,15:45:36.167,21.9800,100
56736167853037,15:45:36.167,21.9800,134
56736167859630,15:45:36.167,21.9800,19
56754536320336,15:45:54.536,21.9900,55
56754537715067,15:45:54.537,21.9900,45
56784717178086,15:46:24.717,21.9900,34
56817211705505,15:46:57.211,21.9900,66
56817211705505,15:46:57.211,21.9900,12
56821026282388,15:47:01.026,21.9950,100
56837103576419,15:47:17.103,21.9900,200
56837103576419,15:47:17.103,21.9900,200
56837103576419,15:47:17.103,21.9900,400
56837103576419,15:47:17.103,21.9900,13
56837103576419,15:47:17.103,21.9900,100
56837104562441,15:47:17.104,21.9900,900
56837104562441,15:47:17.104,21.9900,13
56837529963850,15:47:17.529,21.9850,118
56858037179387,15:47:38.037,21.9800,36
56889034825342,15:48:09.034,21.9700,100
56889035014679,15:48:09.035,21.9700,100
56889035203544,15:48:09.035,21.9700,41
56889035203544,15:48:09.035,21.9700,51
56889035219464,15:48:09.035,21.9700,8
56889035308938,15:48:09.035,21.9700,92
56889035370501,15:48:09.035,21.9700,49
56889035370501,15:48:09.035,21.9700,51
56889035469240,15:48:09.035,21.9700,49
56892573963660,15:48:12.573,21.9600,100
56892574066058,15:48:12.574,21.9600,100
56892574066058,15:48:12.574,21.9600,84
56892574093628,15:48:12.574,21.9600,1
56937353861297,15:48:57.353,21.9600,40
56940088000915,15:49:00.088,21.9600,60
56940088000915,15:49:00.088,21.9600,340
56940088084172,15:49:00.088,21.9600,60
56940088084172,15:49:00.088,21.9600,100
57155671750129,15:52:35.671,21.9500,100
57155672680396,15:52:35.672,21.9500,100
57155672680396,15:52:35.672,21.9500,100
57155673863680,15:52:35.673,21.9500,100
57155673863680,15:52:35.673,21.9500,100
57155674440576,15:52:35.674,21.9500,200
57181023097808,15:53:01.023,21.9600,100
57181026378631,15:53:01.026,21.9600,100
57262675560518,15:54:22.675,21.9500,100
57262675560518,15:54:22.675,21.9500,100
57262675560518,15:54:22.675,21.9500,200
57262675560518,15:54:22.675,21.9500,100
57262675560518,15:54:22.675,21.9500,200
57262676188297,15:54:22.676,21.9500,7
57262676188297,15:54:22.676,21.9500,100
57262676188297,15:54:22.676,21.9500,53
57262756927413,15:54:22.756,21.9400,400
57262756927413,15:54:22.756,21.9400,100
57262757460146,15:54:22.757,21.9400,1
57262807915812,15:54:22.807,21.9400,100
57264168391747,15:54:24.168,21.9300,100
57264168391747,15:54:24.168,21.9300,100
57264172161676,15:54:24.172,21.9200,100
57265862356619,15:54:25.862,21.9200,150
57265862356619,15:54:25.862,21.9200,200
57265862356619,15:54:25.862,21.9200,100
57265862356619,15:54:25.862,21.9200,100
57265862862074,15:54:25.862,21.9100,100
57265869548338,15:54:25.869,21.9100,50
57268129230324,15:54:28.129,21.9100,100
57271933102867,15:54:31.933,21.9050,100
57300081754393,15:55:00.081,21.9050,100
57300081754393,15:55:00.081,21.9000,100
57300081754393,15:55:00.081,21.9000,100
57300081756625,15:55:00.081,21.9000,88
57300081756625,15:55:00.081,21.9000,100
57300081756625,15:55:00.081,21.9000,100
57300081756625,15:55:00.081,21.9000,100
57300081756625,15:55:00.081,21.9000,100
57300081756625,15:55:00.081,21.9000,100
57300081756625,15:55:00.081,21.9000,200
57300115131753,15:55:00.115,21.9000,100
57325147267545,15:55:25.147,21.9050,100
57338330100580,15:55:38.330,21.9000,100
57352363763155,15:55:52.363,21.9100,160
57352363763155,15:55:52.363,21.9100,100
57352363763155,15:55:52.363,21.9100,40
57352363836380,15:55:52.363,21.9100,100
57352363847405,15:55:52.363,21.9100,260
57352363847405,15:55:52.363,21.9100,100
57352363847405,15:55:52.363,21.9100,100
57352363847405,15:55:52.363,21.9100,1
57352363847405,15:55:52.363,21.9100,62
57352363853033,15:55:52.363,21.9100,38
57352363853033,15:55:52.363,21.9100,319
57352363853033,15:55:52.363,21.9100,143
57352364168687,15:55:52.364,21.9100,8
57352364168687,15:55:52.364,21.9100,92
57352364319810,15:55:52.364,21.9100,8
57352364319810,15:55:52.364,21.9100,100
57352364532119,15:55:52.364,21.9100,4
57352380479669,15:55:52.380,21.9150,50
57393484333873,15:56:33.484,21.9200,4
57460683568456,15:57:40.683,21.9100,100
57460683568456,15:57:40.683,21.9100,200
57460683568456,15:57:40.683,21.9100,100
57460683568456,15:57:40.683,21.9100,89
57460683568456,15:57:40.683,21.9100,100
57460683568456,15:57:40.683,21.9100,200
57460683568456,15:57:40.683,21.9100,200
57460683568456,15:57:40.683,21.9100,100
57460683568456,15:57:40.683,21.9100,200
57460683568456,15:57:40.683,21.9100,100
57460683568456,15:57:40.683,21.9100,253
57460683628621,15:57:40.683,21.9100,1
57460683628621,15:57:40.683,21.9100,218
57465756743281,15:57:45.756,21.9150,100
57465756743281,15:57:45.756,21.9200,400
57465756965475,15:57:45.756,21.9200,199
57465756965475,15:57:45.756,21.9200,99
57465756965475,15:57:45.756,21.9200,923
57465756965475,15:57:45.756,21.9200,100
57465756965475,15:57:45.756,21.9200,100
57465756965475,15:57:45.756,21.9200,100
57465756965475,15:57:45.756,21.9200,16
57465756965475,15:57:45.756,21.9200,100
57465756965475,15:57:45.756,21.9200,62
57465756965475,15:57:45.756,21.9200,100
57465756965475,15:57:45.756,21.9200,100
57465757433225,15:57:45.757,21.9200,200
57465757737674,15:57:45.757,21.9200,200
57465757794970,15:57:45.757,21.9200,200
57465757864423,15:57:45.757,21.9200,200
57465757967192,15:57:45.757,21.9200,200
57465758022976,15:57:45.758,21.9200,200
57465758154595,15:57:45.758,21.9200,100
57465758154595,15:57:45.758,21.9200,100
57522514980578,15:58:42.514,21.9200,16
57527535728299,15:58:47.535,21.9250,100
57539873565705,15:58:59.873,21.9250,100
57550844198702,15:59:10.844,21.9300,144
57566053816867,15:59:26.053,21.9300,1
57572132714725,15:59:32.132,21.9300,12
57572489726469,15:59:32.489,21.9300,13
57573051837274,15:59:33.051,21.9300,200
57573877041216,15:59:33.877,21.9250,100
57577203836092,15:59:37.203,21.9300,30
57579433238449,15:59:39.433,21.9300,400
57581378840640,15:59:41.378,21.9300,100
57582188840174,15:59:42.188,21.9200,100
57585154626753,15:59:45.154,21.9200,58
57585154626753,15:59:45.154,21.9200,4
57586145763134,15:59:46.145,21.9200,89
57595506641677,15:59:55.506,21.9300,85
57595506641677,15:59:55.506,21.9300,4
57596708742743,15:59:56.708,21.9300,200
57597620616885,15:59:57.620,21.9300,93
57597620616885,15:59:57.620,21.9300,1
57598045077524,15:59:58.045,21.9300,40
57598048154220,15:59:58.048,21.9300,66
57598048154220,15:59:58.048,21.9300,34
57599599934211,15:59:59.599,21.9400,100
57599599934211,15:59:59.599,21.9400,154
57600228115870,16:00:00.228,21.9200,100
57600228115870,16:00:00.228,21.9200,500
57600228115870,16:00:00.228,21.9200,1000
57600228115870,16:00:00.228,21.9200,1000
57600228115870,16:00:00.228,21.9200,97463
57601620581653,16:00:01.620,21.9400,100
63227964718878,17:33:47.964,22.3200,1
