timestamp,time,price,volume
34199400500160,09:29:59.400,22.2000,100
34199400500160,09:29:59.400,22.1100,200
34199780830051,09:29:59.780,22.1000,100
34199780954037,09:29:59.780,22.0900,100
34200386459887,09:30:00.386,22.1800,8026
34396579727661,09:33:16.579,22.1500,176
34396579727661,09:33:16.579,22.1500,200
34396579845286,09:33:16.579,22.1500,100
34396579947506,09:33:16.579,22.1500,100
34396579969289,09:33:16.579,22.1500,100
34396580036693,09:33:16.580,22.1500,100
34396580040979,09:33:16.580,22.1500,100
34396580040979,09:33:16.580,22.1500,100
34396580043881,09:33:16.580,22.1500,200
34396580057575,09:33:16.580,22.1500,100
34396580062410,09:33:16.580,22.1500,100
34396580086770,09:33:16.580,22.1500,25
34396580113464,09:33:16.580,22.1500,200
34396580459441,09:33:16.580,22.1500,172
34396580500547,09:33:16.580,22.1500,28
34396580507691,09:33:16.580,22.1500,28
34396580548299,09:33:16.580,22.1500,200
34396580694436,09:33:16.580,22.1500,50
34396580893970,09:33:16.580,22.1500,76
34396581068781,09:33:16.581,22.1500,74
34396581068781,09:33:16.581,22.1500,176
34396607204317,09:33:16.607,22.1500,24
34396607204317,09:33:16.607,22.1500,176
34396819359722,09:33:16.819,22.1550,100
34396819359722,09:33:16.819,22.1600,100
34396819359722,09:33:16.819,22.1600,100
34396860589094,09:33:16.860,22.1600,20
34397883287892,09:33:17.883,22.1600,80
34397883287892,09:33:17.883,22.1600,20
34397885029321,09:33:17.885,22.1700,100
34400836509016,09:33:20.836,22.1700,14
34400836539467,09:33:20.836,22.1700,86
34407339783431,09:33:27.339,22.1500,24
34407339783431,09:33:27.339,22.1500,200
34407339963596,09:33:27.339,22.1500,100
34407339963596,09:33:27.339,22.1500,100
34408265830059,09:33:28.265,22.1600,100
34408265830059,09:33:28.265,22.1600,100
34408265830059,09:33:28.265,22.1600,20
34408265830059,09:33:28.265,22.1600,25
34408265830059,09:33:28.265,22.1600,100
34408265830059,09:33:28.265,22.1600,55
34408265858940,09:33:28.265,22.1600,45
34408265860210,09:33:28.265,22.1600,45
34414172871787,09:33:34.172,22.1500,200
34414644320910,09:33:34.644,22.1500,100
34416858138828,09:33:36.858,22.1500,100
34416858138828,09:33:36.858,22.1500,100
34416858332278,09:33:36.858,22.1500,100
34416858332278,09:33:36.858,22.1500,100
34420705994082,09:33:40.705,22.1500,100
34420706187688,09:33:40.706,22.1500,100
34420706187688,09:33:40.706,22.1500,100
34420706187688,09:33:40.706,22.1500,100
34420706187688,09:33:40.706,22.1500,100
34425791313572,09:33:45.791,22.1500,200
34425791496309,09:33:45.791,22.1500,100
34425958123474,09:33:45.958,22.1500,100
34425958123474,09:33:45.958,22.1500,100
34425958123474,09:33:45.958,22.1500,200
34425958324206,09:33:45.958,22.1500,100
34425958324206,09:33:45.958,22.1500,100
34425958324206,09:33:45.958,22.1500,100
34425958324206,09:33:45.958,22.1500,100
34426064419568,09:33:46.064,22.1600,100
34426064419568,09:33:46.064,22.1600,100
34426064619741,09:33:46.064,22.1600,100
34426064779665,09:33:46.064,22.1600,100
34432900045446,09:33:52.900,22.1500,100
34434041877220,09:33:54.041,22.1500,100
34434041877220,09:33:54.041,22.1500,100
34434042055774,09:33:54.042,22.1500,100
34434042055774,09:33:54.042,22.1500,100
34434836965213,09:33:54.836,22.1600,100
34434934863680,09:33:54.934,22.1500,100
34434934863680,09:33:54.934,22.1500,200
34434935060558,09:33:54.935,22.1500,47
34434935060558,09:33:54.935,22.1500,47
34439208078248,09:33:59.208,22.1400,100
34439208130461,09:33:59.208,22.1400,100
34474007080182,09:34:34.007,22.1500,53
34474007080182,09:34:34.007,22.1500,3
34474007093903,09:34:34.007,22.1600,100
34474007102260,09:34:34.007,22.1700,100
34648911325654,09:37:28.911,22.1700,22
34652107325218,09:37:32.107,22.1400,22
34692405246894,09:38:12.405,22.1700,100
34692405246894,09:38:12.405,22.1700,100
34692405246894,09:38:12.405,22.1700,100
34692405266961,09:38:12.405,22.1700,100
34692405779886,09:38:12.405,22.1800,100
34983708221143,09:43:03.708,22.1500,100
34983712361746,09:43:03.712,22.1500,100
34983713016241,09:43:03.713,22.1500,100
35004582797675,09:43:24.582,22.1400,42
35004582805948,09:43:24.582,22.1400,58
35004584358940,09:43:24.584,22.1400,58
35004588075726,09:43:24.588,22.1400,100
35004588075726,09:43:24.588,22.1400,100
35014959157250,09:43:34.959,22.1400,100
35014959182563,09:43:34.959,22.1400,100
35018207405043,09:43:38.207,22.1400,100
35027344534233,09:43:47.344,22.1400,100
35027344589674,09:43:47.344,22.1400,100
35027344621330,09:43:47.344,22.1400,33
35027344634463,09:43:47.344,22.1400,33
35082298480666,09:44:42.298,22.1400,12
35082298492788,09:44:42.298,22.1400,58
35082298498536,09:44:42.298,22.1400,30
35082299095094,09:44:42.299,22.1300,100
35093937047871,09:44:53.937,22.1400,100
35160966749277,09:46:00.966,22.1500,100
35282952976714,09:48:02.952,22.1300,33
35285703934296,09:48:05.703,22.1300,67
35303501145415,09:48:23.501,22.1000,1
35363708176023,09:49:23.708,22.1300,100
35392438773749,09:49:52.438,22.1000,90
35392439003419,09:49:52.439,22.1000,18
35395322807099,09:49:55.322,22.1000,91
35395322807099,09:49:55.322,22.1000,100
35395322807099,09:49:55.322,22.1000,9
35457548214204,09:50:57.548,22.1000,100
35468633025324,09:51:08.633,22.1300,100
35468633025324,09:51:08.633,22.1300,16
35468633029939,09:51:08.633,22.1300,57
35468633052505,09:51:08.633,22.1300,27
35476785076718,09:51:16.785,22.1400,100
35487387447317,09:51:27.387,22.1400,100
35487419430254,09:51:27.419,22.1300,22
35487419430254,09:51:27.419,22.1300,78
35487419482979,09:51:27.419,22.1300,22
35578150635461,09:52:58.150,22.1000,33
35591541605943,09:53:11.541,22.1000,58
35591541605943,09:53:11.541,22.1000,142
35591541845999,09:53:11.541,22.1000,31
35591545539535,09:53:11.545,22.1000,27
35591545539535,09:53:11.545,22.1000,200
35591545650775,09:53:11.545,22.1000,100
35591548330571,09:53:11.548,22.1000,100
35591561992099,09:53:11.561,22.1000,100
35591561992099,09:53:11.561,22.1000,127
35591562050218,09:53:11.562,22.1000,73
35591563458619,09:53:11.563,22.1000,100
35591564889159,09:53:11.564,22.1000,100
35591564940072,09:53:11.564,22.1000,100
35591565072174,09:53:11.565,22.1000,100
35591565072174,09:53:11.565,22.1000,100
35591565072174,09:53:11.565,22.1000,100
35591565072174,09:53:11.565,22.1000,100
35591565102197,09:53:11.565,22.1000,100
35591565780582,09:53:11.565,22.1000,100
35591568565831,09:53:11.568,22.1000,200
35591568565831,09:53:11.568,22.1000,100
35591568712481,09:53:11.568,22.1000,100
35591568712481,09:53:11.568,22.1000,100
35591568712481,09:53:11.568,22.1000,100
35591568712481,09:53:11.568,22.1000,100
35591568732879,09:53:11.568,22.1000,100
35595924961851,09:53:15.924,22.1000,200
35595924961851,09:53:15.924,22.1000,100
35595925022362,09:53:15.925,22.1000,100
35595925161227,09:53:15.925,22.1000,100
35595925161227,09:53:15.925,22.1000,100
35595925161227,09:53:15.925,22.1000,100
35595925161227,09:53:15.925,22.1000,100
35597622356014,09:53:17.622,22.1000,57
35597622423430,09:53:17.622,22.1000,143
35597622423430,09:53:17.622,22.1000,100
35597622630875,09:53:17.622,22.1000,100
35617923376115,09:53:37.923,22.1000,100
35626135200526,09:53:46.135,22.1100,70
35626135231491,09:53:46.135,22.1100,30
35626135231491,09:53:46.135,22.1100,100
35626135758996,09:53:46.135,22.1100,100
35626135758996,09:53:46.135,22.1100,100
35626135758996,09:53:46.135,22.1100,100
35626137007336,09:53:46.137,22.1100,100
35670038393380,09:54:30.038,22.1200,200
35670038393380,09:54:30.038,22.1200,100
35670038393380,09:54:30.038,22.1200,100
35670038393380,09:54:30.038,22.1200,100
35670038393380,09:54:30.038,22.1200,100
35670038393380,09:54:30.038,22.1200,100
35670038393380,09:54:30.038,22.1200,100
35670038946426,09:54:30.038,22.1300,100
35670038946426,09:54:30.038,22.1300,100
35670038946426,09:54:30.038,22.1300,100
35709453543150,09:55:09.453,22.1400,100
35709453543150,09:55:09.453,22.1400,64
35709453554956,09:55:09.453,22.1400,36
35709453554956,09:55:09.453,22.1400,79
35709453572463,09:55:09.453,22.1400,21
35713521847906,09:55:13.521,22.1300,100
35713523450335,09:55:13.523,22.1200,100
35743114878043,09:55:43.114,22.1100,100
35755746418261,09:55:55.746,22.1000,100
35755746558970,09:55:55.746,22.1000,100
35755746715465,09:55:55.746,22.1000,200
35755746763917,09:55:55.746,22.1000,100
35755747862517,09:55:55.747,22.1000,400
35755747934147,09:55:55.747,22.1000,100
35755747934147,09:55:55.747,22.1000,100
35755757208981,09:55:55.757,22.1000,200
35755757626045,09:55:55.757,22.1000,100
35755757626045,09:55:55.757,22.1000,100
35755757626045,09:55:55.757,22.1000,400
35755757723078,09:55:55.757,22.1000,100
35755760399761,09:55:55.760,22.1000,100
35775691342788,09:56:15.691,22.1000,100
35775691342788,09:56:15.691,22.1000,100
35775691443958,09:56:15.691,22.1000,100
35818490834029,09:56:58.490,22.1100,100
35818490834029,09:56:58.490,22.1100,100
35818491991720,09:56:58.491,22.1200,100
35848340196794,09:57:28.340,22.1600,100
35909284783880,09:58:29.284,22.1500,100
35909284783880,09:58:29.284,22.1500,100
35909290941286,09:58:29.290,22.1500,20
36011021325795,10:00:11.021,22.1500,100
36011128402724,10:00:11.128,22.1500,13
36011128416826,10:00:11.128,22.1500,87
36011128416826,10:00:11.128,22.1500,25
36011128512412,10:00:11.128,22.1500,75
36011128512412,10:00:11.128,22.1500,25
36011132150933,10:00:11.132,22.1500,100
36011264718918,10:00:11.264,22.1500,100
36011264922907,10:00:11.264,22.1500,100
36011264922907,10:00:11.264,22.1500,100
36011264922907,10:00:11.264,22.1500,100
36011264922907,10:00:11.264,22.1500,100
36011268268338,10:00:11.268,22.1500,200
36011268268338,10:00:11.268,22.1500,200
36011268268338,10:00:11.268,22.1500,100
36011268445930,10:00:11.268,22.1500,100
36011268445930,10:00:11.268,22.1500,100
36011268445930,10:00:11.268,22.1500,100
36028890810698,10:00:28.890,22.1600,100
36028890810698,10:00:28.890,22.1600,42
36028890826624,10:00:28.890,22.1600,58
36028892100319,10:00:28.892,22.1700,100
36071243993010,10:01:11.243,22.1500,100
36071243993010,10:01:11.243,22.1500,100
36071244384531,10:01:11.244,22.1500,100
36071244674431,10:01:11.244,22.1500,100
36081020857170,10:01:21.020,22.1500,100
36081021038605,10:01:21.021,22.1500,100
36081021038605,10:01:21.021,22.1500,100
36081021038605,10:01:21.021,22.1500,75
36081021038605,10:01:21.021,22.1500,75
36099306391079,10:01:39.306,22.1600,42
36099306401110,10:01:39.306,22.1600,56
36099306404328,10:01:39.306,22.1600,2
36099306404328,10:01:39.306,22.1600,54
36099306434757,10:01:39.306,22.1600,46
36112866531127,10:01:52.866,22.1600,100
36112866531127,10:01:52.866,22.1600,100
36122897754131,10:02:02.897,22.1500,100
36122897754131,10:02:02.897,22.1500,100
36166653458295,10:02:46.653,22.1400,100
36166690313016,10:02:46.690,22.1300,100
36166691562704,10:02:46.691,22.1300,100
36190985769645,10:03:10.985,22.1200,100
36197215358937,10:03:17.215,22.1100,33
36209208327569,10:03:29.208,22.1200,100
36209208327569,10:03:29.208,22.1200,13
36209208327569,10:03:29.208,22.1200,87
36237280166835,10:03:57.280,22.1300,16
36237280166835,10:03:57.280,22.1300,100
36237280166835,10:03:57.280,22.1300,13
36237280166835,10:03:57.280,22.1300,100
36240098840067,10:04:00.098,22.1400,100
36267743186178,10:04:27.743,22.1400,100
36336329654431,10:05:36.329,22.1300,100
36337707689721,10:05:37.707,22.1400,100
36422598942387,10:07:02.598,22.1600,100
36422598942387,10:07:02.598,22.1600,100
36422598967636,10:07:02.598,22.1600,100
36440174487261,10:07:20.174,22.1500,100
36478673823831,10:07:58.673,22.1400,32
36599018405699,10:09:59.018,22.1500,100
36599018405699,10:09:59.018,22.1500,100
36599018405699,10:09:59.018,22.1500,100
36663069696667,10:11:03.069,22.1600,20
36707712651122,10:11:47.712,22.1800,100
36707712651122,10:11:47.712,22.1800,100
36707713615637,10:11:47.713,22.2000,100
36752516763957,10:12:32.516,22.2000,100
36752517105374,10:12:32.517,22.2000,100
36778161779795,10:12:58.161,22.1900,100
36778161779795,10:12:58.161,22.1900,24
36778161789113,10:12:58.161,22.1900,76
36778161789113,10:12:58.161,22.1900,36
36778161850924,10:12:58.161,22.1900,64
36807201200120,10:13:27.201,22.1800,33
36891907507837,10:14:51.907,22.1800,100
36891907534907,10:14:51.907,22.1900,200
36891907534907,10:14:51.907,22.1900,100
36891909664727,10:14:51.909,22.1900,100
36933627540065,10:15:33.627,22.1800,100
36933627925531,10:15:33.627,22.1800,41
36933628066058,10:15:33.628,22.1800,75
36942665241680,10:15:42.665,22.1700,100
37034526298116,10:17:14.526,22.1700,100
37038190987104,10:17:18.190,22.1700,100
37038191435908,10:17:18.191,22.1600,100
37038217976377,10:17:18.217,22.1600,100
37084933324813,10:18:04.933,22.1500,33
37088492302744,10:18:08.492,22.1500,200
37088492769713,10:18:08.492,22.1500,100
37089955466034,10:18:09.955,22.1500,200
37089955653440,10:18:09.955,22.1500,100
37089955653440,10:18:09.955,22.1500,100
37090094780375,10:18:10.094,22.1500,100
37090094780375,10:18:10.094,22.1500,3
37090114751172,10:18:10.114,22.1500,100
37090114793834,10:18:10.114,22.1500,97
37134068140000,10:18:54.068,22.1500,100
37134074141248,10:18:54.074,22.1500,100
37142671980368,10:19:02.671,22.1500,100
37142672256472,10:19:02.672,22.1550,400
37142673670556,10:19:02.673,22.1500,100
37142673670556,10:19:02.673,22.1500,100
37142673670556,10:19:02.673,22.1500,100
37142673670556,10:19:02.673,22.1500,100
37142674099044,10:19:02.674,22.1500,100
37142674099044,10:19:02.674,22.1500,100
37142674099044,10:19:02.674,22.1500,100
37143444798872,10:19:03.444,22.1500,100
37150744512931,10:19:10.744,22.1600,100
37150744512931,10:19:10.744,22.1600,10
37150744512931,10:19:10.744,22.1600,100
37150744512931,10:19:10.744,22.1600,100
37150744512931,10:19:10.744,22.1600,100
37155871831910,10:19:15.871,22.1600,100
37155873711616,10:19:15.873,22.1600,100
37161916484236,10:19:21.916,22.1600,100
37166743938417,10:19:26.743,22.1600,100
37166743938417,10:19:26.743,22.1600,100
37170276889984,10:19:30.276,22.1600,100
37186276028470,10:19:46.276,22.1700,100
37186276028470,10:19:46.276,22.1700,100
37186276057201,10:19:46.276,22.1700,100
37186276111449,10:19:46.276,22.1700,100
37196836425799,10:19:56.836,22.1700,100
37196836453017,10:19:56.836,22.1700,100
37196836453017,10:19:56.836,22.1700,100
37196836453017,10:19:56.836,22.1700,100
37270809037103,10:21:10.809,22.1700,100
37270821365538,10:21:10.821,22.1700,100
37274320112995,10:21:14.320,22.1600,100
37282722050690,10:21:22.722,22.1600,100
37282722050690,10:21:22.722,22.1600,100
37282722050690,10:21:22.722,22.1600,100
37282722050690,10:21:22.722,22.1600,100
37323983967520,10:22:03.983,22.1700,100
37323983992149,10:22:03.983,22.1700,100
37354546515087,10:22:34.546,22.1700,100
37354546515087,10:22:34.546,22.1700,100
37354546515087,10:22:34.546,22.1700,100
37355027859586,10:22:35.027,22.1700,100
37355027998258,10:22:35.027,22.1700,100
37355045081336,10:22:35.045,22.1800,100
37355045106863,10:22:35.045,22.1800,100
37355045106863,10:22:35.045,22.1800,100
37355045106863,10:22:35.045,22.1800,100
37355045108048,10:22:35.045,22.1800,100
37355045154235,10:22:35.045,22.1800,100
37355047073884,10:22:35.047,22.1900,150
37356038913569,10:22:36.038,22.1800,100
37356038913569,10:22:36.038,22.1800,100
37361390152131,10:22:41.390,22.1700,100
37366671801533,10:22:46.671,22.1600,100
37366671855372,10:22:46.671,22.1600,100
37378234971066,10:22:58.234,22.1500,100
37378234973663,10:22:58.234,22.1500,100
37378234973663,10:22:58.234,22.1500,100
37378235302238,10:22:58.235,22.1500,100
37378235397309,10:22:58.235,22.1500,100
37378236320264,10:22:58.236,22.1500,100
37378236320264,10:22:58.236,22.1500,100
37378236320264,10:22:58.236,22.1500,100
37378236320264,10:22:58.236,22.1500,100
37378236649005,10:22:58.236,22.1500,100
37378236649005,10:22:58.236,22.1500,100
37378236818523,10:22:58.236,22.1500,100
37378236818523,10:22:58.236,22.1500,100
37378236882424,10:22:58.236,22.1500,30
37378237144262,10:22:58.237,22.1500,70
37378237373082,10:22:58.237,22.1500,100
37378237659857,10:22:58.237,22.1500,48
37378238544908,10:22:58.238,22.1500,152
37378238601716,10:22:58.238,22.1500,200
37378239010255,10:22:58.239,22.1500,90
37378239010255,10:22:58.239,22.1500,100
37378240269608,10:22:58.240,22.1500,100
37378240951485,10:22:58.240,22.1500,200
37378241161940,10:22:58.241,22.1500,100
37378241264999,10:22:58.241,22.1500,100
37378241326956,10:22:58.241,22.1500,100
37378241326956,10:22:58.241,22.1500,100
37378250401145,10:22:58.250,22.1500,100
37378251137788,10:22:58.251,22.1500,100
37378251137788,10:22:58.251,22.1500,100
37378253348735,10:22:58.253,22.1500,70
37378259146883,10:22:58.259,22.1500,100
37378262160011,10:22:58.262,22.1500,30
37378274416664,10:22:58.274,22.1500,70
37378274416664,10:22:58.274,22.1500,30
37378280838623,10:22:58.280,22.1500,100
37403536471677,10:23:23.536,22.1600,100
37403536471677,10:23:23.536,22.1600,100
37441369073800,10:24:01.369,22.1600,100
37441614372077,10:24:01.614,22.1600,100
37480563253088,10:24:40.563,22.1700,100
37480563339900,10:24:40.563,22.1700,100
37523398077791,10:25:23.398,22.1700,38
37524492785123,10:25:24.492,22.1700,35
37524492785123,10:25:24.492,22.1700,65
37524492792013,10:25:24.492,22.1700,35
37524492792013,10:25:24.492,22.1700,50
37524492792013,10:25:24.492,22.1700,100
37524583168011,10:25:24.583,22.1700,100
37531217265328,10:25:31.217,22.1800,50
37531217265328,10:25:31.217,22.1700,50
37536278864956,10:25:36.278,22.1700,50
37536278864956,10:25:36.278,22.1700,100
37536335072372,10:25:36.335,22.1700,100
37571251765654,10:26:11.251,22.1700,100
37662588407039,10:27:42.588,22.1700,100
37662588407039,10:27:42.588,22.1700,100
37690326939655,10:28:10.326,22.1700,100
37690327365177,10:28:10.327,22.1700,100
37695482006735,10:28:15.482,22.1800,100
37695482006735,10:28:15.482,22.1800,100
37695482087997,10:28:15.482,22.1800,100
37704155591471,10:28:24.155,22.1700,50
37704155591471,10:28:24.155,22.1700,50
37785633453620,10:29:45.633,22.1700,50
37785633453620,10:29:45.633,22.1700,100
37785649064738,10:29:45.649,22.1700,100
37785685831452,10:29:45.685,22.1700,100
37803257117316,10:30:03.257,22.1700,100
37811250854255,10:30:11.250,22.1700,100
37841252597421,10:30:41.252,22.1700,100
37853031353347,10:30:53.031,22.1700,100
37863076719978,10:31:03.076,22.1700,78
37871249796511,10:31:11.249,22.1800,100
37931400226313,10:32:11.400,22.1800,100
37931401896566,10:32:11.401,22.1800,100
37931401896566,10:32:11.401,22.1800,20
37932649681695,10:32:12.649,22.1800,100
37932700558407,10:32:12.700,22.1800,100
37932703928931,10:32:12.703,22.1800,100
37954388792870,10:32:34.388,22.1900,20
37954388792870,10:32:34.388,22.1900,93
37954388796879,10:32:34.388,22.1900,7
37991251751222,10:33:11.251,22.2000,100
37991251777142,10:33:11.251,22.2000,100
37995275885715,10:33:15.275,22.2100,100
37995276411608,10:33:15.276,22.2100,100
37995283691969,10:33:15.283,22.2150,100
37995283722151,10:33:15.283,22.2200,100
37995283722151,10:33:15.283,22.2200,100
37995283722151,10:33:15.283,22.2200,100
37995283812701,10:33:15.283,22.2200,100
37995285087686,10:33:15.285,22.2200,100
37995288127555,10:33:15.288,22.2200,100
38031379555098,10:33:51.379,22.2300,100
38052129652580,10:34:12.129,22.2300,100
38052129652580,10:34:12.129,22.2300,100
38052129652580,10:34:12.129,22.2300,100
38052129717839,10:34:12.129,22.2300,37
38068351060632,10:34:28.351,22.2300,29
38068351224610,10:34:28.351,22.2300,29
38068351294845,10:34:28.351,22.2300,42
38068351294845,10:34:28.351,22.2300,73
38068351329486,10:34:28.351,22.2300,27
38068351571745,10:34:28.351,22.2200,100
38068351571745,10:34:28.351,22.2200,100
38068351571745,10:34:28.351,22.2200,200
38068351628625,10:34:28.351,22.2200,100
38068351650304,10:34:28.351,22.2300,100
38069635820533,10:34:29.635,22.2200,10
38069635820533,10:34:29.635,22.2200,90
38069635929873,10:34:29.635,22.2200,10
38069635929873,10:34:29.635,22.2200,100
38074206739572,10:34:34.206,22.2100,100
38074207338404,10:34:34.207,22.2100,100
38076321013199,10:34:36.321,22.2000,100
38076321285041,10:34:36.321,22.2000,100
38081251251064,10:34:41.251,22.2000,1
38081251251064,10:34:41.251,22.2000,99
38081251279205,10:34:41.251,22.2000,1
38081251279205,10:34:41.251,22.2000,100
38090247718187,10:34:50.247,22.2000,100
38090247718187,10:34:50.247,22.2000,100
38165178397670,10:36:05.178,22.1900,71
38165178544896,10:36:05.178,22.1900,29
38165178613307,10:36:05.178,22.1900,100
38192500934510,10:36:32.500,22.1800,100
38192500997621,10:36:32.500,22.1800,100
38201839698379,10:36:41.839,22.1800,100
38201839698379,10:36:41.839,22.1800,100
38201839698379,10:36:41.839,22.1800,100
38201839698379,10:36:41.839,22.1800,10
38201839698379,10:36:41.839,22.1800,100
38247208416971,10:37:27.208,22.1700,100
38248073635468,10:37:28.073,22.1700,100
38288141345547,10:38:08.141,22.1600,33
38290249614358,10:38:10.249,22.1700,100
38291256824545,10:38:11.256,22.1700,100
38299467893576,10:38:19.467,22.1800,100
38328985352207,10:38:48.985,22.1900,86
38328985367149,10:38:48.985,22.1900,55
38328985367783,10:38:48.985,22.1900,9
38328985367783,10:38:48.985,22.1900,100
38329019168117,10:38:49.019,22.2000,20
38329019168117,10:38:49.019,22.2000,30
38368076527308,10:39:28.076,22.2300,84
38416214557291,10:40:16.214,22.2200,100
38416214557291,10:40:16.214,22.2200,65
38416214564971,10:40:16.214,22.2200,35
38416214564971,10:40:16.214,22.2200,75
38416214569771,10:40:16.214,22.2200,25
38416214569771,10:40:16.214,22.2200,139
38416214572823,10:40:16.214,22.2200,56
38416214594691,10:40:16.214,22.2200,5
38416214594691,10:40:16.214,22.2200,100
38416238666471,10:40:16.238,22.2200,33
38416238666471,10:40:16.238,22.2200,5
38505785496264,10:41:45.785,22.2100,100
38505785539694,10:41:45.785,22.2100,100
38505785557464,10:41:45.785,22.2100,100
38506052765388,10:41:46.052,22.2100,72
38536988265414,10:42:16.988,22.2100,100
38536988265414,10:42:16.988,22.2100,100
38591311304276,10:43:11.311,22.2100,33
38606441207446,10:43:26.441,22.2200,100
38606441207446,10:43:26.441,22.2200,100
38606441706482,10:43:26.441,22.2300,16
38606441706482,10:43:26.441,22.2300,84
38606446329703,10:43:26.446,22.2300,100
38660611485299,10:44:20.611,22.2400,100
38660611566689,10:44:20.611,22.2500,100
38660611592959,10:44:20.611,22.2500,67
38660611630671,10:44:20.611,22.2500,149
38660611630671,10:44:20.611,22.2500,84
38685856599106,10:44:45.856,22.2400,83
38686027006233,10:44:46.027,22.2400,100
38686027177250,10:44:46.027,22.2400,50
38686027203611,10:44:46.027,22.2400,18
38692088812362,10:44:52.088,22.2400,60
38692088812362,10:44:52.088,22.2400,40
38692088840281,10:44:52.088,22.2400,60
38830581541547,10:47:10.581,22.2400,20
38906573183287,10:48:26.573,22.2400,33
38908214711147,10:48:28.214,22.2500,100
38908214711147,10:48:28.214,22.2500,100
38908214711147,10:48:28.214,22.2500,10
38955053141858,10:49:15.053,22.2600,100
38955053141858,10:49:15.053,22.2600,5
38955053376354,10:49:15.053,22.2600,23
38955053413053,10:49:15.053,22.2600,72
38979738717323,10:49:39.738,22.2700,100
38979738717323,10:49:39.738,22.2700,100
38979738717323,10:49:39.738,22.2700,100
39024608339350,10:50:24.608,22.2800,100
39036265080929,10:50:36.265,22.2800,50
39036272725921,10:50:36.272,22.2800,47
39101616563293,10:51:41.616,22.2800,12
39101616571240,10:51:41.616,22.2800,55
39101616589966,10:51:41.616,22.2800,33
39101616589966,10:51:41.616,22.2800,132
39101616627369,10:51:41.616,22.2800,16
39101616627369,10:51:41.616,22.2800,84
39101616715574,10:51:41.616,22.2800,100
39127333241208,10:52:07.333,22.2900,100
39127333241208,10:52:07.333,22.2900,100
39146926969698,10:52:26.926,22.2900,100
39148737594209,10:52:28.737,22.2800,100
39148737594209,10:52:28.737,22.2800,91
39148737594209,10:52:28.737,22.2800,100
39148737594209,10:52:28.737,22.2800,100
39148738123119,10:52:28.738,22.2800,100
39148738123119,10:52:28.738,22.2800,100
39195467941703,10:53:15.467,22.2600,33
39223096843539,10:53:43.096,22.2500,200
39223096968387,10:53:43.096,22.2500,200
39223097203462,10:53:43.097,22.2500,100
39223097203462,10:53:43.097,22.2500,200
39223098237491,10:53:43.098,22.2500,100
39223098602980,10:53:43.098,22.2500,100
39223098602980,10:53:43.098,22.2500,100
39223098602980,10:53:43.098,22.2500,200
39223212288531,10:53:43.212,22.2500,100
39269338189401,10:54:29.338,22.2700,100
39269338189401,10:54:29.338,22.2700,88
39269338263061,10:54:29.338,22.2700,12
39269338263061,10:54:29.338,22.2700,20
39269338263061,10:54:29.338,22.2700,100
39270451086542,10:54:30.451,22.2700,100
39334609289588,10:55:34.609,22.2900,100
39334609289588,10:55:34.609,22.2900,100
39334609289588,10:55:34.609,22.2900,100
39367922144715,10:56:07.922,22.2900,71
39367922176393,10:56:07.922,22.2900,29
39367922176393,10:56:07.922,22.2900,45
39367922229025,10:56:07.922,22.2900,55
39367922229025,10:56:07.922,22.2900,14
39472712676791,10:57:52.712,22.2700,100
39487544921257,10:58:07.544,22.2600,33
39546202062868,10:59:06.202,22.2600,100
39580545542231,10:59:40.545,22.2600,100
39580545542231,10:59:40.545,22.2600,18
39580545542231,10:59:40.545,22.2600,200
39605591190229,11:00:05.591,22.2700,46
39605591216335,11:00:05.591,22.2700,54
39663460909783,11:01:03.460,22.2700,100
39663460909783,11:01:03.460,22.2700,100
39667401776766,11:01:07.401,22.2700,20
39667401921296,11:01:07.401,22.2700,7
39724972975554,11:02:04.972,22.2800,14
39738529707697,11:02:18.529,22.2900,100
39738529707697,11:02:18.529,22.2900,28
39745919253927,11:02:25.919,22.2900,100
39760160032876,11:02:40.160,22.2900,100
39760160032876,11:02:40.160,22.2900,100
39760160032876,11:02:40.160,22.2900,100
39760161014876,11:02:40.161,22.3000,100
39760161014876,11:02:40.161,22.3000,100
39760161014876,11:02:40.161,22.3000,200
39760161014876,11:02:40.161,22.3000,100
39760161491636,11:02:40.161,22.3000,100
39760161491636,11:02:40.161,22.3000,100
39760161737684,11:02:40.161,22.3000,100
39760625766587,11:02:40.625,22.3000,200
39760625815683,11:02:40.625,22.3000,100
39760625945241,11:02:40.625,22.3000,100
39760625945241,11:02:40.625,22.3000,100
39760625945241,11:02:40.625,22.3000,100
39760625945241,11:02:40.625,22.3000,100
39801219199558,11:03:21.219,22.3000,100
39801219199558,11:03:21.219,22.3000,100
39801219258447,11:03:21.219,22.3000,100
39801219272457,11:03:21.219,22.3000,100
39801219289564,11:03:21.219,22.3000,87
39801219289564,11:03:21.219,22.3000,100
39801219319042,11:03:21.219,22.3000,87
39801219350563,11:03:21.219,22.3000,100
39801219440407,11:03:21.219,22.3000,200
39801219440407,11:03:21.219,22.3000,200
39801219460087,11:03:21.219,22.3000,200
39801219460087,11:03:21.219,22.3000,100
39801219502090,11:03:21.219,22.3000,87
39801219503551,11:03:21.219,22.3000,13
39801219503551,11:03:21.219,22.3000,74
39801224641906,11:03:21.224,22.3000,33
39802676771222,11:03:22.676,22.3000,167
39802676771222,11:03:22.676,22.3000,100
39925341647209,11:05:25.341,22.3000,200
39925341647209,11:05:25.341,22.3000,100
39925341647209,11:05:25.341,22.3000,14
39925341705795,11:05:25.341,22.3000,14
39925341729547,11:05:25.341,22.3000,100
39925341737965,11:05:25.341,22.3000,199
39925341840311,11:05:25.341,22.3000,100
39925341840311,11:05:25.341,22.3000,100
39925341840311,11:05:25.341,22.3000,100
39925341840311,11:05:25.341,22.3000,100
39959078813199,11:05:59.078,22.3000,100
40037254429201,11:07:17.254,22.2900,100
40037254497574,11:07:17.254,22.2900,100
40038489392022,11:07:18.489,22.2800,100
40038490340060,11:07:18.490,22.2800,40
40060240213912,11:07:40.240,22.2700,100
40083833845793,11:08:03.833,22.2700,100
40083833845793,11:08:03.833,22.2700,5
40083833845793,11:08:03.833,22.2700,100
40083833845793,11:08:03.833,22.2700,200
40084775275131,11:08:04.775,22.2700,100
40085056345800,11:08:05.056,22.2700,100
40095653808619,11:08:15.653,22.2700,33
40129583453092,11:08:49.583,22.2800,53
40129583460424,11:08:49.583,22.2800,47
40129583460424,11:08:49.583,22.2800,7
40129583466938,11:08:49.583,22.2800,10
40154324310013,11:09:14.324,22.2800,98
40235023540363,11:10:35.023,22.2800,100
40235023540363,11:10:35.023,22.2800,100
40250959820310,11:10:50.959,22.2700,88
40250959831975,11:10:50.959,22.2700,55
40250959837905,11:10:50.959,22.2700,57
40250959837905,11:10:50.959,22.2700,100
40253473032199,11:10:53.473,22.2600,100
40253473032199,11:10:53.473,22.2600,100
40254038018517,11:10:54.038,22.2550,100
40254125165954,11:10:54.125,22.2600,100
40255965668090,11:10:55.965,22.2600,100
40261690230786,11:11:01.690,22.2600,100
40261690262342,11:11:01.690,22.2600,24
40261690284375,11:11:01.690,22.2600,24
40261690430375,11:11:01.690,22.2600,76
40307086290528,11:11:47.086,22.2500,76
40309640824541,11:11:49.640,22.2500,100
40309640824541,11:11:49.640,22.2500,9
40309640824541,11:11:49.640,22.2500,47
40309641055018,11:11:49.641,22.2500,53
40321077085598,11:12:01.077,22.2600,10
40321077159690,11:12:01.077,22.2600,10
40321077224119,11:12:01.077,22.2600,10
40321077295814,11:12:01.077,22.2600,10
40321077370177,11:12:01.077,22.2600,10
40321077392447,11:12:01.077,22.2600,50
40336087917629,11:12:16.087,22.2600,7
40396595080889,11:13:16.595,22.2700,33
40499489324869,11:14:59.489,22.2800,100
40531180789653,11:15:31.180,22.2800,90
40531180853560,11:15:31.180,22.2800,10
40531180853560,11:15:31.180,22.2800,40
40531181023938,11:15:31.181,22.2800,50
40531183636218,11:15:31.183,22.2800,50
40531183636218,11:15:31.183,22.2700,40
40531184785293,11:15:31.184,22.2700,60
40531184785293,11:15:31.184,22.2700,30
40531185139570,11:15:31.185,22.2700,70
40531185139570,11:15:31.185,22.2700,20
40531186258206,11:15:31.186,22.2700,80
40531188863229,11:15:31.188,22.2700,15
40531354428396,11:15:31.354,22.2600,15
40583921854816,11:16:23.921,22.2700,100
40583921854816,11:16:23.921,22.2700,20
40584844168021,11:16:24.844,22.2800,100
40584844168021,11:16:24.844,22.2800,100
40647464265944,11:17:27.464,22.2700,100
40647464827040,11:17:27.464,22.2700,40
40647464827040,11:17:27.464,22.2700,100
40647464827040,11:17:27.464,22.2700,100
40647464827040,11:17:27.464,22.2600,100
40647465505264,11:17:27.465,22.2600,25
40667135459641,11:17:47.135,22.2700,100
40667135459641,11:17:47.135,22.2700,100
40667135692242,11:17:47.135,22.2700,1
40669203044202,11:17:49.203,22.2700,35
40678497271794,11:17:58.497,22.2600,33
40680517734783,11:18:00.517,22.2700,31
40680517742859,11:18:00.517,22.2700,53
40680517750027,11:18:00.517,22.2700,16
40764655556800,11:19:24.655,22.2600,67
40764655556800,11:19:24.655,22.2600,73
40764655588510,11:19:24.655,22.2600,27
40764655588510,11:19:24.655,22.2600,100
40764655623873,11:19:24.655,22.2600,100
40798564137602,11:19:58.564,22.2500,200
40798564137602,11:19:58.564,22.2500,100
40798564220588,11:19:58.564,22.2500,100
40798564355696,11:19:58.564,22.2500,100
40798564355696,11:19:58.564,22.2500,100
40798564355696,11:19:58.564,22.2500,100
40858738392992,11:20:58.738,22.2600,100
40858738426202,11:20:58.738,22.2600,100
40930113083188,11:22:10.113,22.2600,84
40930113083188,11:22:10.113,22.2600,6
40930113348904,11:22:10.113,22.2600,54
40930113589423,11:22:10.113,22.2600,27
40930118182412,11:22:10.118,22.2500,90
40930119253157,11:22:10.119,22.2500,46
40930121537743,11:22:10.121,22.2500,64
40930121537743,11:22:10.121,22.2500,36
40930139114146,11:22:10.139,22.2500,64
40930139114146,11:22:10.139,22.2500,136
40930139167316,11:22:10.139,22.2500,64
40930139349237,11:22:10.139,22.2500,64
40930170202892,11:22:10.170,22.2500,100
40930171514447,11:22:10.171,22.2500,36
40930171514447,11:22:10.171,22.2500,28
40930201978183,11:22:10.201,22.2500,100
40960012964150,11:22:40.012,22.2500,48
40994042645567,11:23:14.042,22.2600,171
40994042645567,11:23:14.042,22.2600,100
40994042645567,11:23:14.042,22.2600,100
40994042645567,11:23:14.042,22.2600,33
40997415920222,11:23:17.415,22.2600,100
40997415920222,11:23:17.415,22.2600,100
41074108339843,11:24:34.108,22.2700,70
41117127409447,11:25:17.127,22.2700,30
41138118797401,11:25:38.118,22.2600,100
41138118797401,11:25:38.118,22.2600,60
41138118831842,11:25:38.118,22.2600,40
41282198715589,11:28:02.198,22.2600,100
41289417360684,11:28:09.417,22.2700,20
41361139369064,11:29:21.139,22.2600,100
41389925577951,11:29:49.925,22.2600,100
41389925577951,11:29:49.925,22.2600,100
41389926704114,11:29:49.926,22.2600,40
41420204764616,11:30:20.204,22.2500,24
41420204764616,11:30:20.204,22.2500,64
41445485484818,11:30:45.485,22.2500,5
41445485544123,11:30:45.485,22.2500,100
41445485600758,11:30:45.485,22.2500,31
41445485600758,11:30:45.485,22.2500,40
41445485600758,11:30:45.485,22.2500,29
41445485643566,11:30:45.485,22.2500,5
41448619986196,11:30:48.619,22.2500,66
41448619986196,11:30:48.619,22.2500,134
41448620052972,11:30:48.620,22.2500,66
41448620069782,11:30:48.620,22.2500,200
41448620069782,11:30:48.620,22.2500,128
41448620123174,11:30:48.620,22.2500,100
41448620236472,11:30:48.620,22.2500,100
41448620236472,11:30:48.620,22.2500,100
41448621589032,11:30:48.621,22.2500,66
41474836060246,11:31:14.836,22.2500,100
41474836060246,11:31:14.836,22.2500,200
41474836126917,11:31:14.836,22.2500,100
41474836289536,11:31:14.836,22.2500,100
41474836289536,11:31:14.836,22.2500,100
41474836289536,11:31:14.836,22.2500,100
41476262132629,11:31:16.262,22.2500,200
41476262369626,11:31:16.262,22.2500,100
41476262369626,11:31:16.262,22.2500,100
41476262369626,11:31:16.262,22.2500,100
41476262834783,11:31:16.262,22.2500,100
41476262834783,11:31:16.262,22.2500,200
41476262834783,11:31:16.262,22.2500,100
41476262866762,11:31:16.262,22.2500,200
41476263145682,11:31:16.263,22.2500,100
41476263994667,11:31:16.263,22.2500,100
41476264374600,11:31:16.264,22.2500,100
41476264374600,11:31:16.264,22.2500,100
41476268113467,11:31:16.268,22.2500,100
41476268113467,11:31:16.268,22.2500,100
41476268309178,11:31:16.268,22.2500,100
41476270873019,11:31:16.270,22.2500,200
41476271079707,11:31:16.271,22.2500,100
41477483274376,11:31:17.483,22.2500,200
41477483303844,11:31:17.483,22.2500,78
41477483331039,11:31:17.483,22.2500,72
41477483420064,11:31:17.483,22.2500,100
41477483420064,11:31:17.483,22.2500,100
41477483420064,11:31:17.483,22.2500,100
41477483420064,11:31:17.483,22.2500,100
41506127715549,11:31:46.127,22.2500,100
41515250951349,11:31:55.250,22.2600,56
41515250959998,11:31:55.250,22.2600,44
41538379801738,11:32:18.379,22.2600,20
41578750567238,11:32:58.750,22.2600,100
41593240833067,11:33:13.240,22.2500,33
41762853622821,11:36:02.853,22.2600,100
41762853850158,11:36:02.853,22.2700,100
41762853972676,11:36:02.853,22.2700,100
41774900458181,11:36:14.900,22.2600,100
41795024617686,11:36:35.024,22.2500,67
41795024617686,11:36:35.024,22.2500,100
41795024617686,11:36:35.024,22.2500,33
41795024652000,11:36:35.024,22.2500,67
41854257347945,11:37:34.257,22.2400,67
41854257362106,11:37:34.257,22.2400,33
41854257362106,11:37:34.257,22.2400,27
41854257380168,11:37:34.257,22.2400,73
41854258694524,11:37:34.258,22.2300,90
41854260148955,11:37:34.260,22.2300,10
41854260148955,11:37:34.260,22.2300,25
41854260176659,11:37:34.260,22.2300,75
41854260197250,11:37:34.260,22.2300,75
41854260244340,11:37:34.260,22.2300,25
41905125448972,11:38:25.125,22.2300,75
41905125448972,11:38:25.125,22.2300,25
41905722035916,11:38:25.722,22.2200,32
41909864670164,11:38:29.864,22.2200,100
41948672861660,11:39:08.672,22.2100,100
41948705107490,11:39:08.705,22.2100,87
41949673198248,11:39:09.673,22.2100,13
41981286007458,11:39:41.286,22.2100,100
41981337185273,11:39:41.337,22.2100,100
41981341360583,11:39:41.341,22.2100,100
41981341360583,11:39:41.341,22.2100,100
41981341940998,11:39:41.341,22.2200,100
41981341940998,11:39:41.341,22.2200,200
41981341940998,11:39:41.341,22.2200,100
41981341989055,11:39:41.341,22.2200,100
41981341989055,11:39:41.341,22.2200,100
42020747759573,11:40:20.747,22.2200,100
42020747759573,11:40:20.747,22.2200,100
42038081638744,11:40:38.081,22.2100,100
42041288450594,11:40:41.288,22.2100,100
42130735404174,11:42:10.735,22.2100,1
42130738704891,11:42:10.738,22.2100,53
42130738763913,11:42:10.738,22.2100,46
42130738763913,11:42:10.738,22.2100,54
42130738806145,11:42:10.738,22.2100,46
42131245291663,11:42:11.245,22.2100,38
42131245291663,11:42:11.245,22.2100,62
42131245343690,11:42:11.245,22.2100,38
42131245349408,11:42:11.245,22.2100,35
42189797993279,11:43:09.797,22.2100,100
42190961226943,11:43:10.961,22.2100,100
42190962247019,11:43:10.962,22.2100,93
42275598493673,11:44:35.598,22.2100,100
42275598493673,11:44:35.598,22.2100,62
42275598493673,11:44:35.598,22.2100,38
42275598608560,11:44:35.598,22.2100,62
42275598700238,11:44:35.598,22.2100,100
42275615598017,11:44:35.615,22.2100,100
42275624838851,11:44:35.624,22.2200,100
42311283072330,11:45:11.283,22.2200,100
42320416761446,11:45:20.416,22.2200,100
42320445257928,11:45:20.445,22.2200,100
42409471279302,11:46:49.471,22.2100,95
42409471517190,11:46:49.471,22.2100,5
42409471517190,11:46:49.471,22.2100,29
42409471532185,11:46:49.471,22.2100,71
42428216146853,11:47:08.216,22.2000,100
42428719006410,11:47:08.719,22.2050,100
42435369289141,11:47:15.369,22.2000,5
42506869595247,11:48:26.869,22.2000,33
42523953142268,11:48:43.953,22.2100,27
42523953151240,11:48:43.953,22.2100,53
42523953177743,11:48:43.953,22.2100,30
42523953177743,11:48:43.953,22.2100,100
42523953177743,11:48:43.953,22.2100,60
42559520570911,11:49:19.520,22.2200,100
42559529400320,11:49:19.529,22.2200,100
42609703967962,11:50:09.703,22.2200,100
42609703967962,11:50:09.703,22.2200,40
42623258278272,11:50:23.258,22.2000,50
42625255188847,11:50:25.255,22.2100,100
42626766380177,11:50:26.766,22.2200,100
42626766380177,11:50:26.766,22.2200,9
42652378918713,11:50:52.378,22.2200,100
42652378918713,11:50:52.378,22.2200,100
42652378918713,11:50:52.378,22.2200,177
42652379027125,11:50:52.379,22.2200,23
42679563769356,11:51:19.563,22.2300,100
42679563769356,11:51:19.563,22.2300,100
42679563769356,11:51:19.563,22.2300,100
42679563769356,11:51:19.563,22.2300,94
42679563803055,11:51:19.563,22.2300,6
42680627805461,11:51:20.627,22.2400,110
42680627805461,11:51:20.627,22.2400,100
42680627805461,11:51:20.627,22.2400,90
42680628905606,11:51:20.628,22.2400,100
42680628905606,11:51:20.628,22.2400,100
42680630023453,11:51:20.630,22.2400,80
42680630050530,11:51:20.630,22.2400,20
42680630050530,11:51:20.630,22.2400,29
42683603397553,11:51:23.603,22.2400,47
42693874943200,11:51:33.874,22.2300,100
42693874943200,11:51:33.874,22.2300,100
42693874943200,11:51:33.874,22.2300,40
42693874943200,11:51:33.874,22.2300,60
42693874979336,11:51:33.874,22.2300,40
42725398823211,11:52:05.398,22.2300,100
42754049448445,11:52:34.049,22.2200,300
42754049963086,11:52:34.049,22.2200,88
42765926677013,11:52:45.926,22.2200,100
42779559743104,11:52:59.559,22.2200,30
42785102877030,11:53:05.102,22.2200,20
42853770869997,11:54:13.770,22.2100,100
42853776061805,11:54:13.776,22.2100,20
42867576406188,11:54:27.576,22.2200,100
42867576406188,11:54:27.576,22.2200,100
42867576406188,11:54:27.576,22.2200,100
42867578138458,11:54:27.578,22.2200,100
42867578138458,11:54:27.578,22.2200,100
42879973926177,11:54:39.973,22.2300,100
42879973926177,11:54:39.973,22.2300,100
42879974860215,11:54:39.974,22.2300,100
42879974860215,11:54:39.974,22.2300,100
42896761806097,11:54:56.761,22.2400,100
42896761806097,11:54:56.761,22.2400,100
42896761806097,11:54:56.761,22.2400,100
42934023927484,11:55:34.023,22.2500,129
42934023927484,11:55:34.023,22.2500,100
42963279739281,11:56:03.279,22.2500,100
42970315890636,11:56:10.315,22.2400,30
42970315890636,11:56:10.315,22.2400,70
42970315949518,11:56:10.315,22.2400,17
43054025445794,11:57:34.025,22.2300,100
43077402727641,11:57:57.402,22.2300,49
43077472617941,11:57:57.472,22.2300,62
43077472617941,11:57:57.472,22.2300,38
43077472684752,11:57:57.472,22.2300,62
43096109683315,11:58:16.109,22.2300,33
43198562511902,11:59:58.562,22.2200,100
43198562511902,11:59:58.562,22.2200,105
43198562895185,11:59:58.562,22.2200,100
43216763941168,12:00:16.763,22.2400,100
43216763941168,12:00:16.763,22.2400,20
43216763941168,12:00:16.763,22.2400,100
43216764447181,12:00:16.764,22.2400,100
43216764447181,12:00:16.764,22.2400,100
43227632994584,12:00:27.632,22.2300,100
43227715956344,12:00:27.715,22.2300,100
43227715956344,12:00:27.715,22.2300,100
43227715956344,12:00:27.715,22.2300,100
43227715956344,12:00:27.715,22.2300,300
43227715956344,12:00:27.715,22.2300,100
43227716527109,12:00:27.716,22.2400,9
43227716527109,12:00:27.716,22.2400,50
43227716527109,12:00:27.716,22.2500,100
43227716527109,12:00:27.716,22.2500,400
43227716527109,12:00:27.716,22.2500,100
43227716527109,12:00:27.716,22.2500,8438
43227717189743,12:00:27.717,22.2400,100
43227717787095,12:00:27.717,22.2500,100
43245809031391,12:00:45.809,22.2500,100
43245809031391,12:00:45.809,22.2500,100
43245810177946,12:00:45.810,22.2400,100
43245811232624,12:00:45.811,22.2400,100
43245814195084,12:00:45.814,22.2400,57
43296523297805,12:01:36.523,22.2500,43
43296523297805,12:01:36.523,22.2500,19
43296523364564,12:01:36.523,22.2500,52
43296523467097,12:01:36.523,22.2500,129
43296523467097,12:01:36.523,22.2500,52
43296523525125,12:01:36.523,22.2500,200
43296523597776,12:01:36.523,22.2500,100
43296523828805,12:01:36.523,22.2500,25
43296524496625,12:01:36.524,22.2500,100
43296524496625,12:01:36.524,22.2500,100
43338785165440,12:02:18.785,22.2600,95
43338785349857,12:02:18.785,22.2600,5
43338785349857,12:02:18.785,22.2600,90
43338785409334,12:02:18.785,22.2600,10
43338785409334,12:02:18.785,22.2600,41
43338786012038,12:02:18.786,22.2600,59
43338799596508,12:02:18.799,22.2600,100
43338799596508,12:02:18.799,22.2600,100
43358241682916,12:02:38.241,22.2600,100
43358248752288,12:02:38.248,22.2600,100
43358248752288,12:02:38.248,22.2600,100
43358248752288,12:02:38.248,22.2600,100
43388711872148,12:03:08.711,22.2600,100
43388711872148,12:03:08.711,22.2600,100
43388732378328,12:03:08.732,22.2600,100
43392042860954,12:03:12.042,22.2500,33
43403686043262,12:03:23.686,22.2600,100
43403686043262,12:03:23.686,22.2600,66
43403696592000,12:03:23.696,22.2600,100
43403696592000,12:03:23.696,22.2600,100
43403696592000,12:03:23.696,22.2600,100
43403700477845,12:03:23.700,22.2600,74
43403885496703,12:03:23.885,22.2600,26
43403885496703,12:03:23.885,22.2600,74
43416912735005,12:03:36.912,22.2500,100
43416912819124,12:03:36.912,22.2500,100
43452965200762,12:04:12.965,22.2400,77
43452980052697,12:04:12.980,22.2400,23
43452980052697,12:04:12.980,22.2400,77
43452980292006,12:04:12.980,22.2400,5
43452987218741,12:04:12.987,22.2400,8
43472757789275,12:04:32.757,22.2400,100
43472757789275,12:04:32.757,22.2400,100
43472757789275,12:04:32.757,22.2400,100
43572808673313,12:06:12.808,22.2400,100
43572808673313,12:06:12.808,22.2400,100
43572808673313,12:06:12.808,22.2400,100
43572817289089,12:06:12.817,22.2400,100
43572817289089,12:06:12.817,22.2400,200
43572817289089,12:06:12.817,22.2400,100
43572817289089,12:06:12.817,22.2400,100
43710240433939,12:08:30.240,22.2300,33
43760846039497,12:09:20.846,22.2400,100
43760846039497,12:09:20.846,22.2400,100
43760846039497,12:09:20.846,22.2400,100
43760846039497,12:09:20.846,22.2400,100
43760846039497,12:09:20.846,22.2400,100
43760854672808,12:09:20.854,22.2400,100
43760854672808,12:09:20.854,22.2400,100
43760854672808,12:09:20.854,22.2400,100
43760949041814,12:09:20.949,22.2400,100
43774548405474,12:09:34.548,22.2300,67
43774548405474,12:09:34.548,22.2300,100
43774548405474,12:09:34.548,22.2300,10
43774548456147,12:09:34.548,22.2300,13
43774549905671,12:09:34.549,22.2300,77
43800668779597,12:10:00.668,22.2300,5
43855289847771,12:10:55.289,22.2300,95
43855289847771,12:10:55.289,22.2400,5
43929927903155,12:12:09.927,22.2200,86
43936494198373,12:12:16.494,22.2300,100
43964508352556,12:12:44.508,22.2300,67
43964528347611,12:12:44.528,22.2300,33
43964528347611,12:12:44.528,22.2300,67
43964528379244,12:12:44.528,22.2300,33
44067774278355,12:14:27.774,22.2300,100
44114816909412,12:15:14.816,22.2200,14
44114816909412,12:15:14.816,22.2200,81
44184900879655,12:16:24.900,22.2200,19
44192707057896,12:16:32.707,22.2300,100
44192707094851,12:16:32.707,22.2300,59
44192707397555,12:16:32.707,22.2300,41
44192707397555,12:16:32.707,22.2300,100
44192714380184,12:16:32.714,22.2300,100
44192714380184,12:16:32.714,22.2300,100
44192714380184,12:16:32.714,22.2300,50
44192714380184,12:16:32.714,22.2300,100
44192714380184,12:16:32.714,22.2300,100
44216704174134,12:16:56.704,22.2300,100
44216711778071,12:16:56.711,22.2300,100
44216711778071,12:16:56.711,22.2300,100
44282761023813,12:18:02.761,22.2250,100
44282784877432,12:18:02.784,22.2200,90
44282785121981,12:18:02.785,22.2200,10
44282785121981,12:18:02.785,22.2200,90
44282785415335,12:18:02.785,22.2200,90
44282786263501,12:18:02.786,22.2200,90
44282788818210,12:18:02.788,22.2200,20
44286450810387,12:18:06.450,22.2100,100
44288426000432,12:18:08.426,22.2100,67
44352186429471,12:19:12.186,22.2000,3
44368875614525,12:19:28.875,22.2000,5
44410515761200,12:20:10.515,22.2000,78
44410515761200,12:20:10.515,22.2000,69
44410515788028,12:20:10.515,22.2000,4
44422064365626,12:20:22.064,22.2000,100
44467836800107,12:21:07.836,22.2000,27
44467836800107,12:21:07.836,22.2000,73
44502314589261,12:21:42.314,22.2000,100
44502314705234,12:21:42.314,22.2000,3
44502314728245,12:21:42.314,22.2000,24
44502314728245,12:21:42.314,22.2000,40
44502314728245,12:21:42.314,22.2000,3
44502314824810,12:21:42.314,22.2000,67
44502315739993,12:21:42.315,22.2000,100
44502315862984,12:21:42.315,22.2000,30
44540420805469,12:22:20.420,22.2000,100
44540420908458,12:22:20.420,22.2000,4
44582702562402,12:23:02.702,22.2000,33
44582702597440,12:23:02.702,22.2000,63
44582702597440,12:23:02.702,22.2000,200
44582702649623,12:23:02.702,22.2000,100
44582702807944,12:23:02.702,22.2000,100
44582702807944,12:23:02.702,22.2000,100
44582702807944,12:23:02.702,22.2000,200
44582702807944,12:23:02.702,22.2000,100
44600250720195,12:23:20.250,22.2000,4
44633809721952,12:23:53.809,22.2000,20
44675275868015,12:24:35.275,22.2000,76
44675275868015,12:24:35.275,22.2000,24
44754840360710,12:25:54.840,22.2000,95
44754840386713,12:25:54.840,22.2000,81
44754840386713,12:25:54.840,22.2000,25
44754840411796,12:25:54.840,22.2000,5
44820968638849,12:27:00.968,22.2100,100
44820968638849,12:27:00.968,22.2100,100
44820968638849,12:27:00.968,22.2100,100
44820968638849,12:27:00.968,22.2100,200
44820968638849,12:27:00.968,22.2100,65
44820969842079,12:27:00.969,22.2100,9
44882235213532,12:28:02.235,22.2000,33
44890110332942,12:28:10.110,22.2100,200
44890110332942,12:28:10.110,22.2100,100
44890110332942,12:28:10.110,22.2100,200
44890110771713,12:28:10.110,22.2200,100
44890110771713,12:28:10.110,22.2200,100
44890111716422,12:28:10.111,22.2200,100
44890111767965,12:28:10.111,22.2200,100
44995114625695,12:29:55.114,22.2200,70
45111121446896,12:31:51.121,22.2100,100
45157687390563,12:32:37.687,22.2100,100
45217189377731,12:33:37.189,22.2100,33
45222976728104,12:33:42.976,22.2100,27
45222976941315,12:33:42.976,22.2100,40
45222976941315,12:33:42.976,22.2100,60
45222977173472,12:33:42.977,22.2100,7
45222977173472,12:33:42.977,22.2100,43
45222977215089,12:33:42.977,22.2100,57
45222977230525,12:33:42.977,22.2100,57
45222977236961,12:33:42.977,22.2100,40
45222977267960,12:33:42.977,22.2100,3
45222985920327,12:33:42.985,22.2000,100
45382356851705,12:36:22.356,22.2000,100
45420524821783,12:37:00.524,22.2000,10
45502079612903,12:38:22.079,22.2000,33
45515791529052,12:38:35.791,22.2000,57
45515791529052,12:38:35.791,22.2000,100
45515791529052,12:38:35.791,22.2000,43
45532655262751,12:38:52.655,22.2000,1
45644415511961,12:40:44.415,22.2000,100
45693546190725,12:41:33.546,22.2000,21
45693546434481,12:41:33.546,22.2000,21
45693548320249,12:41:33.548,22.2000,14
45693548320249,12:41:33.548,22.2000,86
45693548364831,12:41:33.548,22.2000,14
45693548364831,12:41:33.548,22.2000,7
45693548624719,12:41:33.548,22.2000,21
45693548690129,12:41:33.548,22.2000,21
45693548785535,12:41:33.548,22.2000,21
45693548877009,12:41:33.548,22.2000,21
45693549084429,12:41:33.549,22.2000,9
45693549084429,12:41:33.549,22.2000,12
45693549330495,12:41:33.549,22.2000,21
45693549518720,12:41:33.549,22.2000,21
45693549697774,12:41:33.549,22.2000,21
45693549739267,12:41:33.549,22.2000,25
45693549739267,12:41:33.549,22.2000,20
45693549763773,12:41:33.549,22.2000,21
45693549829992,12:41:33.549,22.2000,21
45693549974551,12:41:33.549,22.2000,21
45693550138043,12:41:33.550,22.2000,21
45693550158117,12:41:33.550,22.2000,96
45693550158117,12:41:33.550,22.2000,21
45693550562864,12:41:33.550,22.2000,100
45693550570093,12:41:33.550,22.2000,21
45693550602829,12:41:33.550,22.2000,79
45693550602829,12:41:33.550,22.2000,21
45693551036925,12:41:33.551,22.2000,200
45693551036925,12:41:33.551,22.2000,67
45693556525662,12:41:33.556,22.2000,100
45708616035132,12:41:48.616,22.2000,100
45708616098442,12:41:48.616,22.2000,30
45708616373737,12:41:48.616,22.2000,100
45708620441935,12:41:48.620,22.2000,100
45708620441935,12:41:48.620,22.2000,100
45709202602039,12:41:49.202,22.2000,100
45709202645503,12:41:49.202,22.2000,200
45709202679530,12:41:49.202,22.2000,200
45709202801731,12:41:49.202,22.2000,100
45709202801731,12:41:49.202,22.2000,100
45709202801731,12:41:49.202,22.2000,100
45709202801731,12:41:49.202,22.2000,100
45709202801731,12:41:49.202,22.2000,100
45709202801731,12:41:49.202,22.2000,100
45709207611922,12:41:49.207,22.2100,100
45709207611922,12:41:49.207,22.2100,160
45773070745878,12:42:53.070,22.2100,100
45773071220409,12:42:53.071,22.2100,200
45773071220409,12:42:53.071,22.2100,20
45789084541915,12:43:09.084,22.2200,10
45789084625518,12:43:09.084,22.2200,5
45810774016765,12:43:30.774,22.2200,85
45882841396363,12:44:42.841,22.2100,50
45882841402481,12:44:42.841,22.2100,50
45882841491411,12:44:42.841,22.2100,55
45882841518063,12:44:42.841,22.2100,45
45882841518063,12:44:42.841,22.2100,100
45882841518063,12:44:42.841,22.2100,20
45882841684486,12:44:42.841,22.2100,80
45882862244544,12:44:42.862,22.2000,100
45926140186336,12:45:26.140,22.2000,100
46100418461031,12:48:20.418,22.2100,33
46123583271898,12:48:43.583,22.2100,67
46123583271898,12:48:43.583,22.2100,33
46123583358315,12:48:43.583,22.2100,67
46123583358315,12:48:43.583,22.2100,30
46123583407194,12:48:43.583,22.2100,70
46126145783014,12:48:46.145,22.2100,5
46162258803630,12:49:22.258,22.2000,50
46162258810569,12:49:22.258,22.2000,50
46162258894922,12:49:22.258,22.2000,76
46162258920029,12:49:22.258,22.2000,24
46162258920029,12:49:22.258,22.2000,100
46162258920029,12:49:22.258,22.2000,200
46162258948632,12:49:22.258,22.2000,76
46162258974562,12:49:22.258,22.2000,14
46162258980238,12:49:22.258,22.2000,100
46162259119356,12:49:22.259,22.2000,100
46162259119356,12:49:22.259,22.2000,100
46162259119356,12:49:22.259,22.2000,100
46162259119356,12:49:22.259,22.2000,100
46162265941988,12:49:22.265,22.2000,100
46255469641795,12:50:55.469,22.2100,100
46255469641795,12:50:55.469,22.2100,50
46255469649196,12:50:55.469,22.2100,50
46255469653101,12:50:55.469,22.2100,50
46255469675531,12:50:55.469,22.2100,150
46255469675531,12:50:55.469,22.2100,100
46255469675531,12:50:55.469,22.2100,40
46255477583491,12:50:55.477,22.2100,210
46255477583491,12:50:55.477,22.2100,100
46255477583491,12:50:55.477,22.2100,100
46255477583491,12:50:55.477,22.2100,200
46264429580514,12:51:04.429,22.2100,100
46264429580514,12:51:04.429,22.2100,100
46264429580514,12:51:04.429,22.2100,100
46277379992586,12:51:17.379,22.2100,100
46277393783737,12:51:17.393,22.2100,100
46277393783737,12:51:17.393,22.2100,100
46378909972203,12:52:58.909,22.2000,33
46411987964521,12:53:31.987,22.2000,167
46411987964521,12:53:31.987,22.2000,100
46411987964521,12:53:31.987,22.2000,100
46411987964521,12:53:31.987,22.2000,100
46411988073499,12:53:31.988,22.2000,116
46411988102911,12:53:31.988,22.2000,100
46411988102911,12:53:31.988,22.2000,100
46411988102911,12:53:31.988,22.2000,100
46411988102911,12:53:31.988,22.2000,100
46411988124806,12:53:31.988,22.2000,200
46411988124806,12:53:31.988,22.2000,100
46428016818865,12:53:48.016,22.2000,200
46428016873772,12:53:48.016,22.2000,100
46428017019737,12:53:48.017,22.2000,200
46428017019737,12:53:48.017,22.2000,100
46428019057572,12:53:48.019,22.2000,100
46493863223251,12:54:53.863,22.2000,100
46493863334534,12:54:53.863,22.2000,32
46534117536947,12:55:34.117,22.2000,20
46555395151538,12:55:55.395,22.2000,48
46555395151538,12:55:55.395,22.2000,100
46555395151538,12:55:55.395,22.2000,200
46555395211971,12:55:55.395,22.2000,100
46555395347475,12:55:55.395,22.2000,100
46555395347475,12:55:55.395,22.2000,200
46555395347475,12:55:55.395,22.2000,42
46555395347475,12:55:55.395,22.2000,100
46555395347475,12:55:55.395,22.2000,100
46555395347475,12:55:55.395,22.2000,100
46555395449223,12:55:55.395,22.2000,100
46555395449223,12:55:55.395,22.2000,100
46555395449223,12:55:55.395,22.2000,100
46555398080013,12:55:55.398,22.2000,38
46555400110920,12:55:55.400,22.2000,62
46555400110920,12:55:55.400,22.2000,38
46624490047779,12:57:04.490,22.2000,100
46624490056227,12:57:04.490,22.2000,50
46624490079356,12:57:04.490,22.2000,50
46624490079356,12:57:04.490,22.2000,15
46695948999471,12:58:15.948,22.1900,33
46696307398626,12:58:16.307,22.1900,62
46756910964808,12:59:16.910,22.1900,5
46756910964808,12:59:16.910,22.1900,95
46756911010546,12:59:16.911,22.1900,105
46756911010546,12:59:16.911,22.1900,14
46756911058750,12:59:16.911,22.1900,14
46756911089343,12:59:16.911,22.1900,100
46756911094756,12:59:16.911,22.1900,4
46756911120405,12:59:16.911,22.1900,14
46756911148019,12:59:16.911,22.1900,200
46756911148019,12:59:16.911,22.1900,200
46756911172666,12:59:16.911,22.1900,100
46756911172666,12:59:16.911,22.1900,22
46756911172666,12:59:16.911,22.1900,100
46760430931458,12:59:20.430,22.1900,47
46760431435512,12:59:20.431,22.1900,9
46789559785220,12:59:49.559,22.2000,100
46789559785220,12:59:49.559,22.2000,200
46789559785220,12:59:49.559,22.2000,100
46789570919910,12:59:49.570,22.2000,100
46789570919910,12:59:49.570,22.2000,200
46789570919910,12:59:49.570,22.2000,100
46789570919910,12:59:49.570,22.2000,200
46789570992305,12:59:49.570,22.2000,100
46789571061338,12:59:49.571,22.2000,100
46789571061338,12:59:49.571,22.2000,100
46789571061338,12:59:49.571,22.2000,100
46789571061338,12:59:49.571,22.2000,100
46796277022225,12:59:56.277,22.2050,200
46812665695678,13:00:12.665,22.2000,20
46812665721890,13:00:12.665,22.2000,80
46812665721890,13:00:12.665,22.2000,100
46812665805579,13:00:12.665,22.2000,19
46812665926070,13:00:12.665,22.2000,81
46928411549815,13:02:08.411,22.2000,100
46928411549815,13:02:08.411,22.2000,100
46928412041089,13:02:08.412,22.2000,100
46993358432293,13:03:13.358,22.2000,33
46993358521755,13:03:13.358,22.2000,7
47014083808862,13:03:34.083,22.2000,60
47014083808862,13:03:34.083,22.2000,40
47014083909276,13:03:34.083,22.2000,47
47034085916396,13:03:54.085,22.2000,113
47034085916396,13:03:54.085,22.2000,40
47034085997365,13:03:54.085,22.2000,100
47034086094352,13:03:54.086,22.2000,100
47034086094352,13:03:54.086,22.2000,100
47034093993750,13:03:54.093,22.2000,100
47042621471354,13:04:02.621,22.2000,5
47151043659285,13:05:51.043,22.2000,100
47161510506454,13:06:01.510,22.2000,1
47188630723584,13:06:28.630,22.2000,5
47232151120439,13:07:12.151,22.2100,100
47232151120439,13:07:12.151,22.2100,11
47232151120439,13:07:12.151,22.2100,89
47297959432717,13:08:17.959,22.2000,32
47317237475488,13:08:37.237,22.2100,100
47422158809644,13:10:22.158,22.2000,5
47422324374387,13:10:22.324,22.2000,23
47422324374387,13:10:22.324,22.2000,77
47425081879905,13:10:25.081,22.2000,123
47425081879905,13:10:25.081,22.2000,100
47425081879905,13:10:25.081,22.2000,68
47425081999947,13:10:25.081,22.2000,44
47425094265872,13:10:25.094,22.2000,100
47425094348846,13:10:25.094,22.2000,56
47425094348846,13:10:25.094,22.2000,100
47425094410163,13:10:25.094,22.2000,40
47425103963981,13:10:25.103,22.2000,100
47425104010377,13:10:25.104,22.2000,60
47425104063530,13:10:25.104,22.2000,100
47434644879079,13:10:34.644,22.2000,5
47585837768383,13:13:05.837,22.2000,33
47652296147456,13:14:12.296,22.2000,67
47652296147456,13:14:12.296,22.2000,33
47691756722785,13:14:51.756,22.2000,100
47691756722785,13:14:51.756,22.2000,100
47691756722785,13:14:51.756,22.2000,100
47691756722785,13:14:51.756,22.2000,100
47705083689473,13:15:05.083,22.2000,61
47705083717703,13:15:05.083,22.2000,22
47705083924272,13:15:05.083,22.2000,17
47775183420320,13:16:15.183,22.1900,44
47775183420320,13:16:15.183,22.1900,20
47775183420320,13:16:15.183,22.1900,36
47775301754201,13:16:15.301,22.1900,64
47888486055327,13:18:08.486,22.1900,100
47888486055327,13:18:08.486,22.1900,100
47888486055327,13:18:08.486,22.1900,200
47888486055327,13:18:08.486,22.1900,4
47888486055327,13:18:08.486,22.1900,100
47888486055327,13:18:08.486,22.1900,100
47888486055327,13:18:08.486,22.1900,100
47888486507054,13:18:08.486,22.1900,100
47888486507054,13:18:08.486,22.1900,100
47888499491956,13:18:08.499,22.1900,100
47888499491956,13:18:08.499,22.1900,100
47888499491956,13:18:08.499,22.1900,200
47888499580791,13:18:08.499,22.1900,6
47888499679413,13:18:08.499,22.1900,100
47888499679413,13:18:08.499,22.1900,100
47888499679413,13:18:08.499,22.1900,100
47888499679413,13:18:08.499,22.1900,100
47894427674696,13:18:14.427,22.1900,200
47894427674696,13:18:14.427,22.1900,100
47894427703515,13:18:14.427,22.1900,176
47894427703515,13:18:14.427,22.1900,100
47894427754635,13:18:14.427,22.1900,100
47894427772775,13:18:14.427,22.1900,276
47894427823271,13:18:14.427,22.1900,100
47894427823271,13:18:14.427,22.1900,100
47894427823271,13:18:14.427,22.1900,100
47894427823271,13:18:14.427,22.1900,100
47894427844032,13:18:14.427,22.1900,100
47894427844032,13:18:14.427,22.1900,177
47904892973959,13:18:24.892,22.1900,100
47904892973959,13:18:24.892,22.1900,200
47904893007395,13:18:24.893,22.1900,300
47904893026929,13:18:24.893,22.1900,100
47904893141527,13:18:24.893,22.1900,100
47904893141527,13:18:24.893,22.1900,100
47904893141527,13:18:24.893,22.1900,100
47904893141527,13:18:24.893,22.1900,100
47904893160347,13:18:24.893,22.1900,100
47904893160347,13:18:24.893,22.1900,100
47904893160347,13:18:24.893,22.1900,100
47904893160347,13:18:24.893,22.1900,100
47904893267905,13:18:24.893,22.1900,100
47904893267905,13:18:24.893,22.1900,100
47904893267905,13:18:24.893,22.1900,100
47904893267905,13:18:24.893,22.1900,100
47904893282797,13:18:24.893,22.1900,100
47904893374242,13:18:24.893,22.1900,100
47904893374242,13:18:24.893,22.1900,200
47904893374242,13:18:24.893,22.1900,100
47904893374242,13:18:24.893,22.1900,100
47904893377442,13:18:24.893,22.1900,400
47904893390463,13:18:24.893,22.1900,30
47904893396139,13:18:24.893,22.1900,30
47975585420695,13:19:35.585,22.2000,100
47975585420695,13:19:35.585,22.2000,100
47975585420695,13:19:35.585,22.2000,100
47975585420695,13:19:35.585,22.2000,100
47975598422869,13:19:35.598,22.2000,100
47975598422869,13:19:35.598,22.2000,100
47975598422869,13:19:35.598,22.2000,100
47975598422869,13:19:35.598,22.2000,200
47975598518720,13:19:35.598,22.2000,200
47975598518720,13:19:35.598,22.2000,100
47975598518720,13:19:35.598,22.2000,100
47975598827829,13:19:35.598,22.2000,2
47975601480241,13:19:35.601,22.2000,100
47979877443762,13:19:39.877,22.2000,5
47992577849036,13:19:52.577,22.1900,68
47992579265063,13:19:52.579,22.1900,32
47992579265063,13:19:52.579,22.1900,58
47992580311703,13:19:52.580,22.1900,42
47992580311703,13:19:52.580,22.1900,1
47992580311703,13:19:52.580,22.1900,100
47992580311703,13:19:52.580,22.1900,57
48046007905420,13:20:46.007,22.1900,49
48050376497153,13:20:50.376,22.1900,100
48057079603272,13:20:57.079,22.1900,100
48104784885725,13:21:44.784,22.2000,167
48104784885725,13:21:44.784,22.2000,100
48104784885725,13:21:44.784,22.2000,200
48104784885725,13:21:44.784,22.2000,20
48104784885725,13:21:44.784,22.2000,100
48104785729007,13:21:44.785,22.2000,100
48104785729007,13:21:44.785,22.2000,29
48104785729007,13:21:44.785,22.2000,100
48104785729007,13:21:44.785,22.2000,100
48192003819822,13:23:12.003,22.2000,100
48192003819822,13:23:12.003,22.2000,100
48192008954046,13:23:12.008,22.1900,33
48268151946098,13:24:28.151,22.2000,100
48268151946098,13:24:28.151,22.2000,100
48268151946098,13:24:28.151,22.2000,2
48268151946098,13:24:28.151,22.2000,100
48268152882049,13:24:28.152,22.2000,13
48268164134076,13:24:28.164,22.2000,100
48268164134076,13:24:28.164,22.2000,100
48297254036437,13:24:57.254,22.2100,100
48297254036437,13:24:57.254,22.2100,100
48297254036437,13:24:57.254,22.2100,100
48297254036437,13:24:57.254,22.2100,100
48297982895751,13:24:57.982,22.2100,100
48309502493791,13:25:09.502,22.2200,80
48379749569733,13:26:19.749,22.2200,100
48379749569733,13:26:19.749,22.2200,100
48380899215217,13:26:20.899,22.2200,5
48457903407151,13:27:37.903,22.2200,5
48486904829011,13:28:06.904,22.2200,33
48509397024508,13:28:29.397,22.2200,20
48552569391000,13:29:12.569,22.2300,100
48666310538517,13:31:06.310,22.2300,30
48790406735786,13:33:10.406,22.2200,24
48790406735786,13:33:10.406,22.2200,9
48832028942635,13:33:52.028,22.2200,91
48832028942635,13:33:52.028,22.2200,9
48916000556890,13:35:16.000,22.2200,20
48917371720492,13:35:17.371,22.2200,71
48917371720492,13:35:17.371,22.2200,29
49027908701661,13:37:07.908,22.2200,25
49027908701661,13:37:07.908,22.2200,100
49049844046893,13:37:29.844,22.2200,86
49083848457783,13:38:03.848,22.2200,14
49083848457783,13:38:03.848,22.2200,46
49093083603672,13:38:13.083,22.2200,33
49191263751116,13:39:51.263,22.2200,21
49204379152286,13:40:04.379,22.2200,100
49303208646659,13:41:43.208,22.2200,100
49306140511710,13:41:46.140,22.2300,100
49306140511710,13:41:46.140,22.2300,100
49306140511710,13:41:46.140,22.2300,20
49306140511710,13:41:46.140,22.2300,20
49306140511710,13:41:46.140,22.2300,100
49306140511710,13:41:46.140,22.2300,100
49335767241311,13:42:15.767,22.2400,95
49335767241311,13:42:15.767,22.2400,300
49335770362254,13:42:15.770,22.2400,35
49337224583524,13:42:17.224,22.2400,100
49337224583524,13:42:17.224,22.2400,35
49340126145939,13:42:20.126,22.2400,100
49395857929479,13:43:15.857,22.2400,100
49395857929479,13:43:15.857,22.2400,100
49395858066600,13:43:15.858,22.2400,100
49400531875062,13:43:20.531,22.2300,33
49460622480229,13:44:20.622,22.2300,43
49460622716339,13:44:20.622,22.2300,24
49460622716339,13:44:20.622,22.2300,75
49460622747983,13:44:20.622,22.2300,125
49460622747983,13:44:20.622,22.2300,100
49460622747983,13:44:20.622,22.2300,100
49460622821613,13:44:20.622,22.2300,28
49460623145209,13:44:20.623,22.2300,5
49460623861476,13:44:20.623,22.2300,100
49460623861476,13:44:20.623,22.2300,100
49460623861476,13:44:20.623,22.2300,100
49460623861476,13:44:20.623,22.2300,100
49460623861476,13:44:20.623,22.2300,100
49460623861476,13:44:20.623,22.2300,100
49470114821817,13:44:30.114,22.2300,100
49470114821817,13:44:30.114,22.2300,100
49470114862030,13:44:30.114,22.2300,100
49470115061781,13:44:30.115,22.2300,48
49470115125203,13:44:30.115,22.2300,100
49502959828420,13:45:02.959,22.2300,5
49518397422974,13:45:18.397,22.2300,22
49518397534535,13:45:18.397,22.2300,73
49518397534535,13:45:18.397,22.2300,127
49518397725489,13:45:18.397,22.2300,48
49518397845261,13:45:18.397,22.2300,25
49518397845261,13:45:18.397,22.2300,22
49518401133310,13:45:18.401,22.2300,178
49518401345560,13:45:18.401,22.2300,100
49518401345560,13:45:18.401,22.2300,100
49518401345560,13:45:18.401,22.2300,100
49518406917007,13:45:18.406,22.2300,100
49518406917007,13:45:18.406,22.2300,100
49519460547338,13:45:19.460,22.2300,100
49519460683906,13:45:19.460,22.2300,100
49519460683906,13:45:19.460,22.2300,100
49519460683906,13:45:19.460,22.2300,100
49519460683906,13:45:19.460,22.2300,100
49519460712143,13:45:19.460,22.2300,28
49519460712143,13:45:19.460,22.2300,100
49534179057267,13:45:34.179,22.2400,100
49611441510146,13:46:51.441,22.2300,12
49656323528750,13:47:36.323,22.2300,20
49656323638135,13:47:36.323,22.2300,11
49656323709528,13:47:36.323,22.2300,5
49656323943469,13:47:36.323,22.2300,3
49656324044289,13:47:36.324,22.2300,1
49656398100918,13:47:36.398,22.2400,100
49656398100918,13:47:36.398,22.2400,100
49656398100918,13:47:36.398,22.2400,100
49656398100918,13:47:36.398,22.2400,52
49656398100918,13:47:36.398,22.2400,136
49656398115314,13:47:36.398,22.2400,364
49656398566687,13:47:36.398,22.2400,100
49656399430603,13:47:36.399,22.2400,100
49656399430603,13:47:36.399,22.2400,100
49656399430603,13:47:36.399,22.2400,100
49656399430603,13:47:36.399,22.2400,100
49711386904272,13:48:31.386,22.2300,33
49719651861624,13:48:39.651,22.2300,15
49719651861624,13:48:39.651,22.2300,100
49719651861624,13:48:39.651,22.2300,1
49719651861624,13:48:39.651,22.2300,100
49790254701018,13:49:50.254,22.2300,100
49874631992741,13:51:14.631,22.2400,100
49874631992741,13:51:14.631,22.2400,98
49874632059107,13:51:14.632,22.2400,2
49874632059107,13:51:14.632,22.2400,10
49874632059107,13:51:14.632,22.2400,20
49874640659214,13:51:14.640,22.2400,100
49874640659214,13:51:14.640,22.2400,100
49874640659214,13:51:14.640,22.2400,100
49995309803077,13:53:15.309,22.2400,100
49995309803077,13:53:15.309,22.2400,100
49995321815701,13:53:15.321,22.2400,200
49995321815701,13:53:15.321,22.2400,100
50027580067437,13:53:47.580,22.2500,100
50027580067437,13:53:47.580,22.2500,20
50027580067437,13:53:47.580,22.2500,100
50027580067437,13:53:47.580,22.2500,100
50027585330475,13:53:47.585,22.2500,100
50027587335447,13:53:47.587,22.2500,100
50027587335447,13:53:47.587,22.2500,200
50027587335447,13:53:47.587,22.2500,100
50027587335447,13:53:47.587,22.2500,200
50027587335447,13:53:47.587,22.2500,100
50027587335447,13:53:47.587,22.2500,200
50027588325622,13:53:47.588,22.2500,200
50027589180275,13:53:47.589,22.2500,100
50027589180275,13:53:47.589,22.2500,100
50027589180275,13:53:47.589,22.2500,200
50027589315994,13:53:47.589,22.2500,200
50027589315994,13:53:47.589,22.2500,200
50027589342133,13:53:47.589,22.2500,200
50027589342133,13:53:47.589,22.2500,100
50037299717214,13:53:57.299,22.2600,100
50037299717214,13:53:57.299,22.2600,100
50037299717214,13:53:57.299,22.2600,100
50037359857231,13:53:57.359,22.2600,100
50038188898266,13:53:58.188,22.2600,5
50039636985002,13:53:59.636,22.2600,100
50039636985002,13:53:59.636,22.2600,100
50154993797632,13:55:54.993,22.2600,100
50154993797632,13:55:54.993,22.2600,40
50154993797632,13:55:54.993,22.2600,60
50154993854231,13:55:54.993,22.2600,40
50154993854231,13:55:54.993,22.2600,100
50200655199972,13:56:40.655,22.2600,100
50200655257184,13:56:40.655,22.2600,100
50200655503201,13:56:40.655,22.2600,100
50200662706525,13:56:40.662,22.2600,200
50200662706525,13:56:40.662,22.2600,100
50208406061434,13:56:48.406,22.2600,29
50208406061434,13:56:48.406,22.2600,71
50208474282074,13:56:48.474,22.2600,29
50208474282074,13:56:48.474,22.2600,71
50208481176820,13:56:48.481,22.2600,100
50208481294544,13:56:48.481,22.2600,100
50208481294544,13:56:48.481,22.2600,100
50227205761667,13:57:07.205,22.2600,100
50227212524997,13:57:07.212,22.2700,100
50227212524997,13:57:07.212,22.2700,100
50227213320586,13:57:07.213,22.2700,100
50227213320586,13:57:07.213,22.2700,100
50227213320586,13:57:07.213,22.2700,100
50227213320586,13:57:07.213,22.2600,100
50227213320586,13:57:07.213,22.2600,100
50227213320586,13:57:07.213,22.2600,100
50227213320586,13:57:07.213,22.2600,30
50227213320586,13:57:07.213,22.2600,100
50227213320586,13:57:07.213,22.2600,170
50227213358051,13:57:07.213,22.2700,100
50227214389912,13:57:07.214,22.2600,30
50227214389912,13:57:07.214,22.2600,30
50227214389912,13:57:07.214,22.2600,200
50227221682640,13:57:07.221,22.2600,100
50227237814003,13:57:07.237,22.2500,90
50240080977167,13:57:20.080,22.2600,30
50240080977167,13:57:20.080,22.2600,100
50251568601962,13:57:31.568,22.2600,100
50266437620512,13:57:46.437,22.2600,100
50302473883083,13:58:22.473,22.2500,10
50302473883083,13:58:22.473,22.2500,23
50330796145647,13:58:50.796,22.2500,47
50330796174106,13:58:50.796,22.2500,30
50330796174106,13:58:50.796,22.2500,66
50330796213195,13:58:50.796,22.2500,34
50330796213195,13:58:50.796,22.2500,14
50330856005142,13:58:50.856,22.2500,100
50330895015356,13:58:50.895,22.2500,86
50330895015356,13:58:50.895,22.2500,200
50338616314598,13:58:58.616,22.2400,10
50346175969398,13:59:06.175,22.2400,100
50346176060920,13:59:06.176,22.2400,3
50368951241087,13:59:28.951,22.2300,30
50368951241087,13:59:28.951,22.2300,10
50368951241087,13:59:28.951,22.2300,20
50368951241087,13:59:28.951,22.2300,100
50368951241087,13:59:28.951,22.2300,100
50368961559165,13:59:28.961,22.2300,96
50368961574325,13:59:28.961,22.2300,4
50369001273250,13:59:29.001,22.2300,100
50369001273250,13:59:29.001,22.2300,144
50387307062265,13:59:47.307,22.2300,48
50387307081851,13:59:47.307,22.2300,47
50387307129251,13:59:47.307,22.2300,5
50387317433128,13:59:47.317,22.2300,100
50387317773238,13:59:47.317,22.2300,100
50396786606844,13:59:56.786,22.2300,100
50400012942799,14:00:00.012,22.2300,100
50402706029679,14:00:02.706,22.2300,150
50402706029679,14:00:02.706,22.2300,100
50402706029679,14:00:02.706,22.2300,100
50402786267442,14:00:02.786,22.2300,100
50402786267442,14:00:02.786,22.2300,100
50407756365332,14:00:07.756,22.2400,100
50407756396108,14:00:07.756,22.2400,100
50407758062911,14:00:07.758,22.2400,100
50407840365752,14:00:07.840,22.2400,50
50407840422759,14:00:07.840,22.2400,50
50407844012743,14:00:07.844,22.2400,50
50409006418067,14:00:09.006,22.2500,100
50409006418067,14:00:09.006,22.2500,100
50409725965401,14:00:09.725,22.2400,55
50409725965401,14:00:09.725,22.2400,100
50409726060093,14:00:09.726,22.2500,100
50409726060093,14:00:09.726,22.2500,100
50409726626789,14:00:09.726,22.2400,100
50410735637048,14:00:10.735,22.2400,100
50411741402812,14:00:11.741,22.2300,100
50411741402812,14:00:11.741,22.2300,100
50411741402812,14:00:11.741,22.2300,55
50412742880762,14:00:12.742,22.2300,55
50413131929272,14:00:13.131,22.2600,100
50413746964851,14:00:13.746,22.2300,200
50413746964851,14:00:13.746,22.2300,100
50413746964851,14:00:13.746,22.2300,100
50413746964851,14:00:13.746,22.2300,55
50413746964851,14:00:13.746,22.2300,100
50413747985150,14:00:13.747,22.2300,100
50413747985150,14:00:13.747,22.2300,100
50413747985150,14:00:13.747,22.2300,100
50413748178880,14:00:13.748,22.2400,45
50413748178880,14:00:13.748,22.2400,100
50413748178880,14:00:13.748,22.2300,40
50413748178880,14:00:13.748,22.2300,55
50413748178880,14:00:13.748,22.2300,30
50414755053316,14:00:14.755,22.2300,55
50414755053316,14:00:14.755,22.2200,20
50414755053316,14:00:14.755,22.2200,200
50414755053316,14:00:14.755,22.2200,100
50414755053316,14:00:14.755,22.2200,17
50414755097252,14:00:14.755,22.2200,38
50414755395840,14:00:14.755,22.2300,100
50414755520778,14:00:14.755,22.2300,100
50414756130788,14:00:14.756,22.2200,100
50414756130788,14:00:14.756,22.2200,53
50414756130788,14:00:14.756,22.2200,100
50414756213146,14:00:14.756,22.2200,100
50414877350521,14:00:14.877,22.2400,100
50414881013911,14:00:14.881,22.2400,55
50416821327218,14:00:16.821,22.2300,53
50416821387421,14:00:16.821,22.2300,47
50416821469682,14:00:16.821,22.2300,47
50416825364981,14:00:16.825,22.2300,8
50422592521951,14:00:22.592,22.2200,55
50423328231128,14:00:23.328,22.2200,55
50423328703916,14:00:23.328,22.2100,100
50423330057197,14:00:23.330,22.2100,46
50423331057585,14:00:23.331,22.2100,18
50423337072341,14:00:23.337,22.2100,136
50423337072341,14:00:23.337,22.2100,34
50423337899243,14:00:23.337,22.2100,21
50424585775027,14:00:24.585,22.2000,100
50424585833102,14:00:24.585,22.2000,100
50424585833102,14:00:24.585,22.2000,1
50424585833102,14:00:24.585,22.2000,100
50424585875959,14:00:24.585,22.2000,100
50425597188350,14:00:25.597,22.2000,100
50425597486107,14:00:25.597,22.2000,100
50425597529201,14:00:25.597,22.2000,100
50427867418972,14:00:27.867,22.2000,200
50427867418972,14:00:27.867,22.2000,600
50427867453875,14:00:27.867,22.2000,800
50427867630917,14:00:27.867,22.2000,200
50427867630917,14:00:27.867,22.2000,600
50427867645589,14:00:27.867,22.2000,800
50427867711346,14:00:27.867,22.2000,200
50427867711346,14:00:27.867,22.2000,600
50427867715207,14:00:27.867,22.2000,800
50427868063669,14:00:27.868,22.2000,200
50427868184004,14:00:27.868,22.2000,100
50427868184004,14:00:27.868,22.2000,100
50427868233258,14:00:27.868,22.2000,100
50427919198477,14:00:27.919,22.2100,100
50427919229306,14:00:27.919,22.2100,26
50429828227230,14:00:29.828,22.2100,100
50446526905496,14:00:46.526,22.2100,100
50446526905496,14:00:46.526,22.2100,100
50451066678123,14:00:51.066,22.2200,55
50466746531344,14:01:06.746,22.2100,200
50466748091219,14:01:06.748,22.2000,100
50466800908792,14:01:06.800,22.2000,100
50466801011657,14:01:06.801,22.2000,100
50471392871489,14:01:11.392,22.2000,100
50471394028159,14:01:11.394,22.2000,200
50471395726363,14:01:11.395,22.2000,100
50471399365124,14:01:11.399,22.2000,100
50472026768995,14:01:12.026,22.2300,100
50474821740268,14:01:14.821,22.2200,200
50509062727027,14:01:49.062,22.2000,108
50509062743554,14:01:49.062,22.2000,46
50509062746236,14:01:49.062,22.2000,46
50509062746236,14:01:49.062,22.2000,46
50509062747027,14:01:49.062,22.2000,46
50509062788235,14:01:49.062,22.2000,100
50509062897715,14:01:49.062,22.2000,100
50509062897715,14:01:49.062,22.2000,100
50509063053939,14:01:49.063,22.2000,100
50513953025151,14:01:53.953,22.2000,100
50513953025151,14:01:53.953,22.2000,200
50513953025151,14:01:53.953,22.2000,100
50516317039773,14:01:56.317,22.2000,200
50516317079281,14:01:56.317,22.2000,100
50516317172609,14:01:56.317,22.2000,100
50516317172609,14:01:56.317,22.2000,100
50517009446724,14:01:57.009,22.2000,100
50517009446724,14:01:57.009,22.2000,100
50517009497912,14:01:57.009,22.2000,100
50517009772627,14:01:57.009,22.2000,100
50517012170283,14:01:57.012,22.2000,100
50517012170283,14:01:57.012,22.2000,200
50517012170283,14:01:57.012,22.2000,299
50517024083743,14:01:57.024,22.1900,100
50517865622826,14:01:57.865,22.1900,100
50572510558384,14:02:52.510,22.1800,5
50576397517177,14:02:56.397,22.1900,100
50576397517177,14:02:56.397,22.1900,100
50576397517177,14:02:56.397,22.1900,50
50576397746920,14:02:56.397,22.1900,20
50576398590383,14:02:56.398,22.1900,30
50608300625446,14:03:28.300,22.2000,100
50608300625446,14:03:28.300,22.2000,100
50608300625446,14:03:28.300,22.2000,100
50608302425068,14:03:28.302,22.2000,100
50634394294397,14:03:54.394,22.2100,31
50634396453905,14:03:54.396,22.2100,100
50667102332867,14:04:27.102,22.2500,7
50704162973726,14:05:04.162,22.2500,100
50704163009265,14:05:04.163,22.2500,100
50733025957600,14:05:33.025,22.2700,100
50733025982207,14:05:33.025,22.2700,20
50733025982756,14:05:33.025,22.2700,20
50746923389860,14:05:46.923,22.2800,100
50756969817441,14:05:56.969,22.2700,53
50756970047478,14:05:56.970,22.2700,47
50756970047478,14:05:56.970,22.2700,2
50759238756002,14:05:59.238,22.2700,100
50759256514695,14:05:59.256,22.2600,41
50759256529137,14:05:59.256,22.2600,59
50759256529137,14:05:59.256,22.2600,28
50759256531857,14:05:59.256,22.2600,46
50759256532435,14:05:59.256,22.2600,26
50775670310453,14:06:15.670,22.2700,100
50791491852245,14:06:31.491,22.2700,5
50800081492416,14:06:40.081,22.2800,100
50800081492416,14:06:40.081,22.2800,100
50820437909064,14:07:00.437,22.2800,100
50820437909064,14:07:00.437,22.2800,100
50830913698635,14:07:10.913,22.3000,9
50830913698635,14:07:10.913,22.3000,100
50892416510232,14:08:12.416,22.2700,33
50962636962963,14:09:22.636,22.2800,100
50962637192687,14:09:22.637,22.2800,20
50962637192687,14:09:22.637,22.2800,100
50982179520297,14:09:42.179,22.2700,100
50982179520297,14:09:42.179,22.2700,93
50982179528557,14:09:42.179,22.2700,7
50982179691788,14:09:42.179,22.2600,20
50982182329334,14:09:42.182,22.2600,19
50982199356424,14:09:42.199,22.2600,61
50982199844393,14:09:42.199,22.2600,100
51003456063124,14:10:03.456,22.2600,8
51011537808972,14:10:11.537,22.2500,100
51012026596405,14:10:12.026,22.2400,100
51012026699917,14:10:12.026,22.2400,20
51012645009105,14:10:12.645,22.2500,100
51012645009105,14:10:12.645,22.2500,74
51019846541800,14:10:19.846,22.2500,26
51019846541800,14:10:19.846,22.2500,74
51025715616952,14:10:25.715,22.2400,100
51025719961685,14:10:25.719,22.2300,49
51025720461336,14:10:25.720,22.2300,51
51025732357180,14:10:25.732,22.2100,61
51025732359317,14:10:25.732,22.2100,39
51025802224591,14:10:25.802,22.2100,100
51025802224591,14:10:25.802,22.2100,256
51026199692121,14:10:26.199,22.2200,100
51026199692121,14:10:26.199,22.2200,100
51026225079392,14:10:26.225,22.2200,100
51033984772918,14:10:33.984,22.2200,48
51033984776807,14:10:33.984,22.2200,46
51033984788078,14:10:33.984,22.2200,6
51038658276036,14:10:38.658,22.2200,100
51064225643899,14:11:04.225,22.2300,11
51064225648209,14:11:04.225,22.2300,50
51064225853967,14:11:04.225,22.2300,39
51064225853967,14:11:04.225,22.2300,45
51064630651856,14:11:04.630,22.2300,46
51064630731996,14:11:04.630,22.2300,109
51064640206030,14:11:04.640,22.2300,100
51064640206030,14:11:04.640,22.2300,100
51064640206030,14:11:04.640,22.2300,100
51072343815688,14:11:12.343,22.2300,100
51072343993980,14:11:12.343,22.2300,100
51079373862816,14:11:19.373,22.2300,50
51079373862816,14:11:19.373,22.2300,100
51079373862816,14:11:19.373,22.2300,50
51082549874137,14:11:22.549,22.2300,32
51082549874695,14:11:22.549,22.2300,18
51082549874695,14:11:22.549,22.2300,29
51082549905598,14:11:22.549,22.2300,71
51082552634591,14:11:22.552,22.2400,100
51082552634591,14:11:22.552,22.2400,100
51082552634591,14:11:22.552,22.2400,100
51082565148508,14:11:22.565,22.2400,100
51082565148508,14:11:22.565,22.2300,100
51082565148508,14:11:22.565,22.2300,100
51082565148508,14:11:22.565,22.2300,100
51082565148508,14:11:22.565,22.2300,100
51082565148508,14:11:22.565,22.2300,55
51082565148508,14:11:22.565,22.2300,100
51082565573318,14:11:22.565,22.2300,200
51082565573318,14:11:22.565,22.2300,100
51082576133245,14:11:22.576,22.2300,100
51082576133245,14:11:22.576,22.2300,100
51121729338841,14:12:01.729,22.2400,200
51121729341514,14:12:01.729,22.2400,50
51121729548045,14:12:01.729,22.2400,50
51140131501120,14:12:20.131,22.2300,65
51154524104902,14:12:34.524,22.2300,92
51154524117009,14:12:34.524,22.2300,8
51154524117009,14:12:34.524,22.2300,100
51154524117009,14:12:34.524,22.2300,42
51154524118666,14:12:34.524,22.2300,50
51154524137927,14:12:34.524,22.2300,8
51154531437465,14:12:34.531,22.2300,100
51154531437465,14:12:34.531,22.2300,100
51154531437465,14:12:34.531,22.2300,100
51154531437465,14:12:34.531,22.2300,100
51183367173104,14:13:03.367,22.2300,100
51185173389420,14:13:05.173,22.2300,100
51188175420908,14:13:08.175,22.2300,100
51188182963637,14:13:08.182,22.2300,100
51188182963637,14:13:08.182,22.2300,100
51188182963637,14:13:08.182,22.2300,100
51188183044276,14:13:08.183,22.2300,100
51188183044276,14:13:08.183,22.2300,100
51194159476649,14:13:14.159,22.2300,50
51212741068636,14:13:32.741,22.2200,100
51212741068636,14:13:32.741,22.2200,50
51212741070841,14:13:32.741,22.2200,50
51212741110185,14:13:32.741,22.2200,100
51212741110185,14:13:32.741,22.2200,98
51212741143756,14:13:32.741,22.2200,2
51212741143756,14:13:32.741,22.2200,48
51212741149787,14:13:32.741,22.2200,52
51226322610215,14:13:46.322,22.2100,100
51226323287811,14:13:46.323,22.2000,100
51226323287811,14:13:46.323,22.2000,100
51226323494604,14:13:46.323,22.2000,100
51226325991996,14:13:46.325,22.2000,40
51256395363315,14:14:16.395,22.2000,57
51256395364214,14:14:16.395,22.2000,43
51256395364214,14:14:16.395,22.2000,100
51256395364214,14:14:16.395,22.2000,57
51256395390375,14:14:16.395,22.2000,10
51256395468672,14:14:16.395,22.2000,33
51256395468672,14:14:16.395,22.2000,17
51256395499993,14:14:16.395,22.2000,83
51256453712905,14:14:16.453,22.2000,200
51258405952435,14:14:18.405,22.2000,100
51258405952435,14:14:18.405,22.2000,100
51258414281037,14:14:18.414,22.2000,100
51258414281037,14:14:18.414,22.2000,7
51258414281037,14:14:18.414,22.2000,100
51265447751756,14:14:25.447,22.1900,47
51265447780904,14:14:25.447,22.1900,3
51271526911781,14:14:31.526,22.2000,100
51271526918033,14:14:31.526,22.2000,100
51271535427057,14:14:31.535,22.2000,100
51271535427057,14:14:31.535,22.2000,100
51271535427057,14:14:31.535,22.2000,100
51275810042656,14:14:35.810,22.2000,100
51275810042656,14:14:35.810,22.2000,100
51287277644999,14:14:47.277,22.2100,100
51289162057479,14:14:49.162,22.2100,100
51300201024844,14:15:00.201,22.2000,66
51300211547554,14:15:00.211,22.2000,34
51308596216584,14:15:08.596,22.2000,92
51308596263684,14:15:08.596,22.2000,8
51308596263684,14:15:08.596,22.2000,92
51308596271305,14:15:08.596,22.2000,8
51308970158764,14:15:08.970,22.2000,8
51326529652042,14:15:26.529,22.1900,100
51326529652042,14:15:26.529,22.1900,1
51326529652042,14:15:26.529,22.1900,100
51326529652042,14:15:26.529,22.1900,100
51335834441556,14:15:35.834,22.1900,100
51335834441556,14:15:35.834,22.1900,100
51335834909649,14:15:35.834,22.1900,100
51335837837437,14:15:35.837,22.1900,100
51364072689935,14:16:04.072,22.1900,100
51364074735323,14:16:04.074,22.1900,200
51381686197243,14:16:21.686,22.1900,100
51381697364413,14:16:21.697,22.1900,100
51381697364413,14:16:21.697,22.1900,100
51400220566845,14:16:40.220,22.1900,100
51400511068587,14:16:40.511,22.1900,100
51403021971816,14:16:43.021,22.1900,100
51403021971816,14:16:43.021,22.1900,100
51403022285079,14:16:43.022,22.1900,100
51451614173374,14:17:31.614,22.1900,200
51451614173374,14:17:31.614,22.1900,100
51451614173374,14:17:31.614,22.2000,300
51451614173374,14:17:31.614,22.2000,95
51451614173374,14:17:31.614,22.2000,5
51453914969060,14:17:33.914,22.1900,100
51453917557950,14:17:33.917,22.1900,100
51459021036329,14:17:39.021,22.1900,20
51459021036329,14:17:39.021,22.1900,100
51459026156728,14:17:39.026,22.1900,80
51459026156728,14:17:39.026,22.1900,100
51469141183136,14:17:49.141,22.1900,100
51481590299208,14:18:01.590,22.1900,73
51580662043119,14:19:40.662,22.1800,100
51580662043119,14:19:40.662,22.1800,100
51580662043119,14:19:40.662,22.1800,100
51583021642653,14:19:43.021,22.1800,200
51654286027343,14:20:54.286,22.1900,200
51654286766069,14:20:54.286,22.1900,100
51654694839456,14:20:54.694,22.1900,100
51654698830462,14:20:54.698,22.1900,5
51654698831919,14:20:54.698,22.1900,95
51654698831919,14:20:54.698,22.1900,5
51676844691083,14:21:16.844,22.1900,100
51676844880266,14:21:16.844,22.1900,100
51676844960501,14:21:16.844,22.1900,100
51717722175381,14:21:57.722,22.1900,100
51717722408594,14:21:57.722,22.1900,84
51717722411967,14:21:57.722,22.1900,16
51735963737737,14:22:15.963,22.1900,10
51735964288315,14:22:15.964,22.1900,6
51735964288315,14:22:15.964,22.1900,40
51735964301232,14:22:15.964,22.1900,60
51735965014217,14:22:15.965,22.1900,100
51749730287782,14:22:29.730,22.1900,100
51749730376968,14:22:29.730,22.1900,100
51755586723968,14:22:35.586,22.1800,100
51755586723968,14:22:35.586,22.1800,43
51755586767700,14:22:35.586,22.1800,57
51759089276720,14:22:39.089,22.1800,32
51771001885740,14:22:51.001,22.1800,68
51771001885740,14:22:51.001,22.1800,32
51771001912703,14:22:51.001,22.1800,25
51771002078335,14:22:51.002,22.1800,100
51786529149977,14:23:06.529,22.1800,33
51818343849016,14:23:38.343,22.1800,100
51900733790904,14:25:00.733,22.1700,100
51900733833328,14:25:00.733,22.1700,100
51903621446775,14:25:03.621,22.1700,6
51908569563696,14:25:08.569,22.1700,94
51911006899788,14:25:11.006,22.1700,100
51911006899788,14:25:11.006,22.1700,38
51911006906136,14:25:11.006,22.1700,62
51911006916855,14:25:11.006,22.1700,46
51911006919500,14:25:11.006,22.1700,16
51911006934161,14:25:11.006,22.1700,38
51971409326925,14:26:11.409,22.1700,62
51971409326925,14:26:11.409,22.1700,86
51971409365187,14:26:11.409,22.1700,35
51971409365187,14:26:11.409,22.1700,27
51971409578194,14:26:11.409,22.1700,73
52027224883368,14:27:07.224,22.1600,40
52027224883368,14:27:07.224,22.1600,60
52027224929312,14:27:07.224,22.1600,40
52027224929312,14:27:07.224,22.1600,14
52066263093032,14:27:46.263,22.1500,20
52076552888974,14:27:56.552,22.1500,100
52076552915072,14:27:56.552,22.1500,6
52076553455157,14:27:56.553,22.1400,100
52076553616815,14:27:56.553,22.1400,20
52076553644269,14:27:56.553,22.1400,80
52076553644269,14:27:56.553,22.1400,100
52076553644269,14:27:56.553,22.1400,100
52076553644269,14:27:56.553,22.1400,100
52076553644269,14:27:56.553,22.1400,100
52076553644269,14:27:56.553,22.1400,100
52076553644269,14:27:56.553,22.1400,400
52076553644269,14:27:56.553,22.1400,100
52076553708274,14:27:56.553,22.1400,100
52081808455952,14:28:01.808,22.1400,50
52081830059426,14:28:01.830,22.1400,50
52081830059426,14:28:01.830,22.1400,42
52081830200205,14:28:01.830,22.1400,58
52091881706058,14:28:11.881,22.1400,33
52190293333620,14:29:50.293,22.1400,67
52190293333620,14:29:50.293,22.1400,100
52190293333620,14:29:50.293,22.1400,33
52204775159810,14:30:04.775,22.1400,100
52204775159810,14:30:04.775,22.1400,100
52204776518570,14:30:04.776,22.1400,11
52204776518570,14:30:04.776,22.1400,143
52204777699355,14:30:04.777,22.1400,24
52204777699355,14:30:04.777,22.1400,76
52204781802812,14:30:04.781,22.1400,24
52206520121800,14:30:06.520,22.1300,5
52210080641028,14:30:10.080,22.1300,95
52240031965075,14:30:40.031,22.1400,124
52240031965075,14:30:40.031,22.1400,100
52240031965075,14:30:40.031,22.1400,300
52310498834769,14:31:50.498,22.1400,44
52310498847677,14:31:50.498,22.1400,22
52310509809288,14:31:50.509,22.1400,34
52310509994973,14:31:50.509,22.1400,100
52331547292905,14:32:11.547,22.1300,100
52389129079969,14:33:09.129,22.1200,33
52489262853824,14:34:49.262,22.1300,100
52489335216081,14:34:49.335,22.1300,20
52494408694226,14:34:54.408,22.1300,10
52494410627512,14:34:54.410,22.1300,90
52494410627512,14:34:54.410,22.1300,10
52499201866108,14:34:59.201,22.1300,40
52499201866108,14:34:59.201,22.1300,2
52564247787577,14:36:04.247,22.1200,67
52564247787577,14:36:04.247,22.1200,5
52564247787577,14:36:04.247,22.1200,128
52564247815078,14:36:04.247,22.1200,72
52564247815078,14:36:04.247,22.1200,100
52572414786069,14:36:12.414,22.1100,49
52579089752603,14:36:19.089,22.1100,20
52579089752603,14:36:19.089,22.1100,70
52579090060161,14:36:19.090,22.1100,130
52580120398990,14:36:20.120,22.1100,20
52580703760435,14:36:20.703,22.1100,80
52580796189586,14:36:20.796,22.1100,100
52629171971346,14:37:09.171,22.1000,47
52629173187699,14:37:09.173,22.1000,47
52630196441153,14:37:10.196,22.1000,6
52630196441153,14:37:10.196,22.1000,100
52638333730398,14:37:18.333,22.1000,21
52638333740900,14:37:18.333,22.1000,45
52638333753370,14:37:18.333,22.1000,28
52638333753370,14:37:18.333,22.1000,17
52643164651771,14:37:23.164,22.1000,108
52643164681925,14:37:23.164,22.1000,75
52643164681925,14:37:23.164,22.1000,100
52667186837468,14:37:47.186,22.1100,100
52721104890009,14:38:41.104,22.1100,100
52721104890009,14:38:41.104,22.1100,100
52721111468269,14:38:41.111,22.1100,100
52755011990118,14:39:15.011,22.1100,100
52768010847733,14:39:28.010,22.1000,100
52801119436941,14:40:01.119,22.0900,100
52804413898974,14:40:04.413,22.0900,2
52882789004600,14:41:22.789,22.0900,100
52894552476629,14:41:34.552,22.0800,100
52986447846809,14:43:06.447,22.0800,100
52986447846809,14:43:06.447,22.0800,200
52987643304145,14:43:07.643,22.0700,50
52987643304145,14:43:07.643,22.0700,100
52987643304145,14:43:07.643,22.0700,100
52987643318001,14:43:07.643,22.0700,100
52997593060928,14:43:17.593,22.0600,100
53012483718945,14:43:32.483,22.0600,33
53028297330751,14:43:48.297,22.0700,100
53028297365016,14:43:48.297,22.0700,10
53028297365016,14:43:48.297,22.0700,100
53028297365016,14:43:48.297,22.0700,200
53032722332800,14:43:52.722,22.0800,100
53032722332800,14:43:52.722,22.0800,200
53035827332589,14:43:55.827,22.0900,100
53035827332589,14:43:55.827,22.0900,100
53035827332589,14:43:55.827,22.0900,100
53035827332589,14:43:55.827,22.0900,100
53041994500721,14:44:01.994,22.1000,100
53041994500721,14:44:01.994,22.1000,100
53041994500721,14:44:01.994,22.1000,100
53078523687714,14:44:38.523,22.1100,100
53078523687714,14:44:38.523,22.1100,20
53078523687714,14:44:38.523,22.1100,100
53078523687714,14:44:38.523,22.1100,100
53078523687714,14:44:38.523,22.1100,100
53078523976625,14:44:38.523,22.1100,100
53078525983456,14:44:38.525,22.1100,100
53082309222733,14:44:42.309,22.1200,20
53189274034792,14:46:29.274,22.1300,44
53189274045150,14:46:29.274,22.1300,45
53189275362882,14:46:29.275,22.1300,11
53189275362882,14:46:29.275,22.1300,36
53189275833986,14:46:29.275,22.1300,64
53189275833986,14:46:29.275,22.1300,36
53189276584597,14:46:29.276,22.1300,47
53189277016717,14:46:29.277,22.1300,17
53189277016717,14:46:29.277,22.1300,30
53189282405259,14:46:29.282,22.1300,70
53223338598698,14:47:03.338,22.1500,100
53228336476417,14:47:08.336,22.1500,100
53228343332420,14:47:08.343,22.1500,100
53228367030191,14:47:08.367,22.1500,100
53240395132255,14:47:20.395,22.1600,100
53251574886514,14:47:31.574,22.1500,20
53292306824736,14:48:12.306,22.1500,80
53292306824736,14:48:12.306,22.1500,100
53292306824736,14:48:12.306,22.1500,100
53296755559163,14:48:16.755,22.1400,33
53299608570177,14:48:19.608,22.1400,179
53299608589426,14:48:19.608,22.1400,21
53365306527646,14:49:25.306,22.1300,100
53365306527646,14:49:25.306,22.1300,164
53365306527646,14:49:25.306,22.1300,36
53365306900316,14:49:25.306,22.1300,20
53365306902268,14:49:25.306,22.1300,44
53365307128895,14:49:25.307,22.1300,100
53417569866946,14:50:17.569,22.1300,100
53417569866946,14:50:17.569,22.1300,100
53465119107450,14:51:05.119,22.1300,100
53465119107450,14:51:05.119,22.1300,100
53467223531733,14:51:07.223,22.1200,100
53467223583670,14:51:07.223,22.1200,100
53467223583670,14:51:07.223,22.1200,100
53467223659072,14:51:07.223,22.1200,100
53486968859300,14:51:26.968,22.1200,100
53509350969863,14:51:49.350,22.1200,90
53509350975944,14:51:49.350,22.1200,10
53509350975944,14:51:49.350,22.1200,36
53509350981162,14:51:49.350,22.1200,90
53509350991697,14:51:49.350,22.1200,74
53509358242609,14:51:49.358,22.1200,100
53509358242609,14:51:49.358,22.1200,74
53509358242609,14:51:49.358,22.1200,143
53509358242609,14:51:49.358,22.1200,200
53509571763416,14:51:49.571,22.1200,99
53509591737651,14:51:49.591,22.1200,100
53520886475792,14:52:00.886,22.1200,100
53520886641624,14:52:00.886,22.1200,100
53520896014835,14:52:00.896,22.1200,100
53520896014835,14:52:00.896,22.1200,100
53520896014835,14:52:00.896,22.1200,100
53520896014835,14:52:00.896,22.1200,100
53520896014835,14:52:00.896,22.1200,100
53520896014835,14:52:00.896,22.1200,100
53520896014835,14:52:00.896,22.1200,100
53520896014835,14:52:00.896,22.1200,100
53521645795115,14:52:01.645,22.1200,100
53521646211134,14:52:01.646,22.1200,100
53524268512383,14:52:04.268,22.1300,100
53526651369484,14:52:06.651,22.1400,100
53526651369484,14:52:06.651,22.1400,20
53583291727966,14:53:03.291,22.1400,33
53754233140249,14:55:54.233,22.1700,100
53754233140249,14:55:54.233,22.1700,100
53754255352642,14:55:54.255,22.1700,100
53770457389971,14:56:10.457,22.1700,20
53783880672051,14:56:23.880,22.1700,5
53783880940492,14:56:23.880,22.1700,43
53783880974656,14:56:23.880,22.1700,5
53783881047937,14:56:23.881,22.1700,5
53783881056651,14:56:23.881,22.1700,42
53783881056651,14:56:23.881,22.1700,100
53783881056651,14:56:23.881,22.1700,100
53783881450710,14:56:23.881,22.1700,5
53783881516146,14:56:23.881,22.1700,5
53783881605851,14:56:23.881,22.1700,5
53783881668867,14:56:23.881,22.1700,5
53783881746983,14:56:23.881,22.1700,80
53783912714770,14:56:23.912,22.1700,200
53786555580368,14:56:26.555,22.1700,100
53789700782093,14:56:29.700,22.1700,50
53800932989112,14:56:40.932,22.1800,52
53800933169832,14:56:40.933,22.1800,36
53800933170702,14:56:40.933,22.1800,12
53830157388243,14:57:10.157,22.1800,5
53830157832525,14:57:10.157,22.1800,5
53830158216409,14:57:10.158,22.1800,5
53830158511938,14:57:10.158,22.1800,5
53830158652276,14:57:10.158,22.1800,5
53830158821993,14:57:10.158,22.1800,5
53830159145440,14:57:10.159,22.1800,5
53830160979013,14:57:10.160,22.1800,5
53830161034499,14:57:10.161,22.1800,5
53830161335606,14:57:10.161,22.1800,5
53830791785417,14:57:10.791,22.1800,5
53830792040806,14:57:10.792,22.1800,5
53830792274098,14:57:10.792,22.1800,5
53830792499391,14:57:10.792,22.1800,5
53830793867285,14:57:10.793,22.1800,3
53854684561914,14:57:34.684,22.1900,20
53858434211977,14:57:38.434,22.2000,100
53858434211977,14:57:38.434,22.2000,100
53858435738407,14:57:38.435,22.2000,200
53858435765799,14:57:38.435,22.2000,100
53858435765799,14:57:38.435,22.2000,100
53858435801969,14:57:38.435,22.2000,100
53858435840052,14:57:38.435,22.2000,100
53858435840052,14:57:38.435,22.2000,100
53858435938541,14:57:38.435,22.2000,100
53858436023267,14:57:38.436,22.2000,100
53858436023267,14:57:38.436,22.2000,100
53858440428007,14:57:38.440,22.2000,100
53858443289060,14:57:38.443,22.1900,100
53881568488152,14:58:01.568,22.1900,100
53881568488152,14:58:01.568,22.1900,100
53881568488152,14:58:01.568,22.1900,20
53881568855909,14:58:01.568,22.1900,80
53881568855909,14:58:01.568,22.1900,20
53881569090196,14:58:01.569,22.1900,80
53881569090196,14:58:01.569,22.1900,10
53881569106749,14:58:01.569,22.1900,90
53881569106749,14:58:01.569,22.1900,91
53881569110566,14:58:01.569,22.1900,46
53881569117799,14:58:01.569,22.1900,63
53894254238143,14:58:14.254,22.1900,63
53895002695168,14:58:15.002,22.2000,100
53910797026941,14:58:30.797,22.2100,100
53923885254165,14:58:43.885,22.2000,100
53923885254165,14:58:43.885,22.2000,100
53923885254165,14:58:43.885,22.2000,100
53923885254165,14:58:43.885,22.2000,300
53923886126707,14:58:43.886,22.2000,100
53923901098861,14:58:43.901,22.2000,10
53924293201961,14:58:44.293,22.2000,90
53924293201961,14:58:44.293,22.2000,10
53934718390810,14:58:54.718,22.2000,90
53953629191789,14:59:13.629,22.2000,100
53953629425506,14:59:13.629,22.2000,10
53953629425506,14:59:13.629,22.2000,126
53953629440756,14:59:13.629,22.2000,74
53960577807709,14:59:20.577,22.2000,100
53960577807709,14:59:20.577,22.2000,100
53960577807709,14:59:20.577,22.2000,100
53960577807709,14:59:20.577,22.2000,100
53962010910282,14:59:22.010,22.2000,100
53962023626870,14:59:22.023,22.2000,100
53965425420626,14:59:25.425,22.2100,100
54020780222162,15:00:20.780,22.2000,90
54024067407044,15:00:24.067,22.2000,100
54046005348140,15:00:46.005,22.2000,100
54046005348140,15:00:46.005,22.2000,100
54046005348140,15:00:46.005,22.2000,100
54046106893288,15:00:46.106,22.2000,100
54046106893288,15:00:46.106,22.2000,100
54046138878355,15:00:46.138,22.2000,100
54046138878355,15:00:46.138,22.2000,100
54049821278534,15:00:49.821,22.2000,200
54049821278534,15:00:49.821,22.2000,100
54049831993289,15:00:49.831,22.2000,100
54049831993289,15:00:49.831,22.2000,100
54049831993289,15:00:49.831,22.2000,100
54049831993289,15:00:49.831,22.2000,100
54049831993289,15:00:49.831,22.2000,100
54064157627226,15:01:04.157,22.2100,10
54074414536559,15:01:14.414,22.2000,100
54106242636702,15:01:46.242,22.2000,100
54106242855309,15:01:46.242,22.2000,100
54108584814622,15:01:48.584,22.2000,100
54123160082686,15:02:03.160,22.1900,200
54123160082686,15:02:03.160,22.1900,71
54123160091217,15:02:03.160,22.1900,29
54174000346762,15:02:54.000,22.1900,100
54174000374360,15:02:54.000,22.1900,100
54175383084643,15:02:55.383,22.1900,100
54178114202124,15:02:58.114,22.1800,100
54187157506303,15:03:07.157,22.1800,33
54187157532991,15:03:07.157,22.1800,167
54187157532991,15:03:07.157,22.1800,100
54187157532991,15:03:07.157,22.1800,100
54201956313121,15:03:21.956,22.1700,100
54232132336145,15:03:52.132,22.1700,100
54232132336145,15:03:52.132,22.1700,48
54232132336145,15:03:52.132,22.1700,1
54237602087632,15:03:57.602,22.1600,100
54237602117631,15:03:57.602,22.1600,57
54237602117631,15:03:57.602,22.1600,200
54237602117631,15:03:57.602,22.1600,43
54237602117631,15:03:57.602,22.1600,40
54239087417668,15:03:59.087,22.1500,57
54239087417668,15:03:59.087,22.1500,43
54240042537683,15:04:00.042,22.1500,90
54240042537683,15:04:00.042,22.1500,100
54240043448336,15:04:00.043,22.1500,100
54245042072123,15:04:05.042,22.1500,166
54245042072123,15:04:05.042,22.1500,25
54245042170164,15:04:05.042,22.1500,46
54245042196276,15:04:05.042,22.1500,29
54245042229920,15:04:05.042,22.1500,100
54278589496585,15:04:38.589,22.1400,100
54278589496585,15:04:38.589,22.1400,57
54278589496585,15:04:38.589,22.1400,100
54278589496585,15:04:38.589,22.1400,60
54278589496585,15:04:38.589,22.1400,100
54278589509224,15:04:38.589,22.1400,100
54284426933798,15:04:44.426,22.1400,100
54284426933798,15:04:44.426,22.1400,100
54284426933798,15:04:44.426,22.1400,200
54284427106978,15:04:44.427,22.1400,50
54285839761370,15:04:45.839,22.1400,100
54303751630485,15:05:03.751,22.1500,100
54303751630485,15:05:03.751,22.1500,3
54303751630485,15:05:03.751,22.1500,77
54303753124357,15:05:03.753,22.1500,23
54303753124357,15:05:03.753,22.1500,50
54307725996845,15:05:07.725,22.1400,75
54310730013389,15:05:10.730,22.1500,100
54418248266108,15:06:58.248,22.1400,6
54418248266108,15:06:58.248,22.1400,94
54418248350067,15:06:58.248,22.1400,6
54447081068427,15:07:27.081,22.1400,100
54447081300812,15:07:27.081,22.1400,100
54447081300812,15:07:27.081,22.1400,82
54447081303372,15:07:27.081,22.1400,118
54447087728576,15:07:27.087,22.1400,100
54447087728576,15:07:27.087,22.1400,5
54447088314278,15:07:27.088,22.1400,100
54448498859932,15:07:28.498,22.1400,100
54448506188687,15:07:28.506,22.1400,100
54448506188687,15:07:28.506,22.1400,100
54448506188687,15:07:28.506,22.1400,100
54453932960352,15:07:33.932,22.1400,100
54453933126665,15:07:33.933,22.1400,100
54453940214442,15:07:33.940,22.1400,100
54453941378737,15:07:33.941,22.1400,100
54455004719310,15:07:35.004,22.1300,100
54480341395842,15:08:00.341,22.1400,13
54482014407421,15:08:02.014,22.1400,87
54482014407421,15:08:02.014,22.1400,100
54482014407421,15:08:02.014,22.1400,32
54482022785349,15:08:02.022,22.1400,100
54482022785349,15:08:02.022,22.1400,100
54485673856503,15:08:05.673,22.1400,100
54485681780926,15:08:05.681,22.1400,100
54485681780926,15:08:05.681,22.1400,100
54485681780926,15:08:05.681,22.1400,100
54485683296521,15:08:05.683,22.1400,100
54485979726255,15:08:05.979,22.1400,100
54485992961140,15:08:05.992,22.1400,100
54485992961140,15:08:05.992,22.1400,100
54485992961140,15:08:05.992,22.1400,100
54485992961140,15:08:05.992,22.1400,50
54487050545318,15:08:07.050,22.1400,100
54487063284641,15:08:07.063,22.1400,100
54487063284641,15:08:07.063,22.1400,25
54526203861789,15:08:46.203,22.1400,100
54544431283093,15:09:04.431,22.1400,100
54551468439280,15:09:11.468,22.1300,100
54551468846100,15:09:11.468,22.1300,2
54551517891370,15:09:11.517,22.1300,98
54551519111605,15:09:11.519,22.1300,100
54556343630248,15:09:16.343,22.1300,100
54570454327687,15:09:30.454,22.1300,20
54604721549327,15:10:04.721,22.1300,6
54633560992330,15:10:33.560,22.1200,100
54643466112876,15:10:43.466,22.1100,100
54643466112876,15:10:43.466,22.1100,200
54643466112876,15:10:43.466,22.1100,100
54669764756536,15:11:09.764,22.1000,100
54669764782317,15:11:09.764,22.1000,39
54688854488870,15:11:28.854,22.1000,200
54688854488870,15:11:28.854,22.1000,9
54688860307672,15:11:28.860,22.1000,100
54688860307672,15:11:28.860,22.1000,100
54688860307672,15:11:28.860,22.1000,100
54688860307672,15:11:28.860,22.1000,100
54688899116625,15:11:28.899,22.1000,100
54688899116625,15:11:28.899,22.1000,100
54688899279002,15:11:28.899,22.1000,100
54688904391201,15:11:28.904,22.1000,100
54691291689836,15:11:31.291,22.1000,100
54691291689836,15:11:31.291,22.1000,100
54691876513707,15:11:31.876,22.1000,100
54691882315511,15:11:31.882,22.1000,100
54693133589650,15:11:33.133,22.1000,100
54715853742124,15:11:55.853,22.1000,70
54799359741403,15:13:19.359,22.0900,33
54876497361481,15:14:36.497,22.1000,10
54921896169264,15:15:21.896,22.1100,100
54921896169264,15:15:21.896,22.1100,20
54921896169264,15:15:21.896,22.1100,95
54921896169264,15:15:21.896,22.1100,100
54921896169264,15:15:21.896,22.1100,9
54921896169264,15:15:21.896,22.1100,100
54921924668036,15:15:21.924,22.1100,100
54929521791684,15:15:29.521,22.1100,100
54929521791684,15:15:29.521,22.1100,200
54929521791684,15:15:29.521,22.1100,100
54929529461978,15:15:29.529,22.1100,100
54929529461978,15:15:29.529,22.1100,100
54929529461978,15:15:29.529,22.1100,400
54929529752115,15:15:29.529,22.1100,100
54929529752115,15:15:29.529,22.1100,100
54929532253899,15:15:29.532,22.1100,100
54929539779785,15:15:29.539,22.1100,100
54929539779785,15:15:29.539,22.1100,100
54929539779785,15:15:29.539,22.1100,200
54947283681573,15:15:47.283,22.1100,100
54947283681573,15:15:47.283,22.1100,200
54947307157949,15:15:47.307,22.1100,200
54947338918448,15:15:47.338,22.1100,100
54947338918448,15:15:47.338,22.1100,100
54948008413031,15:15:48.008,22.1100,100
54948008413031,15:15:48.008,22.1100,100
54948042943249,15:15:48.042,22.1100,100
54948044884590,15:15:48.044,22.1100,100
54948114226103,15:15:48.114,22.1100,100
54948114226103,15:15:48.114,22.1100,100
