timestamp,time,price,volume
30260706680433,08:24:20.706,270.0000,10
32741575153396,09:05:41.575,271.0000,1
32741576859906,09:05:41.576,271.4300,2
32922490506748,09:08:42.490,271.3300,2
32922490506748,09:08:42.490,271.4000,23
34101006539221,09:28:21.006,270.0500,1000
34197524944262,09:29:57.524,270.0000,5
34197524944262,09:29:57.524,270.0000,20
34197709884686,09:29:57.709,269.8100,475
34199426490203,09:29:59.426,270.0000,37
34199963861474,09:29:59.963,270.0000,124
34200669729484,09:30:00.669,270.0000,51567
34200809074264,09:30:00.809,269.9900,37
34200885314229,09:30:00.885,270.0000,47
34200885314229,09:30:00.885,270.0000,230
34200885314229,09:30:00.885,270.0000,70
34200885314229,09:30:00.885,270.0000,50
34200885314229,09:30:00.885,270.0000,40
34200885314229,09:30:00.885,270.0000,25
34200885314229,09:30:00.885,270.0000,20
34200885314229,09:30:00.885,270.0000,200
34200885314229,09:30:00.885,270.0000,100
34200885314229,09:30:00.885,270.0000,200
34200885314229,09:30:00.885,270.0000,50
34200885314229,09:30:00.885,270.0000,89
34200885314229,09:30:00.885,270.0000,188
34200885314229,09:30:00.885,270.0000,49
34200885314229,09:30:00.885,270.0000,127
34200885314229,09:30:00.885,270.0000,1000
34200885314229,09:30:00.885,270.0000,217
34200885314229,09:30:00.885,270.0000,20
34200885314229,09:30:00.885,270.0000,39
34200885314229,09:30:00.885,270.0000,500
34200885314229,09:30:00.885,270.0000,31
34200885314229,09:30:00.885,270.0000,20
34200885314229,09:30:00.885,270.0000,30
34200885314229,09:30:00.885,270.0000,20
34200885314229,09:30:00.885,270.0000,86
34200885314229,09:30:00.885,270.0000,10
34200885314229,09:30:00.885,270.0000,42
34200885314229,09:30:00.885,270.0000,50
34200885314229,09:30:00.885,270.0000,11
34200885314229,09:30:00.885,270.0000,239
34201429584305,09:30:01.429,270.0000,61
34201429584305,09:30:01.429,270.0000,20
34201429584305,09:30:01.429,270.0000,228
34201429584305,09:30:01.429,270.0000,8
34201429584305,09:30:01.429,270.0000,35
34201429584305,09:30:01.429,270.0000,219
34201429584305,09:30:01.429,270.0000,30
34201429584305,09:30:01.429,270.0000,39
34201429584305,09:30:01.429,270.0000,71
34201429584305,09:30:01.429,270.0000,501
34201429584305,09:30:01.429,270.0000,100
34201429584305,09:30:01.429,270.0000,18
34201429584305,09:30:01.429,270.0000,20
34201429584305,09:30:01.429,270.0000,100
34201429584305,09:30:01.429,270.0000,20
34201429584305,09:30:01.429,270.0000,20
34201429584305,09:30:01.429,270.0000,47
34201429584305,09:30:01.429,270.0000,100
34201429584305,09:30:01.429,270.0000,13
34201429584305,09:30:01.429,270.0000,50
34201429584305,09:30:01.429,270.0000,20
34201429584305,09:30:01.429,270.0000,15
34201429584305,09:30:01.429,270.0000,88
34201429584305,09:30:01.429,270.0000,150
34201429584305,09:30:01.429,270.0000,23
34201500568143,09:30:01.500,270.0000,100
34201500874251,09:30:01.500,269.9900,131
34201501707544,09:30:01.501,269.9900,300
34201502507719,09:30:01.502,269.9900,100
34201502533247,09:30:01.502,269.9900,169
34201502540095,09:30:01.502,269.9900,100
34201502649424,09:30:01.502,270.0000,87
34201503222736,09:30:01.503,270.0000,90
34201503222736,09:30:01.503,270.0000,10
34202252897978,09:30:02.252,270.0000,200
34202252929329,09:30:02.252,270.0000,40
34202252929329,09:30:02.252,270.0000,35
34202252929329,09:30:02.252,270.0000,600
34202252929329,09:30:02.252,270.0000,102
34202252929329,09:30:02.252,270.0000,1
34202252929329,09:30:02.252,270.0000,125
34206222742882,09:30:06.222,269.6100,50
34206223123213,09:30:06.223,269.5200,37
34206223123213,09:30:06.223,269.5200,100
34206223123213,09:30:06.223,269.5100,5
34206223123213,09:30:06.223,269.5100,100
34206223123213,09:30:06.223,269.5100,14
34206223123213,09:30:06.223,269.5100,63
34206223199121,09:30:06.223,269.5100,37
34206223199121,09:30:06.223,269.5100,100
34206223251360,09:30:06.223,269.5100,33
34206223258650,09:30:06.223,269.5100,26
34206223274480,09:30:06.223,269.5100,33
34206223277500,09:30:06.223,269.5100,8
34206224042724,09:30:06.224,269.7100,100
34206224674687,09:30:06.224,269.5200,200
34207322416294,09:30:07.322,269.5400,5
34213537722755,09:30:13.537,269.5400,100
34213537722755,09:30:13.537,269.5300,3
34213537722755,09:30:13.537,269.5000,97
34213537787161,09:30:13.537,269.5000,153
34220024554473,09:30:20.024,269.7500,75
34220024583604,09:30:20.024,269.7500,49
34220024751868,09:30:20.024,269.7600,1
34220024751868,09:30:20.024,269.7500,43
34220024758192,09:30:20.024,269.7500,57
34245629125972,09:30:45.629,269.6100,50
34245629125972,09:30:45.629,269.5900,19
34247111906443,09:30:47.111,269.5900,29
34247112008885,09:30:47.112,269.5900,40
34248596150741,09:30:48.596,269.5900,69
34248611407264,09:30:48.611,269.5900,45
34250079901035,09:30:50.079,269.7000,69
34250093044091,09:30:50.093,269.7000,14
34251428876912,09:30:51.428,269.6500,14
34252763396553,09:30:52.763,269.6600,14
34254098341602,09:30:54.098,269.6400,14
34254119902663,09:30:54.119,269.6300,15
34255440039477,09:30:55.440,269.6400,11
34260032407596,09:31:00.032,269.9400,10
34260032407596,09:31:00.032,269.9500,72
34260032407596,09:31:00.032,269.9500,18
34260830125945,09:31:00.830,269.9600,6
34263681156707,09:31:03.681,269.8100,165
34263681172509,09:31:03.681,269.8100,35
34263681232308,09:31:03.681,269.8000,16
34263681241791,09:31:03.681,269.8000,11
34263681247080,09:31:03.681,269.8000,35
34263681254365,09:31:03.681,269.8100,100
34263681272521,09:31:03.681,269.8000,12
34263681284205,09:31:03.681,269.8000,35
34263681304837,09:31:03.681,269.8000,88
34263681426254,09:31:03.681,269.8000,12
34263687147466,09:31:03.687,269.8000,100
34263687228656,09:31:03.687,269.8100,88
34263687246796,09:31:03.687,269.8100,12
34266200430578,09:31:06.200,269.7900,100
34266200430578,09:31:06.200,269.7100,100
34266200692285,09:31:06.200,269.7100,200
34266200692285,09:31:06.200,269.7100,33
34266200692285,09:31:06.200,269.7100,11
34266200692285,09:31:06.200,269.7100,56
34266200746278,09:31:06.200,269.7100,44
34266200749682,09:31:06.200,269.7100,100
34266200775887,09:31:06.200,269.7100,100
34266200869229,09:31:06.200,269.7100,100
34266200869229,09:31:06.200,269.7100,12
34266200880669,09:31:06.200,269.7100,147
34266201183520,09:31:06.201,269.7100,112
34266201221676,09:31:06.201,269.7100,188
34266201231987,09:31:06.201,269.7100,188
34266201256814,09:31:06.201,269.7100,50
34266201289862,09:31:06.201,269.7100,50
34266201302647,09:31:06.201,269.7100,50
34266201304436,09:31:06.201,269.7100,50
34286357696402,09:31:26.357,269.6800,41
34286357729502,09:31:26.357,269.6600,34
34286438989562,09:31:26.438,269.7900,13
34313433841677,09:31:53.433,269.7800,6
34320022438521,09:32:00.022,269.7600,10
34325413941261,09:32:05.413,269.7700,8
34325413941261,09:32:05.413,269.7700,4
34325414076099,09:32:05.414,269.8100,10
34325414089417,09:32:05.414,269.8100,10
34325414149121,09:32:05.414,269.8100,100
34325414191776,09:32:05.414,269.8100,4
34325414681887,09:32:05.414,269.8100,10
34329006215483,09:32:09.006,269.8100,100
34332116147164,09:32:12.116,269.6700,100
34332116215309,09:32:12.116,269.6700,100
34332116224701,09:32:12.116,269.6600,12
34332116262044,09:32:12.116,269.6800,2
34332117151645,09:32:12.117,269.6600,98
34337149910442,09:32:17.149,269.8400,6
34347231493228,09:32:27.231,270.0000,14
34347231526436,09:32:27.231,270.0000,148
34347231526436,09:32:27.231,270.0000,25
34347231526436,09:32:27.231,270.0000,24
34347231526436,09:32:27.231,270.0000,14
34347231526436,09:32:27.231,270.0000,15
34347231526436,09:32:27.231,270.0000,16
34347231526436,09:32:27.231,270.0000,100
34347231526436,09:32:27.231,270.0000,20
34347231526436,09:32:27.231,270.0000,10
34347231526436,09:32:27.231,270.0000,34
34347231526436,09:32:27.231,270.0000,54
34347231526436,09:32:27.231,270.0000,500
34347231526436,09:32:27.231,270.0000,2
34347231526436,09:32:27.231,270.0000,2
34347231526436,09:32:27.231,270.0000,67
34347231526436,09:32:27.231,270.0000,60
34347231526436,09:32:27.231,270.0000,195
34347231526436,09:32:27.231,270.0000,65
34347231526436,09:32:27.231,270.0000,70
34347231526436,09:32:27.231,270.0000,100
34347231526436,09:32:27.231,270.0000,76
34347231526436,09:32:27.231,270.0000,2
34347231526436,09:32:27.231,270.0000,314
34347231526436,09:32:27.231,270.0000,81
34347231548681,09:32:27.231,270.0000,51
34347231548681,09:32:27.231,270.0000,34
34347231548681,09:32:27.231,270.0000,15
34347231582392,09:32:27.231,270.0000,22
34347231590112,09:32:27.231,270.0000,200
34347231590713,09:32:27.231,270.0000,100
34347231605810,09:32:27.231,270.0000,92
34347231643205,09:32:27.231,270.0000,100
34347231646259,09:32:27.231,270.0000,40
34347231646259,09:32:27.231,270.0000,60
34347231679206,09:32:27.231,270.0000,100
34347231683951,09:32:27.231,270.0000,510
34347231683951,09:32:27.231,270.0000,60
34347231683951,09:32:27.231,270.0000,196
34347231683951,09:32:27.231,270.0000,30
34347231683951,09:32:27.231,270.0000,100
34347231683951,09:32:27.231,270.0000,30
34347231683951,09:32:27.231,270.0000,5
34347231683951,09:32:27.231,270.0000,132
34347231683951,09:32:27.231,270.0000,26
34347231683951,09:32:27.231,270.0000,904
34347231683951,09:32:27.231,270.0000,184
34347231683951,09:32:27.231,270.0000,200
34347231683951,09:32:27.231,270.0000,18
34347231683951,09:32:27.231,270.0000,30
34347231683951,09:32:27.231,270.0000,5
34347231683951,09:32:27.231,270.0000,162
34347231683951,09:32:27.231,270.0000,8
34347231683951,09:32:27.231,270.0000,15
34347231683951,09:32:27.231,270.0000,40
34347231683951,09:32:27.231,270.0000,30
34347231683951,09:32:27.231,270.0000,7
34347231683951,09:32:27.231,270.0000,105
34347231683951,09:32:27.231,270.0000,50
34347231683951,09:32:27.231,270.0000,75
34347231683951,09:32:27.231,270.0000,20
34347231683951,09:32:27.231,270.0000,162
34347231683951,09:32:27.231,270.0000,650
34347231683951,09:32:27.231,270.0000,50
34347231683951,09:32:27.231,270.0000,10
34347231683951,09:32:27.231,270.0000,35
34347231683951,09:32:27.231,270.0000,325
34347231683951,09:32:27.231,270.0000,50
34347231683951,09:32:27.231,270.0000,87
34347231683951,09:32:27.231,270.0000,11
34347231683951,09:32:27.231,270.0000,60
34347231683951,09:32:27.231,270.0000,30
34347231683951,09:32:27.231,270.0000,50
34347231683951,09:32:27.231,270.0000,50
34347231683951,09:32:27.231,270.0000,40
34347231683951,09:32:27.231,270.0000,54
34347231683951,09:32:27.231,270.0000,400
34347231683951,09:32:27.231,270.0000,5
34347231683951,09:32:27.231,270.0000,100
34347231683951,09:32:27.231,270.0000,5
34347231683951,09:32:27.231,270.0000,21
34347231683951,09:32:27.231,270.0000,15
34347231683951,09:32:27.231,270.0000,5
34347231683951,09:32:27.231,270.0000,4
34347231683951,09:32:27.231,270.0000,100
34347231683951,09:32:27.231,270.0000,130
34347231683951,09:32:27.231,270.0000,100
34347231683951,09:32:27.231,270.0000,100
34347231683951,09:32:27.231,270.0000,30
34347231683951,09:32:27.231,270.0000,275
34347231683951,09:32:27.231,270.0000,5
34347231683951,09:32:27.231,270.0000,8
34347231683951,09:32:27.231,270.0000,3
34347231683951,09:32:27.231,270.0000,100
34347231683951,09:32:27.231,270.0000,30
34347231683951,09:32:27.231,270.0000,100
34347231683951,09:32:27.231,270.0000,100
34347231683951,09:32:27.231,270.0000,51
34347231683951,09:32:27.231,270.0000,25
34347231683951,09:32:27.231,270.0000,1
34347231683951,09:32:27.231,270.0000,100
34347231683951,09:32:27.231,270.0000,121
34347231683951,09:32:27.231,270.0000,74
34347231683951,09:32:27.231,270.0000,393
34347231936502,09:32:27.231,270.0100,10
34347231936502,09:32:27.231,270.0100,25
34347232152037,09:32:27.232,270.0600,7
34347232340116,09:32:27.232,270.1000,10
34347232340116,09:32:27.232,270.1000,10
34347232530381,09:32:27.232,270.1000,50
34347469151870,09:32:27.469,270.1100,100
34347469151870,09:32:27.469,270.2000,17
34347469151870,09:32:27.469,270.2200,1
34347469151870,09:32:27.469,270.2400,100
34347469151870,09:32:27.469,270.2500,82
34347469491230,09:32:27.469,270.2500,200
34347469524656,09:32:27.469,270.2500,373
34347470357490,09:32:27.470,270.3000,79
34347470746726,09:32:27.470,270.2100,700
34347470746726,09:32:27.470,270.3000,415
34347470746726,09:32:27.470,270.3000,5
34347470746726,09:32:27.470,270.3000,880
34347470783137,09:32:27.470,270.3000,1045
34347946594104,09:32:27.946,270.5000,40
34347946594104,09:32:27.946,270.5000,10
34347946637826,09:32:27.946,270.5000,40
34347946637826,09:32:27.946,270.5000,50
34347946637826,09:32:27.946,270.5000,10
34347946693952,09:32:27.946,270.5000,10
34347946693952,09:32:27.946,270.5000,3
34347946693952,09:32:27.946,270.5000,87
34347946711313,09:32:27.946,270.5000,13
34347946711313,09:32:27.946,270.5000,87
34347946740952,09:32:27.946,270.5000,162
34347946749254,09:32:27.946,270.5000,61
34347946789374,09:32:27.946,270.5500,5
34347947390485,09:32:27.947,270.6000,9
34347947390485,09:32:27.947,270.6000,10
34347947471478,09:32:27.947,270.6300,23
34348336679374,09:32:28.336,270.5100,60
34348345630877,09:32:28.345,270.5100,40
34348345630877,09:32:28.345,270.4800,60
34348350776017,09:32:28.350,270.4800,40
34348350856487,09:32:28.350,270.3100,60
34348350863708,09:32:28.350,270.3300,100
34348351176264,09:32:28.351,270.3000,100
34348366480532,09:32:28.366,270.3100,97
34348381203937,09:32:28.381,270.3100,135
34348381222416,09:32:28.381,270.3100,65
34348381222416,09:32:28.381,270.3000,30
34349336769778,09:32:29.336,270.3100,100
34349344070788,09:32:29.344,270.3000,58
34349362483644,09:32:29.362,270.3300,1
34349558462640,09:32:29.558,270.8000,200
34349558462640,09:32:29.558,270.8000,100
34349558462640,09:32:29.558,270.8000,40
34349558462640,09:32:29.558,270.8000,35
34351005252870,09:32:31.005,270.7600,100
34366985971057,09:32:46.985,270.4700,50
34366985971057,09:32:46.985,270.4600,50
34366986000736,09:32:46.986,270.4600,50
34366986000736,09:32:46.986,270.4600,50
34366986035707,09:32:46.986,270.4600,100
34366986055595,09:32:46.986,270.4600,100
34366986074352,09:32:46.986,270.4600,100
34366986083473,09:32:46.986,270.4700,100
34368275502013,09:32:48.275,270.6200,50
34370220573510,09:32:50.220,270.3650,100
34370220573510,09:32:50.220,270.1900,100
34370220573510,09:32:50.220,270.1900,100
34370220573510,09:32:50.220,270.1900,100
34370220573510,09:32:50.220,270.1900,100
34370220573510,09:32:50.220,270.1900,100
34370220573510,09:32:50.220,270.1800,29
34370221205504,09:32:50.221,270.1800,37
34370221277944,09:32:50.221,270.1800,100
34370262895795,09:32:50.262,270.1600,100
34370262963906,09:32:50.262,270.1600,100
34370263577500,09:32:50.263,270.1200,10
34370263768948,09:32:50.263,270.1200,100
34380228760235,09:33:00.228,270.4100,7
34380229082848,09:33:00.229,270.4300,17
34380229112642,09:33:00.229,270.4300,83
34380229112642,09:33:00.229,270.4100,5
34380229158644,09:33:00.229,270.4100,95
34399436158642,09:33:19.436,270.5000,7
34408239754844,09:33:28.239,270.4000,100
34408239757982,09:33:28.239,270.2700,35
34408239760665,09:33:28.239,270.2500,100
34408239837835,09:33:28.239,270.2500,100
34408240240688,09:33:28.240,270.2500,100
34408240389299,09:33:28.240,270.2500,37
34408241273086,09:33:28.241,270.2200,43
34408241366246,09:33:28.241,270.2500,43
34408241400125,09:33:28.241,270.2500,10
34415479209990,09:33:35.479,270.2000,15
34415479209990,09:33:35.479,270.2000,100
34415973354590,09:33:35.973,270.3000,75
34416479225114,09:33:36.479,270.1700,20
34416479225114,09:33:36.479,270.1400,80
34416479254717,09:33:36.479,270.1400,20
34425186939373,09:33:45.186,270.2200,100
34425186964871,09:33:45.186,270.2200,50
34449233463715,09:34:09.233,270.4900,97
34449235825582,09:34:09.235,270.6100,90
34449236325270,09:34:09.236,270.6100,80
34451226747080,09:34:11.226,270.4600,1
34453684718882,09:34:13.684,270.3900,4
34453684718882,09:34:13.684,270.3700,94
34453688856979,09:34:13.688,270.3600,500
34453688856979,09:34:13.688,270.3600,600
34458073458865,09:34:18.073,270.3600,10
34458073818847,09:34:18.073,270.3500,100
34473690616105,09:34:33.690,270.3600,3
34477361709852,09:34:37.361,270.5700,6
34477361709852,09:34:37.361,270.5700,1
34477362532397,09:34:37.362,270.6000,57
34477363310864,09:34:37.363,270.6100,30
34477364103472,09:34:37.364,270.6100,30
34477364324022,09:34:37.364,270.6100,8
34477364371921,09:34:37.364,270.6100,8
34477366244054,09:34:37.366,270.6100,16
34479021047168,09:34:39.021,270.6100,7
34479021073443,09:34:39.021,270.6100,7
34479188052914,09:34:39.188,270.6100,100
34479821008440,09:34:39.821,270.6100,7
34479821159869,09:34:39.821,270.6100,7
34479825698758,09:34:39.825,270.6100,100
34479847310349,09:34:39.847,270.6100,7
34480481689766,09:34:40.481,270.6100,7
34480724178340,09:34:40.724,270.6100,7
34481500937843,09:34:41.500,270.5600,100
34481500937843,09:34:41.500,270.5600,100
34481501293794,09:34:41.501,270.5600,100
34482873894010,09:34:42.873,270.4900,100
34491263170754,09:34:51.263,270.3400,2
34494787989830,09:34:54.787,270.5400,68
34495303224364,09:34:55.303,270.5400,32
34495303224364,09:34:55.303,270.6100,68
34495303228725,09:34:55.303,270.6100,100
34495303345027,09:34:55.303,270.6100,12
34495306051968,09:34:55.306,270.6100,100
34496665547815,09:34:56.665,270.6100,4
34496665547815,09:34:56.665,270.6600,10
34496665547815,09:34:56.665,270.7400,76
34500568131715,09:35:00.568,270.6100,2
34501042788185,09:35:01.042,270.8400,6
34501072873856,09:35:01.072,270.8800,150
34501166182916,09:35:01.166,270.9000,25
34506756578946,09:35:06.756,270.8000,100
34506756594119,09:35:06.756,270.8000,100
34506757113760,09:35:06.757,270.8100,100
34506757215268,09:35:06.757,270.7500,50
34506760777274,09:35:06.760,270.7200,4
34513812231734,09:35:13.812,270.7300,100
34513863556142,09:35:13.863,270.5800,1
34513863581480,09:35:13.863,270.5800,99
34513871312897,09:35:13.871,270.5700,4
34513871338857,09:35:13.871,270.5700,96
34519096266526,09:35:19.096,270.6500,3
34519096266526,09:35:19.096,270.6500,97
34519096726660,09:35:19.096,270.6600,200
34519096753440,09:35:19.096,270.6600,17
34519096753440,09:35:19.096,270.6600,3
34521269815608,09:35:21.269,270.7900,3
34521286641933,09:35:21.286,270.7900,11
34531497475666,09:35:31.497,270.7700,100
34531497576261,09:35:31.497,270.7000,50
34532098600791,09:35:32.098,270.7200,10
34532098600791,09:35:32.098,270.7300,4
34532098600791,09:35:32.098,270.7400,100
34532098600791,09:35:32.098,270.7400,36
34532424550954,09:35:32.424,270.7100,100
34532424614811,09:35:32.424,270.7100,14
34532424970937,09:35:32.424,270.6500,3
34532425046846,09:35:32.425,270.6400,3
34535438168246,09:35:35.438,270.5900,1
34538422122010,09:35:38.422,270.6100,1
34538430568770,09:35:38.430,270.6100,2
34540479098012,09:35:40.479,270.6500,100
34544038968665,09:35:44.038,270.9100,4
34544038968665,09:35:44.038,270.9200,8
34544039033714,09:35:44.039,270.9100,100
34552009325813,09:35:52.009,270.8000,100
34552027086994,09:35:52.027,270.7500,3
34554205787005,09:35:54.205,270.8100,30
34558241829683,09:35:58.241,270.7600,100
34558241855334,09:35:58.241,270.7600,100
34558241900162,09:35:58.241,270.7500,86
34558242570412,09:35:58.242,270.7500,310
34558242596373,09:35:58.242,270.7500,201
34558242609421,09:35:58.242,270.7500,80
34558276104166,09:35:58.276,270.7500,44
34561418787637,09:36:01.418,270.7900,3
34561503267998,09:36:01.503,270.9100,2
34561503406758,09:36:01.503,270.9300,3
34561503507021,09:36:01.503,270.9300,100
34561503590126,09:36:01.503,270.9400,4
34562006886731,09:36:02.006,270.9500,25
34562006973401,09:36:02.006,270.9000,50
34562109919632,09:36:02.109,270.8700,27
34562109945074,09:36:02.109,270.8700,73
34562110031604,09:36:02.110,270.8700,100
34562110080240,09:36:02.110,270.8700,50
34565597659185,09:36:05.597,270.8600,9
34565597689033,09:36:05.597,270.8600,91
34565597753217,09:36:05.597,270.8400,7
34565597772047,09:36:05.597,270.8600,100
34566409440902,09:36:06.409,270.8400,1
34566409467565,09:36:06.409,270.8400,92
34566409467565,09:36:06.409,270.8400,100
34566409527576,09:36:06.409,270.8100,80
34566409562562,09:36:06.409,270.8100,20
34572264148130,09:36:12.264,270.6500,1
34572273583623,09:36:12.273,270.6400,100
34572273682585,09:36:12.273,270.6400,100
34578277576531,09:36:18.277,270.7000,2
34578277695601,09:36:18.277,270.7000,100
34580637100202,09:36:20.637,270.7900,3
34580637100202,09:36:20.637,270.7900,10
34580637100202,09:36:20.637,270.7900,2
34589285382942,09:36:29.285,270.7200,1
34594499571435,09:36:34.499,270.8700,100
34601288776121,09:36:41.288,270.8000,11
34602109038687,09:36:42.109,270.8400,11
34602109038687,09:36:42.109,270.8400,3
34602109129401,09:36:42.109,270.8400,100
34602110274785,09:36:42.110,270.8400,19
34602126414058,09:36:42.126,270.8700,100
34602595056425,09:36:42.595,270.8400,100
34602595216713,09:36:42.595,270.8400,100
34603212215574,09:36:43.212,270.8500,48
34605002531457,09:36:45.002,270.8700,100
34605002531457,09:36:45.002,270.9300,2
34605002557836,09:36:45.002,270.9300,98
34605002557836,09:36:45.002,270.9300,2
34605002559369,09:36:45.002,270.9300,10
34605002559369,09:36:45.002,270.9300,90
34605002612844,09:36:45.002,270.9300,100
34605002636228,09:36:45.002,270.9300,10
34605002658758,09:36:45.002,270.9200,100
34605042087902,09:36:45.042,270.9700,3
34605042087902,09:36:45.042,270.9700,197
34605042525096,09:36:45.042,270.9700,3
34605042525096,09:36:45.042,270.9700,2
34605042609816,09:36:45.042,270.9900,100
34605042634222,09:36:45.042,270.9900,100
34605042717288,09:36:45.042,270.9900,100
34605042828095,09:36:45.042,271.0000,5
34605042849423,09:36:45.042,271.0000,28
34605042849423,09:36:45.042,271.0000,19
34605042849423,09:36:45.042,271.0000,37
34605042849423,09:36:45.042,271.0000,61
34605042857391,09:36:45.042,271.0000,139
34605042857391,09:36:45.042,271.0000,98
34605042857391,09:36:45.042,271.0000,34
34605042857391,09:36:45.042,271.0000,60
34605042857391,09:36:45.042,271.0000,1552
34605042900501,09:36:45.042,271.0000,132
34605042902992,09:36:45.042,271.0000,100
34605042906467,09:36:45.042,271.0000,204
34605042951323,09:36:45.042,271.0000,100
34605042972983,09:36:45.042,271.0000,100
34605042993432,09:36:45.042,271.0000,100
34605042998192,09:36:45.042,270.9800,50
34605043011252,09:36:45.043,271.0000,712
34605043011252,09:36:45.043,271.0000,101
34605043011252,09:36:45.043,271.0000,15
34605043011252,09:36:45.043,271.0000,44
34605043011252,09:36:45.043,271.0000,100
34605043011252,09:36:45.043,271.0000,100
34605043011252,09:36:45.043,271.0000,12
34605043011252,09:36:45.043,271.0000,250
34605043011252,09:36:45.043,271.0000,21
34605043011252,09:36:45.043,271.0000,32
34605043011252,09:36:45.043,271.0000,100
34605043011252,09:36:45.043,271.0000,28
34605043011252,09:36:45.043,271.0000,50
34605043011252,09:36:45.043,271.0000,23
34605043011252,09:36:45.043,271.0000,30
34605043011252,09:36:45.043,271.0000,50
34605043011252,09:36:45.043,271.0000,100
34605043011252,09:36:45.043,271.0000,3
34605043011252,09:36:45.043,271.0000,70
34605043011252,09:36:45.043,271.0000,103
34605043011252,09:36:45.043,271.0000,97
34605043011252,09:36:45.043,271.0000,55
34605043011252,09:36:45.043,271.0000,5
34605043011252,09:36:45.043,271.0000,250
34605043011252,09:36:45.043,271.0000,100
34605043053889,09:36:45.043,270.9900,50
34605043898418,09:36:45.043,271.0400,99
34605043938136,09:36:45.043,271.0400,1
34605052868242,09:36:45.052,271.0000,10
34605090663881,09:36:45.090,271.0300,2
34605391176076,09:36:45.391,271.0700,12
34605391183349,09:36:45.391,271.0900,8
34605391267010,09:36:45.391,271.0900,42
34605436469919,09:36:45.436,271.1700,15
34606510324099,09:36:46.510,270.9900,65
34609541100224,09:36:49.541,271.0100,60
34609541100224,09:36:49.541,271.0000,40
34609541167323,09:36:49.541,271.0000,60
34609541167323,09:36:49.541,271.0000,10
34609541167323,09:36:49.541,271.0000,30
34609541181933,09:36:49.541,271.0000,72
34609541210982,09:36:49.541,270.9900,6
34609541263951,09:36:49.541,271.0000,89
34609541293033,09:36:49.541,271.0000,11
34614022986987,09:36:54.022,271.0700,10
34614038892875,09:36:54.038,271.0100,1
34615477558780,09:36:55.477,271.0100,14
34615477558780,09:36:55.477,270.9900,73
34615477592457,09:36:55.477,270.9900,27
34615477592457,09:36:55.477,270.9900,100
34616039145599,09:36:56.039,271.0000,1
34616078529374,09:36:56.078,270.9300,100
34616078554501,09:36:56.078,270.9300,536
34616078568854,09:36:56.078,270.9300,1
34616078589131,09:36:56.078,270.9300,63
34616078589131,09:36:56.078,270.9300,1
34616078589872,09:36:56.078,270.9300,135
34616078591134,09:36:56.078,270.9300,63
34616078593039,09:36:56.078,270.9300,64
34616078595085,09:36:56.078,270.9300,64
34616078602845,09:36:56.078,270.9300,64
34616078612639,09:36:56.078,270.9300,309
34616078829891,09:36:56.078,271.0000,65
34617106431726,09:36:57.106,270.8700,1
34617116952431,09:36:57.116,270.8600,2
34626040361358,09:37:06.040,271.1500,11
34626040435379,09:37:06.040,271.1500,100
34626800394271,09:37:06.800,271.1500,2
34626800496552,09:37:06.800,271.1500,88
34626800524702,09:37:06.800,271.1500,12
34627610695380,09:37:07.610,271.2500,300
34627610695380,09:37:07.610,271.2500,50
34627611245965,09:37:07.611,271.3000,4
34628854711579,09:37:08.854,271.3000,1
34628854711579,09:37:08.854,271.3000,116
34628857746140,09:37:08.857,271.3300,50
34628867958112,09:37:08.867,271.3000,100
34628867958112,09:37:08.867,271.3000,100
34629002627886,09:37:09.002,271.3000,100
34629003062746,09:37:09.003,271.3000,100
34629003066370,09:37:09.003,271.3000,36
34629004334441,09:37:09.004,271.3000,100
34629023799915,09:37:09.023,271.3000,100
34629130402319,09:37:09.130,271.3000,100
34629206524830,09:37:09.206,271.3000,100
34629208409186,09:37:09.208,271.3000,100
34629319864667,09:37:09.319,271.3300,100
34629319864667,09:37:09.319,271.3300,50
34629319890660,09:37:09.319,271.3300,12
34629320334007,09:37:09.320,271.3600,2
34629320413827,09:37:09.320,271.3600,10
34629320987209,09:37:09.320,271.3600,10
34631934919667,09:37:11.934,271.4200,49
34632518481565,09:37:12.518,271.4100,49
34633107930644,09:37:13.107,271.4100,49
34633697766674,09:37:13.697,271.4100,2
34633697766674,09:37:13.697,271.4100,47
34634288238114,09:37:14.288,271.3800,49
34635289600022,09:37:15.289,271.3900,2
34636428707824,09:37:16.428,271.4000,100
34636428707824,09:37:16.428,271.4000,1
34641879026685,09:37:21.879,271.4300,11
34642098381055,09:37:22.098,271.4700,100
34642098524767,09:37:22.098,271.4700,24
34642099004434,09:37:22.099,271.4700,24
34642099041944,09:37:22.099,271.4700,109
34642099042579,09:37:22.099,271.4700,24
34642099091206,09:37:22.099,271.4700,24
34642099138442,09:37:22.099,271.4700,24
34642099185496,09:37:22.099,271.4700,24
34642099231586,09:37:22.099,271.4700,24
34642099278116,09:37:22.099,271.4700,24
34642099323859,09:37:22.099,271.4700,24
34642099370079,09:37:22.099,271.4700,8
34642099394740,09:37:22.099,271.4400,1
34642099470968,09:37:22.099,271.4700,1
34642099470968,09:37:22.099,271.4700,99
34642099731604,09:37:22.099,271.4700,24
34642099806134,09:37:22.099,271.4700,24
34642099825745,09:37:22.099,271.4700,315
34642099825745,09:37:22.099,271.4800,4
34642099825745,09:37:22.099,271.4800,20
34642099825745,09:37:22.099,271.5000,13
34642099825745,09:37:22.099,271.5000,50
34642099825745,09:37:22.099,271.5000,28
34642099825745,09:37:22.099,271.5000,100
34642099825745,09:37:22.099,271.5000,47
34642099905351,09:37:22.099,271.5000,100
34642099927790,09:37:22.099,271.5000,53
34642099927790,09:37:22.099,271.5000,53
34642099927790,09:37:22.099,271.5000,100
34642099927790,09:37:22.099,271.5000,5
34642100191908,09:37:22.100,271.5000,3
34642100231063,09:37:22.100,271.5000,47
34642100385206,09:37:22.100,271.5100,3
34642100691917,09:37:22.100,271.5000,100
34642100691917,09:37:22.100,271.4900,50
34642100691917,09:37:22.100,271.4800,100
34642100911737,09:37:22.100,271.5100,50
34642101685047,09:37:22.101,271.5000,100
34642101685047,09:37:22.101,271.4900,16
34642230924375,09:37:22.230,271.5200,100
34642231336117,09:37:22.231,271.5200,35
34643993235982,09:37:23.993,271.4900,2
34643994289794,09:37:23.994,271.3900,300
34643994318094,09:37:23.994,271.3900,200
34643994327262,09:37:23.994,271.3900,200
34643994334033,09:37:23.994,271.3900,47
34643994356691,09:37:23.994,271.3900,253
34644841742944,09:37:24.841,271.3000,75
34644841770354,09:37:24.841,271.3000,25
34644841770354,09:37:24.841,271.3000,100
34644841825223,09:37:24.841,271.3000,100
34644841857314,09:37:24.841,271.3000,100
34644841934009,09:37:24.841,271.3000,20
34644841939806,09:37:24.841,271.3000,23
34644842290584,09:37:24.842,271.3000,57
34644842290584,09:37:24.842,271.3000,43
34644842416123,09:37:24.842,271.3000,57
34644842416123,09:37:24.842,271.3000,100
34644933317018,09:37:24.933,271.3000,24
34650644430207,09:37:30.644,271.3600,100
34650668654421,09:37:30.668,271.3500,3
34650668678299,09:37:30.668,271.3500,97
34650669090050,09:37:30.669,271.3200,100
34650758472283,09:37:30.758,271.3000,76
34650758472283,09:37:30.758,271.3000,100
34651567921204,09:37:31.567,271.3000,47
34656743335572,09:37:36.743,271.0600,7
34664718927332,09:37:44.718,270.6700,10
34672104246621,09:37:52.104,270.7600,100
34672104261502,09:37:52.104,270.7600,2
34675215615457,09:37:55.215,270.7900,3
34677825532382,09:37:57.825,270.8500,77
34677825550206,09:37:57.825,270.8500,22
34677825749202,09:37:57.825,270.8500,1
34681231911757,09:38:01.231,270.8900,7
34684379162321,09:38:04.379,270.8800,25
34684379162321,09:38:04.379,270.8600,65
34684379482511,09:38:04.379,270.8600,25
34703043851111,09:38:23.043,270.9200,10
34703044188152,09:38:23.044,270.9200,10
34703044202669,09:38:23.044,270.9500,10
34703044427084,09:38:23.044,271.0000,84
34703044485013,09:38:23.044,271.0000,16
34703044485013,09:38:23.044,271.0000,84
34703044560321,09:38:23.044,271.0000,16
34703046691220,09:38:23.046,271.0000,100
34703103425365,09:38:23.103,271.1800,100
34703103960038,09:38:23.103,271.2100,100
34703105405355,09:38:23.105,271.2100,100
34703105829466,09:38:23.105,271.3000,200
34703105829466,09:38:23.105,271.3100,7
34707363579191,09:38:27.363,271.1400,100
34707363579191,09:38:27.363,271.1100,100
34707363579191,09:38:27.363,271.1000,42
34707363613264,09:38:27.363,271.1000,58
34707363645330,09:38:27.363,271.1000,100
34707364095446,09:38:27.364,271.0500,150
34709170347983,09:38:29.170,270.8800,1
34710994654559,09:38:30.994,271.0300,3
34710997260175,09:38:30.997,270.9700,11
34714894562848,09:38:34.894,271.0000,1
34714909455507,09:38:34.909,271.0000,4
34716895023881,09:38:36.895,271.1900,2
34718092775612,09:38:38.092,271.3500,7
34718092775612,09:38:38.092,271.3900,62
34718092775612,09:38:38.092,271.4500,81
34719943157771,09:38:39.943,271.2100,100
34719943157771,09:38:39.943,271.2000,100
34719943157771,09:38:39.943,271.2000,40
34719943157771,09:38:39.943,271.1900,60
34726857391164,09:38:46.857,271.3600,100
34726857464548,09:38:46.857,271.3600,100
34726857483084,09:38:46.857,271.3800,15
34726857797110,09:38:46.857,271.4300,16
34727396054007,09:38:47.396,271.2500,100
34727396619488,09:38:47.396,271.1900,103
34727396647041,09:38:47.396,271.1900,297
34727396648779,09:38:47.396,271.1900,240
34727396648779,09:38:47.396,271.1900,297
34727396683270,09:38:47.396,271.1900,3
34727398011839,09:38:47.398,271.2300,15
34727398011839,09:38:47.398,271.2400,100
34727398011839,09:38:47.398,271.2400,85
34727398074299,09:38:47.398,271.2400,15
34727398449509,09:38:47.398,271.2500,100
34727398449509,09:38:47.398,271.2500,50
34727398499804,09:38:47.398,271.2500,50
34727414142483,09:38:47.414,271.1900,1
34727429114022,09:38:47.429,271.1900,3
34728855846038,09:38:48.855,271.3400,2
34728855846038,09:38:48.855,271.3400,90
34731854563345,09:38:51.854,271.3700,12
34731854634975,09:38:51.854,271.3700,100
34739106975610,09:38:59.106,271.4800,6
34739107511292,09:38:59.107,271.5000,138
34739107519393,09:38:59.107,271.5000,62
34739107860103,09:38:59.107,271.5400,3
34739112420822,09:38:59.112,271.5100,1
34740877143040,09:39:00.877,271.6000,47
34740877220124,09:39:00.877,271.6100,5
34745130715581,09:39:05.130,271.5800,15
34745130715581,09:39:05.130,271.5600,76
34745130726886,09:39:05.130,271.5600,24
34745130726886,09:39:05.130,271.5600,85
34745130747353,09:39:05.130,271.5600,15
34745130834559,09:39:05.130,271.5600,100
34746672374123,09:39:06.672,271.6600,1
34746882937164,09:39:06.882,271.6700,100
34746883032272,09:39:06.883,271.6800,10
34746883543047,09:39:06.883,271.6800,90
34746886110979,09:39:06.886,271.6700,100
34752032776872,09:39:12.032,271.6900,7
34752262434829,09:39:12.262,271.6900,5
34752262824690,09:39:12.262,271.6500,5
34752262851137,09:39:12.262,271.6500,45
34752262933500,09:39:12.262,271.6900,5
34754776881814,09:39:14.776,271.6900,45
34754776881814,09:39:14.776,271.6900,10
34754776881814,09:39:14.776,271.6900,10
34754780821057,09:39:14.780,271.6900,12
34758236207159,09:39:18.236,271.6400,5
34758236655908,09:39:18.236,271.6100,100
34758236742151,09:39:18.236,271.6400,100
34758237357797,09:39:18.237,271.6000,15
34759107163458,09:39:19.107,271.7100,5
34759107163458,09:39:19.107,271.7100,100
34759107163458,09:39:19.107,271.7100,2
34759107163458,09:39:19.107,271.7500,2
34759107400198,09:39:19.107,271.7100,100
34760773362966,09:39:20.773,271.6300,64
34764170396289,09:39:24.170,271.8000,1505
34764170447360,09:39:24.170,271.8000,1495
34764170447360,09:39:24.170,271.8000,100
34764170447360,09:39:24.170,271.8000,1
34764170455617,09:39:24.170,271.8000,10
34764170796941,09:39:24.170,271.8100,5
34764170796941,09:39:24.170,271.8100,160
34764170848990,09:39:24.170,271.8000,100
34764171390733,09:39:24.171,271.8400,100
34764171450782,09:39:24.171,271.8600,100
34764171480674,09:39:24.171,271.8600,900
34764171480674,09:39:24.171,271.8600,100
34764171914430,09:39:24.171,271.8800,100
34764171914430,09:39:24.171,271.8800,325
34764171914430,09:39:24.171,271.8800,155
34764171942157,09:39:24.171,271.8800,45
34764172359566,09:39:24.172,271.8800,100
34764172476936,09:39:24.172,271.8900,100
34764173359486,09:39:24.173,271.8900,4
34764173359486,09:39:24.173,271.8900,100
34764880266945,09:39:24.880,271.9400,100
34764880367843,09:39:24.880,271.9500,20
34764885848643,09:39:24.885,271.9100,15
34765881123583,09:39:25.881,271.9600,6
34765881288644,09:39:25.881,271.9800,26
34765886251461,09:39:25.886,272.0000,10
34765886251461,09:39:25.886,272.0000,28
34765886251461,09:39:25.886,272.0000,10
34765886251461,09:39:25.886,272.0000,25
34765886251461,09:39:25.886,272.0000,3
34765886251461,09:39:25.886,272.0000,24
34765886293897,09:39:25.886,272.0000,1
34765886293897,09:39:25.886,272.0000,78
34765886293897,09:39:25.886,272.0000,127
34765886293897,09:39:25.886,272.0000,5
34765886293897,09:39:25.886,272.0000,68
34765886293897,09:39:25.886,272.0000,301
34765886293897,09:39:25.886,272.0000,75
34765886293897,09:39:25.886,272.0000,72
34765886293897,09:39:25.886,272.0000,100
34765886293897,09:39:25.886,272.0000,101
34765886293897,09:39:25.886,272.0000,300
34765886293897,09:39:25.886,272.0000,163
34765886293897,09:39:25.886,272.0000,15
34765886293897,09:39:25.886,272.0000,39
34765886293897,09:39:25.886,272.0000,21
34765886293897,09:39:25.886,272.0000,20
34765886293897,09:39:25.886,272.0000,55
34765886293897,09:39:25.886,272.0000,36
34765886293897,09:39:25.886,272.0000,400
34765886293897,09:39:25.886,272.0000,28
34765886293897,09:39:25.886,272.0000,27
34765886293897,09:39:25.886,272.0000,130
34765886293897,09:39:25.886,272.0000,100
34765886293897,09:39:25.886,272.0000,51
34765886293897,09:39:25.886,272.0000,48
34765886293897,09:39:25.886,272.0000,33
34765886293897,09:39:25.886,272.0000,1000
34765886293897,09:39:25.886,272.0000,51
34765886293897,09:39:25.886,272.0000,400
34765886293897,09:39:25.886,272.0000,100
34765886293897,09:39:25.886,272.0000,56
34765886293897,09:39:25.886,272.0000,62
34765886293897,09:39:25.886,272.0000,100
34765886293897,09:39:25.886,272.0000,1000
34765886293897,09:39:25.886,272.0000,46
34765886293897,09:39:25.886,272.0000,11
34765886293897,09:39:25.886,272.0000,24
34765886293897,09:39:25.886,272.0000,2
34765886293897,09:39:25.886,272.0000,2
34765886293897,09:39:25.886,272.0000,499
34765886293897,09:39:25.886,272.0000,50
34765886293897,09:39:25.886,272.0000,10
34765886293897,09:39:25.886,272.0000,200
34765886293897,09:39:25.886,272.0000,100
34765886293897,09:39:25.886,272.0000,45
34765886293897,09:39:25.886,272.0000,15
34765886293897,09:39:25.886,272.0000,25
34765886293897,09:39:25.886,272.0000,60
34765886293897,09:39:25.886,272.0000,632
34765886293897,09:39:25.886,272.0000,15
34765886293897,09:39:25.886,272.0000,8
34765886293897,09:39:25.886,272.0000,49
34765886293897,09:39:25.886,272.0000,50
34765886293897,09:39:25.886,272.0000,20
34765886293897,09:39:25.886,272.0000,19
34765886293897,09:39:25.886,272.0000,102
34765886293897,09:39:25.886,272.0000,28
34765886293897,09:39:25.886,272.0000,38
34765886293897,09:39:25.886,272.0000,4
34765886293897,09:39:25.886,272.0000,68
34765886293897,09:39:25.886,272.0000,25
34765886293897,09:39:25.886,272.0000,50
34765886293897,09:39:25.886,272.0000,400
34765886293897,09:39:25.886,272.0000,1
34765886293897,09:39:25.886,272.0000,100
34765886293897,09:39:25.886,272.0000,48
34765886293897,09:39:25.886,272.0000,28
34765886293897,09:39:25.886,272.0000,3716
34765886293897,09:39:25.886,272.0000,20
34765886293897,09:39:25.886,272.0000,11
34765886293897,09:39:25.886,272.0000,300
34765886293897,09:39:25.886,272.0000,100
34765886293897,09:39:25.886,272.0000,260
34765886293897,09:39:25.886,272.0000,50
34765886293897,09:39:25.886,272.0000,97
34765886293897,09:39:25.886,272.0000,22
34765886665542,09:39:25.886,272.0200,30
34765886683729,09:39:25.886,272.0200,169
34765886781253,09:39:25.886,271.9700,100
34765886781253,09:39:25.886,272.0200,101
34765886781253,09:39:25.886,272.0200,150
34765886815876,09:39:25.886,272.0200,350
34765893656166,09:39:25.893,272.0000,88
34765893681836,09:39:25.893,272.0000,12
34766106883441,09:39:26.106,272.1000,200
34766106883441,09:39:26.106,272.1000,100
34766106883441,09:39:26.106,272.1100,100
34766106883441,09:39:26.106,272.1100,3
34766106883441,09:39:26.106,272.1500,86
34766107956551,09:39:26.107,272.2000,300
34766107956551,09:39:26.107,272.2000,200
34766107956551,09:39:26.107,272.2000,23
34766107956551,09:39:26.107,272.2000,100
34766107956551,09:39:26.107,272.2200,231
34766107956551,09:39:26.107,272.2500,20
34766107956551,09:39:26.107,272.3000,5
34766108944167,09:39:26.108,272.2900,7
34766108944167,09:39:26.108,272.3300,30
34766108944167,09:39:26.108,272.3500,10
34766108944167,09:39:26.108,272.3500,100
34766108944167,09:39:26.108,272.3800,247
34766108944167,09:39:26.108,272.4000,20
34766109880803,09:39:26.109,272.4700,795
34766109880803,09:39:26.109,272.4900,100
34766109880803,09:39:26.109,272.5000,400
34766109880803,09:39:26.109,272.5000,50
34766109880803,09:39:26.109,272.5000,50
34766109880803,09:39:26.109,272.5000,7
34766109880803,09:39:26.109,272.5000,100
34766109880803,09:39:26.109,272.5000,59
34766109880803,09:39:26.109,272.5000,316
34766187162314,09:39:26.187,272.0900,100
34770952244241,09:39:30.952,272.0400,100
34771182788349,09:39:31.182,272.0000,102
34771182835787,09:39:31.182,272.0000,100
34771182850930,09:39:31.182,272.0000,336
34771182852278,09:39:31.182,272.0000,83
34771182879608,09:39:31.182,272.0000,179
34771182879608,09:39:31.182,272.0000,21
34771182911176,09:39:31.182,272.0000,100
34771182959073,09:39:31.182,272.0000,100
34771182997219,09:39:31.182,272.0000,48
34772704442481,09:39:32.704,272.0000,5
34772929532326,09:39:32.929,272.0000,600
34772929562422,09:39:32.929,272.0000,26
34780224532681,09:39:40.224,271.5900,99
34786244559607,09:39:46.244,271.5900,1
34786244559607,09:39:46.244,271.5900,98
34789264616001,09:39:49.264,271.5900,2
34789264616001,09:39:49.264,271.5900,97
34794293757043,09:39:54.293,271.5800,99
34794293791032,09:39:54.293,271.5800,1
34794293791032,09:39:54.293,271.5800,100
34800271552043,09:40:00.271,271.6000,100
34800467326112,09:40:00.467,271.5000,76
34800467354194,09:40:00.467,271.5000,19
34800467806045,09:40:00.467,271.4900,95
34800467883743,09:40:00.467,271.4900,5
34800468322590,09:40:00.468,271.4900,100
34806330599753,09:40:06.330,271.4200,100
34809058357655,09:40:09.058,271.6300,100
34809058504392,09:40:09.058,271.6600,100
34809059039212,09:40:09.059,271.6700,100
34809059082247,09:40:09.059,271.6600,49
34825648228970,09:40:25.648,271.7600,50
34825648228970,09:40:25.648,271.7700,150
34825648304734,09:40:25.648,271.7700,100
34836888927009,09:40:36.888,271.6200,100
34836888959249,09:40:36.888,271.6200,10
34836889063452,09:40:36.889,271.6000,8
34836889153537,09:40:36.889,271.6000,8
34836889227799,09:40:36.889,271.6000,8
34836889250426,09:40:36.889,271.6000,478
34836889255709,09:40:36.889,271.6000,388
34836889262828,09:40:36.889,271.6000,10
34836889262828,09:40:36.889,271.6000,8
34836889266169,09:40:36.889,271.6000,100
34836889289219,09:40:36.889,271.6000,76
34836889303243,09:40:36.889,271.6000,10
34836889305292,09:40:36.889,271.6000,8
34836889330698,09:40:36.889,271.6000,100
34836889392775,09:40:36.889,271.6000,145
34836889551595,09:40:36.889,271.6000,8
34836889579291,09:40:36.889,271.6000,100
34836889590067,09:40:36.889,271.6000,100
34836889635636,09:40:36.889,271.6000,8
34836889690136,09:40:36.889,271.6000,4
34836889705719,09:40:36.889,271.6000,8
34836889725322,09:40:36.889,271.6000,100
34836889805109,09:40:36.889,271.6000,28
34836889825133,09:40:36.889,271.6000,8
34836889912532,09:40:36.889,271.6000,8
34836889996122,09:40:36.889,271.6000,8
34836893192362,09:40:36.893,271.6200,100
34836893240469,09:40:36.893,271.6200,88
34836916900967,09:40:36.916,271.6100,9
34836916994843,09:40:36.916,271.6200,9
34843634282607,09:40:43.634,271.6600,100
34850063914134,09:40:50.063,271.6000,100
34850063970786,09:40:50.063,271.6000,73
34850063970786,09:40:50.063,271.6000,27
34850064021698,09:40:50.064,271.6000,73
34850064103569,09:40:50.064,271.6000,100
34850064122115,09:40:50.064,271.6100,62
34853515528862,09:40:53.515,271.5100,100
34854580956805,09:40:54.580,271.3000,211
34854581151255,09:40:54.581,271.3000,100
34855753421251,09:40:55.753,271.4500,100
34861782772692,09:41:01.782,271.4500,100
34861782849108,09:41:01.782,271.4500,222
34861783012663,09:41:01.783,271.4500,300
34861783327610,09:41:01.783,271.4500,78
34861783327610,09:41:01.783,271.4500,760
34879850545673,09:41:19.850,271.2700,100
34885091637925,09:41:25.091,271.0600,12
34885091637925,09:41:25.091,271.0600,10
34885091637925,09:41:25.091,271.0600,40
34885091782092,09:41:25.091,271.1400,50
34885682568202,09:41:25.682,271.0700,70
34886428658801,09:41:26.428,271.0000,25
34886432191183,09:41:26.432,271.0800,8
34886636213323,09:41:26.636,271.0800,8
34886636217692,09:41:26.636,271.0700,38
34886636221062,09:41:26.636,271.0700,62
34886636243607,09:41:26.636,271.0800,62
34886636257190,09:41:26.636,271.0800,38
34886636257190,09:41:26.636,271.0700,50
34886636669211,09:41:26.636,271.0700,7
34894333586812,09:41:34.333,270.8300,100
34894333616085,09:41:34.333,270.8300,100
34894333616085,09:41:34.333,270.8300,100
34894334255621,09:41:34.334,270.8000,5
34894611088073,09:41:34.611,270.8900,50
34894611239951,09:41:34.611,270.8600,100
34894611315684,09:41:34.611,270.9000,14
34894611326098,09:41:34.611,270.9000,36
34894611326098,09:41:34.611,270.9400,14
34894611326098,09:41:34.611,270.9500,150
34894611738680,09:41:34.611,270.9500,50
34894611738680,09:41:34.611,270.9500,50
34894611740156,09:41:34.611,270.9500,94
34894611765795,09:41:34.611,270.9500,56
34894611765795,09:41:34.611,270.9500,94
34894611770313,09:41:34.611,270.9500,6
34897614989606,09:41:37.614,270.8600,14
34897614989606,09:41:37.614,270.8600,36
34897615066995,09:41:37.615,270.8200,10
34897615087325,09:41:37.615,270.8600,100
34897615578927,09:41:37.615,270.8200,10
34897615578927,09:41:37.615,270.8200,10
34897615844054,09:41:37.615,270.7700,8
34907373334911,09:41:47.373,270.5750,21
34913671676742,09:41:53.671,270.6700,80
34916762205803,09:41:56.762,270.5800,81
34916762281542,09:41:56.762,270.5800,13
34917719631887,09:41:57.719,270.5900,8
34917719631887,09:41:57.719,270.5800,9
34927531867615,09:42:07.531,270.5800,200
34927531893876,09:42:07.531,270.5800,597
34927532097151,09:42:07.532,270.5800,90
34927532122026,09:42:07.532,270.5800,145
34927532127394,09:42:07.532,270.5800,212
34927532176350,09:42:07.532,270.5800,453
34927532323482,09:42:07.532,270.5800,79
34927532477803,09:42:07.532,270.5800,21
34935404511838,09:42:15.404,270.4900,9
34935404524443,09:42:15.404,270.4900,91
34935404524443,09:42:15.404,270.5000,56
34935404540883,09:42:15.404,270.5000,25
34935404551654,09:42:15.404,270.5000,19
34935404551654,09:42:15.404,270.5000,10
34935404551654,09:42:15.404,270.5000,116
34935404562515,09:42:15.404,270.5000,84
34935404576865,09:42:15.404,270.5000,96
34935404603785,09:42:15.404,270.5000,4
34935405149413,09:42:15.405,270.5600,88
34935405185671,09:42:15.405,270.5600,12
34935405254898,09:42:15.405,270.5800,21
34935405325779,09:42:15.405,270.5600,100
34944686524653,09:42:24.686,270.6000,100
34945058744423,09:42:25.058,270.5500,88
34945058769591,09:42:25.058,270.5500,512
34945058769591,09:42:25.058,270.5500,100
34945058769591,09:42:25.058,270.5500,1
34945058773991,09:42:25.058,270.5500,102
34945058869623,09:42:25.058,270.5400,498
34945058903573,09:42:25.058,270.5500,100
34945058934109,09:42:25.058,270.5500,50
34945059318570,09:42:25.059,270.5400,50
34945066018600,09:42:25.066,270.5900,100
34945066038876,09:42:25.066,270.6000,100
34945066103158,09:42:25.066,270.6000,19
34945066153167,09:42:25.066,270.6000,81
34945066573724,09:42:25.066,270.5900,19
34945066595709,09:42:25.066,270.5900,19
34945066748913,09:42:25.066,270.5900,81
34949219041359,09:42:29.219,270.5700,100
34959767401569,09:42:39.767,270.6000,100
34959767442054,09:42:39.767,270.6100,19
34959768127294,09:42:39.768,270.6000,100
34959768163250,09:42:39.768,270.6100,81
34959769648186,09:42:39.769,270.6300,2
34959769707394,09:42:39.769,270.6300,100
34959776380629,09:42:39.776,270.6300,100
34960924800575,09:42:40.924,270.6300,2
34961943989144,09:42:41.943,270.5700,100
34965867359295,09:42:45.867,270.6300,96
34965867384827,09:42:45.867,270.6600,2
34965868160251,09:42:45.868,270.6600,15
34965868168299,09:42:45.868,270.6600,41
34971853252482,09:42:51.853,270.6200,100
34971853252482,09:42:51.853,270.6200,85
34971853252482,09:42:51.853,270.6200,100
34971853277916,09:42:51.853,270.5700,25
34971853316304,09:42:51.853,270.5700,90
34971853328048,09:42:51.853,270.5700,173
34971853357461,09:42:51.853,270.5700,5
34971853384706,09:42:51.853,270.5700,100
34971853417331,09:42:51.853,270.5700,100
34971853473642,09:42:51.853,270.5700,179
34971853506054,09:42:51.853,270.5700,100
34971853509351,09:42:51.853,270.5700,28
34971853509351,09:42:51.853,270.5700,72
34971853522980,09:42:51.853,270.5700,100
34971853541353,09:42:51.853,270.5700,28
34971853553606,09:42:51.853,270.5700,28
34971853577491,09:42:51.853,270.5700,100
34971856681837,09:42:51.856,270.5700,100
34971856713093,09:42:51.856,270.5700,28
34972418744678,09:42:52.418,270.6200,4
34984070398497,09:43:04.070,270.5700,100
34984070464552,09:43:04.070,270.5700,344
34987118501350,09:43:07.118,270.4800,10
34987118501350,09:43:07.118,270.4900,32
34987118512507,09:43:07.118,270.4900,58
34987118758619,09:43:07.118,270.4900,10
34987118758619,09:43:07.118,270.5000,166
34987118758619,09:43:07.118,270.5000,5
34987118849099,09:43:07.118,270.5000,42
34987118880636,09:43:07.118,270.5000,53
34988333309941,09:43:08.333,270.5800,4
34988333309941,09:43:08.333,270.5800,100
34988333729695,09:43:08.333,270.5800,50
34998019334609,09:43:18.019,270.5700,97
35003326258141,09:43:23.326,270.5700,100
35022643125913,09:43:42.643,270.4000,7
35022643210485,09:43:42.643,270.3900,211
35022643235941,09:43:42.643,270.3900,564
35022643244575,09:43:42.643,270.3900,25
35022643244575,09:43:42.643,270.3900,75
35022643246589,09:43:42.643,270.4000,100
35022643253403,09:43:42.643,270.3900,290
35022643281781,09:43:42.643,270.3900,25
35022643467982,09:43:42.643,270.3900,25
35022643525047,09:43:42.643,270.3900,485
35022644338939,09:43:42.644,270.3600,100
35022644357624,09:43:42.644,270.3600,5
35022644357624,09:43:42.644,270.3500,29
35022644654162,09:43:42.644,270.3500,31
35024660704578,09:43:44.660,270.2600,100
35024660704578,09:43:44.660,270.2500,94
35024660705357,09:43:44.660,270.2500,100
35024660730313,09:43:44.660,270.2500,56
35024661355078,09:43:44.661,270.1500,1
35024898440942,09:43:44.898,270.1500,1
35025521887136,09:43:45.521,270.2500,100
35025521918883,09:43:45.521,270.2500,100
35025522501319,09:43:45.522,270.3300,23
35025522684566,09:43:45.522,270.3400,5
35032641006107,09:43:52.641,270.4100,75
35043067057426,09:44:03.067,270.3000,10
35046844925402,09:44:06.844,270.1700,600
35046844940511,09:44:06.844,270.1700,8
35046845017244,09:44:06.845,270.1600,100
35046845046010,09:44:06.845,270.1600,100
35046845047254,09:44:06.845,270.1600,392
35046845093616,09:44:06.845,270.1700,100
35048406637636,09:44:08.406,269.8400,100
35053051306839,09:44:13.051,270.1700,100
35053051436688,09:44:13.051,270.1800,100
35053051444116,09:44:13.051,270.1800,100
35053051559158,09:44:13.051,270.1800,100
35091342084724,09:44:51.342,270.3900,21
35091342312104,09:44:51.342,270.4000,100
35098503600961,09:44:58.503,270.5200,100
35098503657250,09:44:58.503,270.5200,100
35098503912608,09:44:58.503,270.5500,100
35098512096413,09:44:58.512,270.5500,1
35100498083457,09:45:00.498,270.5300,206
35100498111346,09:45:00.498,270.5300,294
35100498111346,09:45:00.498,270.5300,10
35100498111346,09:45:00.498,270.5300,49
35100498145346,09:45:00.498,270.5300,100
35100498196683,09:45:00.498,270.5300,100
35100498211277,09:45:00.498,270.5300,100
35100498217587,09:45:00.498,270.5300,86
35100498218228,09:45:00.498,270.5300,100
35100498225526,09:45:00.498,270.5300,114
35100499184300,09:45:00.499,270.4300,100
35104458367797,09:45:04.458,270.5100,50
35104458367797,09:45:04.458,270.5300,50
35104895434565,09:45:04.895,270.5200,50
35104895434565,09:45:04.895,270.5400,3
35104895434565,09:45:04.895,270.5400,8
35110496777018,09:45:10.496,270.6000,1
35116293139364,09:45:16.293,270.6000,9
35116293139364,09:45:16.293,270.6200,91
35116293171485,09:45:16.293,270.6200,9
35116293171485,09:45:16.293,270.6200,1
35116293186863,09:45:16.293,270.6300,42
35116293691441,09:45:16.293,270.6400,1
35116293888202,09:45:16.293,270.6600,100
35116293928162,09:45:16.293,270.6700,99
35116293941360,09:45:16.293,270.6700,1
35116293941360,09:45:16.293,270.6700,99
35116293964326,09:45:16.293,270.6700,1
35116294017635,09:45:16.294,270.6800,99
35116294053605,09:45:16.294,270.6800,1
35116296085161,09:45:16.296,270.6600,100
35121036551462,09:45:21.036,270.7400,100
35121036601462,09:45:21.036,270.7300,100
35121036629648,09:45:21.036,270.7400,100
35125490970268,09:45:25.490,270.7200,50
35125490970268,09:45:25.490,270.7300,1
35125490970268,09:45:25.490,270.7300,49
35128233920403,09:45:28.233,270.6600,400
35128234021142,09:45:28.234,270.6600,100
35128234075408,09:45:28.234,270.6600,64
35128234085448,09:45:28.234,270.6600,100
35128234119802,09:45:28.234,270.6600,136
35128234119802,09:45:28.234,270.6600,100
35138726926383,09:45:38.726,270.6800,200
35145218493591,09:45:45.218,270.7600,22
35145218822718,09:45:45.218,270.7600,78
35145219252528,09:45:45.219,270.8000,4
35145482977402,09:45:45.482,270.8100,100
35151948360380,09:45:51.948,270.8800,2
35154922067301,09:45:54.922,270.9000,100
35155284621614,09:45:55.284,271.0000,50
35155284621614,09:45:55.284,271.0000,100
35155284739185,09:45:55.284,271.0300,50
35155284962438,09:45:55.284,271.0300,50
35163580999571,09:46:03.580,271.1000,28
35179542686785,09:46:19.542,271.1300,50
35179542686785,09:46:19.542,271.1300,50
35184582374756,09:46:24.582,270.8600,85
35184582390720,09:46:24.582,270.8600,15
35184582390720,09:46:24.582,270.8600,1
35184582481549,09:46:24.582,270.8600,100
35184582980724,09:46:24.582,270.7800,100
35184584030823,09:46:24.584,270.7800,100
35184608064611,09:46:24.608,270.7800,1
35184608090377,09:46:24.608,270.7800,99
35195541549699,09:46:35.541,270.9300,100
35195541586741,09:46:35.541,270.9300,1
35195572498086,09:46:35.572,271.0000,100
35216739675620,09:46:56.739,270.9800,100
35216739706478,09:46:56.739,270.9800,1
35216739800088,09:46:56.739,271.0000,50
35217140335686,09:46:57.140,271.0400,100
35225005415730,09:47:05.005,271.0400,100
35231781819073,09:47:11.781,271.0000,44
35231781891884,09:47:11.781,270.9300,3
35237606051067,09:47:17.606,271.0700,10
35237606051067,09:47:17.606,271.0700,20
35237606051067,09:47:17.606,271.0700,100
35237606051067,09:47:17.606,271.0800,50
35237606051067,09:47:17.606,271.0900,2
35243836897031,09:47:23.836,270.9500,10
35243836897031,09:47:23.836,270.9500,70
35243836897031,09:47:23.836,270.9400,293
35243836914349,09:47:23.836,270.9400,27
35243836928785,09:47:23.836,270.9400,80
35243836928785,09:47:23.836,270.9400,27
35243836938673,09:47:23.836,270.9400,5
35243836956278,09:47:23.836,270.9400,80
35243837022764,09:47:23.837,270.9400,100
35243837024861,09:47:23.837,270.9400,76
35243837027382,09:47:23.837,270.9400,212
35243837166801,09:47:23.837,270.9100,100
35243838022700,09:47:23.838,270.8600,100
35244943084079,09:47:24.943,270.9300,100
35244943084079,09:47:24.943,270.9300,2
35244943385033,09:47:24.943,270.9500,100
35244943385033,09:47:24.943,270.9500,5
35271732747091,09:47:51.732,271.0400,249
35271732765240,09:47:51.732,271.0400,10
35271732775356,09:47:51.732,271.0400,341
35271732775356,09:47:51.732,271.0400,10
35271732805454,09:47:51.732,271.0400,100
35271732857347,09:47:51.732,271.0400,166
35271732868546,09:47:51.732,271.0400,24
35271732897350,09:47:51.732,271.0400,236
35271732908289,09:47:51.732,271.0400,64
35272118729265,09:47:52.118,271.1200,1
35287886103092,09:48:07.886,270.9100,94
35287886103639,09:48:07.886,270.9100,6
35287886282211,09:48:07.886,270.8800,40
35287886460310,09:48:07.886,270.8800,60
35287888207811,09:48:07.888,270.8600,38
35287894017231,09:48:07.894,270.7000,8
35287894602957,09:48:07.894,270.7000,8
35287906684358,09:48:07.906,270.7100,16
35287906684358,09:48:07.906,270.7000,34
35289462291213,09:48:09.462,270.5900,2
35291134929985,09:48:11.134,270.7200,46
35291134955155,09:48:11.134,270.7200,354
35291134960498,09:48:11.134,270.7200,354
35291135494137,09:48:11.135,270.7200,31
35291135531527,09:48:11.135,270.7200,15
35304912627206,09:48:24.912,270.7200,27
35314559555038,09:48:34.559,270.5800,100
35314561070719,09:48:34.561,270.5000,100
35314561097666,09:48:34.561,270.5000,100
35314561097666,09:48:34.561,270.5000,100
35320550763825,09:48:40.550,270.4900,3
35320551595375,09:48:40.551,270.4700,294
35320551621443,09:48:40.551,270.4700,206
35320551621443,09:48:40.551,270.4700,100
35320551696164,09:48:40.551,270.4700,1
35320552005935,09:48:40.552,270.4700,30
35323158636867,09:48:43.158,270.4800,50
35323158636867,09:48:43.158,270.4800,50
35323158636867,09:48:43.158,270.4800,50
35323158636867,09:48:43.158,270.4700,50
35323159324989,09:48:43.159,270.4700,419
35323159324989,09:48:43.159,270.4700,100
35330317795690,09:48:50.317,270.3100,100
35330317795690,09:48:50.317,270.3100,100
35330647417907,09:48:50.647,270.2600,66
35330647538708,09:48:50.647,270.2600,20
35330653484492,09:48:50.653,270.3100,100
35332302032775,09:48:52.302,270.2100,11
35334282419700,09:48:54.282,270.2600,100
35342215115592,09:49:02.215,270.4200,100
35342215147032,09:49:02.215,270.4300,100
35342215215067,09:49:02.215,270.4400,100
35342215673942,09:49:02.215,270.4900,5
35342215673942,09:49:02.215,270.4900,95
35342216121578,09:49:02.216,270.4900,5
35342216121578,09:49:02.216,270.4900,100
35342216885927,09:49:02.216,270.4900,4
35344598768198,09:49:04.598,270.4400,100
35344826098485,09:49:04.826,270.4400,100
35344826099782,09:49:04.826,270.4200,100
35344826124533,09:49:04.826,270.4200,100
35344826195681,09:49:04.826,270.4200,100
35344826197902,09:49:04.826,270.4200,100
35344826265170,09:49:04.826,270.4200,100
35344826269850,09:49:04.826,270.4200,100
35344826370142,09:49:04.826,270.4200,100
35344826531588,09:49:04.826,270.4200,100
35344826539196,09:49:04.826,270.4200,100
35344826555408,09:49:04.826,270.4200,88
35344826903686,09:49:04.826,270.4200,12
35344826932275,09:49:04.826,270.4200,88
35344826932275,09:49:04.826,270.4200,81
35344827012361,09:49:04.827,270.4200,15
35344827601241,09:49:04.827,270.4200,10
35379107022689,09:49:39.107,270.4900,3
35379107111799,09:49:39.107,270.5300,50
35385105829658,09:49:45.105,270.5000,1
35385105865117,09:49:45.105,270.5000,1
35385121076608,09:49:45.121,270.4900,2
35385121102083,09:49:45.121,270.4900,48
35385622418911,09:49:45.622,270.5200,100
35385623434666,09:49:45.623,270.5800,100
35385623447766,09:49:45.623,270.5800,24
35385623447766,09:49:45.623,270.5800,100
35385623447766,09:49:45.623,270.5800,10
35385624001879,09:49:45.624,270.6100,100
35385624243321,09:49:45.624,270.6100,100
35387076716483,09:49:47.076,270.6300,1
35387076744969,09:49:47.076,270.6300,26
35395742135077,09:49:55.742,270.6500,100
35395742144676,09:49:55.742,270.6500,1
35395742149099,09:49:55.742,270.6500,82
35409897646962,09:50:09.897,270.7100,10
35409897646962,09:50:09.897,270.7500,90
35409897677790,09:50:09.897,270.7500,10
35413639361666,09:50:13.639,270.8000,6
35413886901625,09:50:13.886,270.8000,6
35415408951673,09:50:15.408,270.8000,200
35415409024583,09:50:15.409,270.8000,6
35421532073333,09:50:21.532,270.8000,200
35421532189178,09:50:21.532,270.8000,6
35421567629117,09:50:21.567,270.8000,6
35421567637753,09:50:21.567,270.8000,50
35421567867345,09:50:21.567,270.8000,50
35421568046722,09:50:21.568,270.8000,50
35421669704122,09:50:21.669,270.8000,50
35421669728882,09:50:21.669,270.8000,6
35421677475157,09:50:21.677,270.8000,50
35421677852031,09:50:21.677,270.8000,50
35421764817779,09:50:21.764,270.8000,6
35421767945243,09:50:21.767,270.8000,6
35421911337411,09:50:21.911,270.8000,6
35421915982044,09:50:21.915,270.8000,41
35421916254957,09:50:21.916,270.8700,2
35421916254957,09:50:21.916,270.8700,4
35421916911196,09:50:21.916,270.8800,100
35422620694629,09:50:22.620,270.9100,1
35423396022055,09:50:23.396,270.9100,1
35423396092831,09:50:23.396,270.9100,1
35423493439531,09:50:23.493,270.9100,1
35423544176296,09:50:23.544,270.9100,1
35423610208447,09:50:23.610,270.9100,1
35423610267821,09:50:23.610,270.9100,1
35423669333529,09:50:23.669,270.9100,1
35423733594690,09:50:23.733,270.9100,1
35423783928058,09:50:23.783,270.9100,1
35423816855007,09:50:23.816,270.9100,1
35423841399155,09:50:23.841,270.9100,1
35424058733723,09:50:24.058,270.9100,1
35424510307998,09:50:24.510,270.9100,3
35426645793766,09:50:26.645,270.9100,1
35426738617001,09:50:26.738,270.9100,83
35426739717361,09:50:26.739,270.9700,1
35426770500307,09:50:26.770,271.0000,75
35426770500307,09:50:26.770,271.0000,55
35426770500307,09:50:26.770,271.0000,1
35429299195515,09:50:29.299,271.0800,100
35431930740331,09:50:31.930,271.0200,3
35432298877339,09:50:32.298,271.0500,100
35432430058743,09:50:32.430,271.0500,100
35433201100151,09:50:33.201,271.0500,37
35433201125424,09:50:33.201,271.0500,63
35438299864109,09:50:38.299,271.1000,50
35441299473664,09:50:41.299,271.1800,100
35445498407633,09:50:45.498,271.1800,100
35445498479469,09:50:45.498,271.1800,100
35445498825323,09:50:45.498,271.1800,100
35445498825323,09:50:45.498,271.1800,81
35445498921071,09:50:45.498,271.1800,19
35445498921071,09:50:45.498,271.1800,81
35445499495339,09:50:45.499,271.1800,19
35445499495339,09:50:45.499,271.1800,81
35446005660082,09:50:46.005,271.1800,19
35446005660082,09:50:46.005,271.1800,81
35450556290069,09:50:50.556,271.1200,15
35450556290069,09:50:50.556,271.1000,1
35450556316121,09:50:50.556,271.1000,15
35452025712600,09:50:52.025,271.1400,100
35453164088910,09:50:53.164,271.1800,19
35453164088910,09:50:53.164,271.1800,81
35453164119350,09:50:53.164,271.1800,19
35453164119350,09:50:53.164,271.1800,87
35453164168769,09:50:53.164,271.1800,13
35453164401139,09:50:53.164,271.1800,119
35453164507602,09:50:53.164,271.1800,100
35453164861799,09:50:53.164,271.1900,35
35453164911163,09:50:53.164,271.1800,51
35453164911163,09:50:53.164,271.1900,14
35453164916159,09:50:53.164,271.1900,51
35453164916159,09:50:53.164,271.1900,49
35453165388963,09:50:53.165,271.1900,51
35453165438098,09:50:53.165,271.2100,29
35453742936583,09:50:53.742,271.2000,50
35453742936583,09:50:53.742,271.2000,50
35453743608635,09:50:53.743,271.1900,100
35453743679217,09:50:53.743,271.1900,100
35454968279847,09:50:54.968,271.1200,300
35454968280388,09:50:54.968,271.1200,100
35454968300117,09:50:54.968,271.1200,90
35454968304930,09:50:54.968,271.1200,100
35454968371569,09:50:54.968,271.1200,10
35454968416988,09:50:54.968,271.0900,100
35455915753191,09:50:55.915,271.0200,100
35455915794945,09:50:55.915,271.0200,100
35455915956871,09:50:55.915,271.0100,1
35459289047254,09:50:59.289,270.8200,5
35470510678239,09:51:10.510,271.0100,50
35474556487857,09:51:14.556,271.2000,44
35485286445857,09:51:25.286,271.0000,3
35485286445857,09:51:25.286,270.9900,3
35485286445857,09:51:25.286,270.9800,100
35485286445857,09:51:25.286,270.9800,94
35485286508738,09:51:25.286,270.9800,6
35485286689047,09:51:25.286,271.0100,5
35485286689047,09:51:25.286,270.9300,50
35485287336648,09:51:25.287,270.9300,5
35485287362285,09:51:25.287,270.9300,45
35485288969619,09:51:25.288,270.9400,50
35485288969619,09:51:25.288,270.9300,50
35509083866384,09:51:49.083,270.8100,100
35509083965918,09:51:49.083,270.8100,33
35509083967154,09:51:49.083,270.8100,33
35509084017711,09:51:49.084,270.8100,34
35509084076421,09:51:49.084,270.8400,33
35509719000379,09:51:49.719,270.9000,100
35509719764477,09:51:49.719,270.9100,100
35509720163106,09:51:49.720,270.9500,2
35509720163106,09:51:49.720,270.9500,10
35514662255751,09:51:54.662,270.9100,27
35526736324585,09:52:06.736,270.8100,47
35526736351520,09:52:06.736,270.8100,7
35526737561894,09:52:06.737,270.8100,246
35526737563384,09:52:06.737,270.8100,100
35526737706793,09:52:06.737,270.8100,100
35526737735662,09:52:06.737,270.8100,43
35526737987723,09:52:06.737,270.8100,57
35535075769569,09:52:15.075,270.6800,25
35535075883502,09:52:15.075,270.7100,50
35535075883502,09:52:15.075,270.7200,50
35544367908536,09:52:24.367,270.7000,300
35544367915264,09:52:24.367,270.7000,200
35544367915264,09:52:24.367,270.7000,300
35544367949173,09:52:24.367,270.7000,200
35544368115776,09:52:24.368,270.7000,100
35544370577713,09:52:24.370,270.7000,100
35555504539472,09:52:35.504,270.5900,3
35556959824563,09:52:36.959,270.4900,100
35568646794863,09:52:48.646,270.5900,1
35570481252706,09:52:50.481,270.6700,98
35595550151000,09:53:15.550,270.5800,100
35595550176195,09:53:15.550,270.5800,1
35595561312087,09:53:15.561,270.5800,100
35595653851961,09:53:15.653,270.5800,156
35595653881496,09:53:15.653,270.5800,143
35595653978486,09:53:15.653,270.5800,100
35595654000350,09:53:15.654,270.5800,500
35595654000350,09:53:15.654,270.5800,100
35595654096626,09:53:15.654,270.5700,90
35599072398561,09:53:19.072,270.5700,200
35599101097301,09:53:19.101,270.5700,98
35599101402214,09:53:19.101,270.5700,12
35599101486820,09:53:19.101,270.6600,100
35599101557970,09:53:19.101,270.6700,400
35599101586990,09:53:19.101,270.6800,30
35599101593294,09:53:19.101,270.6600,100
35599102418390,09:53:19.102,270.6900,101
35599102580988,09:53:19.102,270.6900,99
35599102580988,09:53:19.102,270.7000,2
35599134088459,09:53:19.134,270.7000,5
35605166858264,09:53:25.166,270.5000,50
35605166858264,09:53:25.166,270.5000,50
35606034302034,09:53:26.034,270.5400,53
35606056355065,09:53:26.056,270.5450,200
35606057953947,09:53:26.057,270.5500,70
35606240068522,09:53:26.240,270.5450,92
35606240148118,09:53:26.240,270.5450,100
35607102985057,09:53:27.102,270.5400,100
35609921964647,09:53:29.921,270.6100,50
35619013421190,09:53:39.013,270.4900,3
35619013421190,09:53:39.013,270.4900,1
35619013511569,09:53:39.013,270.4900,100
35619027185458,09:53:39.027,270.4800,1
35619027271342,09:53:39.027,270.4800,99
35619027271342,09:53:39.027,270.4800,1
35619027640469,09:53:39.027,270.4800,4
35619074926240,09:53:39.074,270.4800,5
35619075579935,09:53:39.075,270.4800,100
35630549011188,09:53:50.549,270.5000,100
35631349837364,09:53:51.349,270.5000,100
35635550511358,09:53:55.550,270.5000,100
35635551362537,09:53:55.551,270.5000,35
35635553072708,09:53:55.553,270.5600,100
35635553530318,09:53:55.553,270.5800,100
35635553530318,09:53:55.553,270.5800,1
35635553596197,09:53:55.553,270.5800,1
35635553889728,09:53:55.553,270.5800,99
35637173322782,09:53:57.173,270.6000,70
35637955049969,09:53:57.955,270.6300,100
35638920683092,09:53:58.920,270.6150,8
35638929464616,09:53:58.929,270.6150,50
35638929842791,09:53:58.929,270.6150,50
35638930215139,09:53:58.930,270.6150,50
35638930585357,09:53:58.930,270.6150,33
35638930993672,09:53:58.930,270.6150,15
35638958235784,09:53:58.958,270.6150,129
35639325782434,09:53:59.325,270.6150,200
35639639648091,09:53:59.639,270.6150,50
35639639716670,09:53:59.639,270.6150,50
35639671620876,09:53:59.671,270.6000,1
35642205319500,09:54:02.205,270.6100,50
35642997514260,09:54:02.997,270.6000,50
35643310215317,09:54:03.310,270.6300,50
35643573028721,09:54:03.573,270.6300,8
35643573654251,09:54:03.573,270.6300,37
35643573654251,09:54:03.573,270.6600,13
35643573697155,09:54:03.573,270.6600,37
35643573786805,09:54:03.573,270.6800,100
35643573786805,09:54:03.573,270.6800,1
35645148596015,09:54:05.148,270.7000,37
35645149280982,09:54:05.149,270.7000,100
35645775073007,09:54:05.775,270.7000,100
35647055162357,09:54:07.055,270.7000,100
35648481524523,09:54:08.481,270.7000,50
35648481900610,09:54:08.481,270.7000,50
35648482268197,09:54:08.482,270.7000,50
35648482635506,09:54:08.482,270.7000,14
35649111355022,09:54:09.111,270.7000,100
35649111425656,09:54:09.111,270.7000,100
35649111553337,09:54:09.111,270.7000,100
35664111384314,09:54:24.111,270.7300,20
35664111384314,09:54:24.111,270.7350,30
35664115754317,09:54:24.115,270.7350,50
35664115906276,09:54:24.115,270.7350,50
35664116334268,09:54:24.116,270.7350,50
35664316684664,09:54:24.316,270.6900,1
35664374973768,09:54:24.374,270.7350,19
35664374973768,09:54:24.374,270.7500,13
35664375054019,09:54:24.375,270.7500,32
35664375108368,09:54:24.375,270.7500,5
35667228200200,09:54:27.228,270.7500,3
35667262921812,09:54:27.262,270.6800,100
35667818838209,09:54:27.818,270.6600,100
35667818987366,09:54:27.818,270.6200,99
35667819302140,09:54:27.819,270.6200,1
35670524803010,09:54:30.524,270.6100,1
35678555322618,09:54:38.555,270.6500,2
35682189692271,09:54:42.189,270.7800,50
35682189721513,09:54:42.189,270.7900,100
35682189721513,09:54:42.189,270.8000,10
35682189807049,09:54:42.189,270.8100,10
35688151627424,09:54:48.151,270.7900,1
35692554091115,09:54:52.554,270.8050,100
35692554916427,09:54:52.554,270.8050,900
35692729197843,09:54:52.729,270.8300,95
35692729197843,09:54:52.729,270.8100,5
35692729238212,09:54:52.729,270.8100,42
35695308133275,09:54:55.308,270.9000,1
35695308229897,09:54:55.308,270.9000,1
35695308321670,09:54:55.308,270.9000,1
35695308414442,09:54:55.308,270.9000,1
35695308488524,09:54:55.308,270.9000,1
35695308554503,09:54:55.308,270.9000,1
35695308612430,09:54:55.308,270.9000,1
35695308674892,09:54:55.308,270.9000,1
35695308739485,09:54:55.308,270.9000,1
35695308805339,09:54:55.308,270.9000,1
35695308867472,09:54:55.308,270.9000,1
35695308924980,09:54:55.308,270.9000,1
35695308931983,09:54:55.308,270.9000,15
35698771910025,09:54:58.771,270.8600,5
35698771910025,09:54:58.771,270.8600,50
35698771910025,09:54:58.771,270.8500,45
35701037106444,09:55:01.037,270.8100,15
35701037161699,09:55:01.037,270.8100,100
35701037184579,09:55:01.037,270.8100,38
35701037184579,09:55:01.037,270.8100,1
35706735824406,09:55:06.735,270.6800,64
35710302834996,09:55:10.302,270.7100,1
35713025230197,09:55:13.025,270.8000,21
35724558467785,09:55:24.558,270.8500,100
35724589829144,09:55:24.589,270.8500,100
35724695888640,09:55:24.695,270.8500,200
35725005270379,09:55:25.005,270.8400,100
35728006280129,09:55:28.006,270.8400,100
35728922632904,09:55:28.922,270.8500,3
35742792512071,09:55:42.792,270.7900,30
35742958125969,09:55:42.958,270.7900,15
35745716433498,09:55:45.716,270.6700,8
35755129945767,09:55:55.129,270.8000,100
35763493813196,09:56:03.493,270.6700,157
35763494129899,09:56:03.494,270.6700,75
35763494171173,09:56:03.494,270.6700,53
35763494213296,09:56:03.494,270.6700,75
35763494228833,09:56:03.494,270.6700,32
35763494228833,09:56:03.494,270.6700,75
35763494239137,09:56:03.494,270.6700,100
35763494319751,09:56:03.494,270.6600,75
35763494354644,09:56:03.494,270.6700,100
35763494437906,09:56:03.494,270.6700,107
35763494439879,09:56:03.494,270.6700,19
35763494481244,09:56:03.494,270.6700,75
35763494507095,09:56:03.494,270.6700,49
35763585025811,09:56:03.585,270.5800,100
35765680585195,09:56:05.680,270.6000,200
35765700509855,09:56:05.700,270.6000,390
35765700538504,09:56:05.700,270.6000,10
35765700550011,09:56:05.700,270.6000,10
35765700560578,09:56:05.700,270.6000,100
35765700562281,09:56:05.700,270.6000,10
35765700580326,09:56:05.700,270.6000,10
35765700742384,09:56:05.700,270.6000,10
35765700873454,09:56:05.700,270.6000,3
35765752963224,09:56:05.752,270.6000,5
35766334332271,09:56:06.334,270.6000,200
35766334725440,09:56:06.334,270.6200,100
35766619687659,09:56:06.619,270.6200,100
35766619687659,09:56:06.619,270.6200,1
35766619797406,09:56:06.619,270.6200,100
35766619834318,09:56:06.619,270.6200,12
35766619857339,09:56:06.619,270.6200,100
35766619898211,09:56:06.619,270.6200,19
35766620538835,09:56:06.620,270.6200,81
35766620568515,09:56:06.620,270.6200,19
35766620581682,09:56:06.620,270.6200,19
35766620843551,09:56:06.620,270.6200,100
35766626839208,09:56:06.626,270.6200,100
35766631254613,09:56:06.631,270.6000,100
35766631306383,09:56:06.631,270.6000,100
35766760058407,09:56:06.760,270.6000,52
35766760127117,09:56:06.760,270.5700,78
35767163852417,09:56:07.163,270.6100,50
35767228157474,09:56:07.228,270.5700,19
35767228245520,09:56:07.228,270.5700,3
35779892080970,09:56:19.892,270.5200,15
35779892080970,09:56:19.892,270.5200,10
35782890057647,09:56:22.890,270.4200,100
35782890057647,09:56:22.890,270.4100,20
35785038972545,09:56:25.038,270.4100,126
35785039006229,09:56:25.039,270.4100,92
35785039102764,09:56:25.039,270.4100,62
35785039102764,09:56:25.039,270.4100,2
35785039102764,09:56:25.039,270.4100,36
35785039413348,09:56:25.039,270.4100,56
35785039425431,09:56:25.039,270.4100,7
35785045303084,09:56:25.045,270.4100,100
35785045365463,09:56:25.045,270.4100,101
35785726188506,09:56:25.726,270.4100,100
35788438166465,09:56:28.438,270.4300,100
35788827640834,09:56:28.827,270.4300,100
35797219293426,09:56:37.219,270.4000,3
35810895033697,09:56:50.895,270.3900,100
35812276697832,09:56:52.276,270.3800,59
35812276723119,09:56:52.276,270.3800,241
35812276826240,09:56:52.276,270.3800,48
35812277207207,09:56:52.277,270.3800,252
35815953211348,09:56:55.953,270.3100,100
35822077708584,09:57:02.077,270.2600,58
35822077708584,09:57:02.077,270.2600,42
35822585809718,09:57:02.585,270.3000,100
35822585814877,09:57:02.585,270.3000,100
35822585962710,09:57:02.585,270.3000,94
35822586010408,09:57:02.586,270.3000,100
35822586043415,09:57:02.586,270.3000,100
35822586073759,09:57:02.586,270.3200,100
35822586740251,09:57:02.586,270.3300,100
35824786483219,09:57:04.786,270.2400,100
35824786548848,09:57:04.786,270.2400,81
35824786832013,09:57:04.786,270.2400,19
35824787396543,09:57:04.787,270.2200,100
35824793361974,09:57:04.793,270.2100,27
35844037880300,09:57:24.037,270.1950,100
35846605449028,09:57:26.605,270.1200,100
35849509793868,09:57:29.509,270.1850,3
35850821549643,09:57:30.821,270.1800,23
35853046881592,09:57:33.046,270.1200,200
35853046881592,09:57:33.046,270.1200,200
35853046911373,09:57:33.046,270.1200,1
35853046925188,09:57:33.046,270.1200,1
35853047321068,09:57:33.047,270.1200,5
35853051869876,09:57:33.051,270.1200,294
35858124252920,09:57:38.124,270.1000,70
35858530661620,09:57:38.530,270.0600,50
35858530661620,09:57:38.530,270.0600,50
35858817202552,09:57:38.817,270.0300,100
35858817202552,09:57:38.817,270.0200,172
35862969069066,09:57:42.969,270.0200,40
35862974477326,09:57:42.974,270.0200,145
35862974524858,09:57:42.974,270.0200,43
35862974544689,09:57:42.974,270.0200,100
35862974562434,09:57:42.974,270.0200,54
35862974565165,09:57:42.974,270.0200,100
35862993979662,09:57:42.993,270.0200,100
35862994057012,09:57:42.994,270.0200,46
35862994057012,09:57:42.994,270.0200,100
35863044171496,09:57:43.044,270.0200,50
35863116935297,09:57:43.116,270.0500,25
35863229233377,09:57:43.229,270.0500,75
35863229233377,09:57:43.229,270.0500,75
35865024344645,09:57:45.024,270.0500,25
35866352141431,09:57:46.352,270.0200,50
35866352141431,09:57:46.352,270.0200,50
35866352141431,09:57:46.352,270.0200,100
35866352141431,09:57:46.352,270.0100,100
35866352670356,09:57:46.352,270.0000,20
35866352670356,09:57:46.352,270.0000,5
35866353632747,09:57:46.353,269.9900,100
35879031678868,09:57:59.031,270.0050,100
35879031688729,09:57:59.031,270.0050,100
35879031977224,09:57:59.031,270.0050,3
35879031977224,09:57:59.031,270.0800,97
35879031979276,09:57:59.031,270.0800,3
35879032461520,09:57:59.032,270.1000,3
35881735826798,09:58:01.735,270.0800,100
35881735866401,09:58:01.735,270.0800,2
35882003410517,09:58:02.003,270.0800,13
35894566893090,09:58:14.566,270.0800,8
35894566924053,09:58:14.566,270.0800,17
35894567825692,09:58:14.567,270.1050,50
35894567878271,09:58:14.567,270.1050,100
35894578902753,09:58:14.578,270.1100,100
35895972020861,09:58:15.972,270.0800,100
35895972033154,09:58:15.972,270.1100,15
35900209496498,09:58:20.209,270.0800,30
35901757735979,09:58:21.757,270.0800,20
35901757735979,09:58:21.757,270.0800,3
35901757735979,09:58:21.757,270.0800,1
35901757735979,09:58:21.757,270.0800,76
35912804163940,09:58:32.804,270.0400,50
35912804163940,09:58:32.804,270.0400,35
35924613499215,09:58:44.613,270.0300,100
35924613575329,09:58:44.613,270.0300,1
35924946804863,09:58:44.946,270.0800,100
35925024112393,09:58:45.024,270.0700,25
35926919720319,09:58:46.919,270.0700,20
35927533902521,09:58:47.533,270.0400,35
35927533902521,09:58:47.533,270.0300,199
35927533902521,09:58:47.533,270.0300,100
35927533902521,09:58:47.533,270.0300,166
35927534575225,09:58:47.534,270.0600,100
35927534606048,09:58:47.534,270.0300,195
35927534652714,09:58:47.534,270.0300,39
35927636075241,09:58:47.636,270.0700,100
35927636510582,09:58:47.636,270.0700,100
35927637197057,09:58:47.637,270.0700,55
35927637197057,09:58:47.637,270.0800,45
35927637226231,09:58:47.637,270.0800,55
35928037303624,09:58:48.037,270.1150,100
35930716625623,09:58:50.716,270.1300,100
35930716689838,09:58:50.716,270.1300,23
35930716888880,09:58:50.716,270.1400,100
35937053115105,09:58:57.053,270.1350,101
35937053719717,09:58:57.053,270.1350,101
35937643927232,09:58:57.643,270.1350,29
35937643927232,09:58:57.643,270.1600,59
35937644015418,09:58:57.644,270.1600,41
35937644015418,09:58:57.644,270.1600,1
35937644044591,09:58:57.644,270.1600,100
35937644253939,09:58:57.644,270.1800,50
35937644806833,09:58:57.644,270.1800,50
35937645154038,09:58:57.645,270.1800,10
35939671586608,09:58:59.671,270.2300,100
35939671586608,09:58:59.671,270.2300,100
35939671956300,09:58:59.671,270.2500,100
35939671988287,09:58:59.671,270.2500,9
35939671988287,09:58:59.671,270.2500,91
35939672118117,09:58:59.672,270.2500,9
35939672118117,09:58:59.672,270.2500,100
35943894245740,09:59:03.894,270.2200,4
35943894245740,09:59:03.894,270.2100,1
35944004974329,09:59:04.004,270.2100,100
35944291115889,09:59:04.291,270.1700,88
35944291160665,09:59:04.291,270.1700,12
35944291193002,09:59:04.291,270.1500,80
35944291221904,09:59:04.291,270.1500,20
35951178981682,09:59:11.178,270.1000,28
35951480975901,09:59:11.480,270.1000,172
35951480975901,09:59:11.480,270.1000,28
35951481006929,09:59:11.481,270.1000,72
35951481015503,09:59:11.481,270.1000,72
35951481112692,09:59:11.481,270.1000,34
35951481124800,09:59:11.481,270.1000,200
35951481205269,09:59:11.481,270.1000,28
35954755714979,09:59:14.755,270.1600,100
35954764639306,09:59:14.764,270.1700,100
35970095455307,09:59:30.095,270.1200,179
35970095477217,09:59:30.095,270.1200,121
35970095477217,09:59:30.095,270.1200,24
35970095485457,09:59:30.095,270.1200,28
35970095520738,09:59:30.095,270.1200,48
35970095520738,09:59:30.095,270.1200,52
35970095523742,09:59:30.095,270.1200,48
35970095523742,09:59:30.095,270.1200,52
35970095539610,09:59:30.095,270.1200,100
35970095553540,09:59:30.095,270.1200,48
35970187414800,09:59:30.187,269.9700,1
35971642982837,09:59:31.642,270.0200,32
35983000415380,09:59:43.000,269.9200,100
35983000415380,09:59:43.000,269.9100,100
35983338853975,09:59:43.338,269.9000,2
35993093122169,09:59:53.093,269.9000,69
35993093191039,09:59:53.093,269.9000,31
35993093191039,09:59:53.093,269.9000,2
35993093264195,09:59:53.093,269.8800,125
35993093525814,09:59:53.093,269.9000,100
35993506456422,09:59:53.506,269.7600,50
35993506456422,09:59:53.506,269.7500,90
35998188429696,09:59:58.188,269.9500,100
35998188429696,09:59:58.188,269.9500,75
35998188463191,09:59:58.188,269.9500,25
35998188475213,09:59:58.188,269.9600,1
35998189535952,09:59:58.189,270.0200,88
35998189565596,09:59:58.189,270.0200,12
36010850176593,10:00:10.850,269.8700,8
36010850177868,10:00:10.850,269.8700,8
36013651197841,10:00:13.651,269.9600,15
36013651197841,10:00:13.651,269.9600,47
36037049353840,10:00:37.049,269.9900,49
36037049353840,10:00:37.049,270.0200,87
36037050409713,10:00:37.050,270.0100,100
36043749864375,10:00:43.749,269.9300,100
36043749864375,10:00:43.749,269.8800,200
36043749864375,10:00:43.749,269.8800,3
36043749864375,10:00:43.749,269.8800,2
36043749864375,10:00:43.749,269.8800,100
36043749864375,10:00:43.749,269.8800,79
36043750322824,10:00:43.750,269.8800,6
36043750358244,10:00:43.750,269.8800,115
36043751444835,10:00:43.751,269.8700,100
36043765419008,10:00:43.765,269.8400,100
36047180438052,10:00:47.180,269.8000,3
36047256281399,10:00:47.256,269.7300,100
36047256281399,10:00:47.256,269.7300,100
36047256281399,10:00:47.256,269.7200,30
36047257218147,10:00:47.257,269.6900,70
36047257244849,10:00:47.257,269.6900,330
36047257244849,10:00:47.257,269.6900,30
36051754039573,10:00:51.754,269.6100,50
36051793620363,10:00:51.793,269.6000,18
36051793791999,10:00:51.793,269.6000,12
36051793791999,10:00:51.793,269.6000,1
36058766041242,10:00:58.766,269.6000,100
36059383190077,10:00:59.383,269.6300,6
36060887115406,10:01:00.887,269.6000,275
36060903847535,10:01:00.903,269.5300,10
36060922887420,10:01:00.922,269.4400,30
36060922899669,10:01:00.922,269.4500,100
36060937864334,10:01:00.937,269.3600,100
36060937864334,10:01:00.937,269.3600,30
36060945518356,10:01:00.945,269.3500,16
36067678358094,10:01:07.678,269.4750,21
36087351970172,10:01:27.351,269.5200,50
36087351970172,10:01:27.351,269.4800,30
36087351970172,10:01:27.351,269.4800,3
36087351970172,10:01:27.351,269.4800,1
36087351970172,10:01:27.351,269.4600,100
36112502558204,10:01:52.502,269.4900,150
36112502558204,10:01:52.502,269.4800,30
36112502558204,10:01:52.502,269.4800,7
36112502558204,10:01:52.502,269.4800,13
36122606371980,10:02:02.606,269.4800,100
36126833358858,10:02:06.833,269.4400,100
36126833358858,10:02:06.833,269.4300,3
36126833358858,10:02:06.833,269.4300,100
36126833743914,10:02:06.833,269.4300,61
36126833793654,10:02:06.833,269.4300,39
36130565411725,10:02:10.565,269.5100,7
36141666808707,10:02:21.666,269.3300,33
36155784442277,10:02:35.784,269.4200,21
36155784471888,10:02:35.784,269.4200,49
36156946027399,10:02:36.946,269.3800,6
36162976701473,10:02:42.976,269.3400,100
36162976778693,10:02:42.976,269.3400,1
36166687404227,10:02:46.687,269.2800,100
36166687404227,10:02:46.687,269.2800,3
36166687874141,10:02:46.687,269.2700,96
36166689560343,10:02:46.689,269.2700,4
36166692174124,10:02:46.692,269.2600,19
36166692493748,10:02:46.692,269.2600,11
36166694922974,10:02:46.694,269.2100,100
36174606845323,10:02:54.606,269.0700,3
36175628732006,10:02:55.628,269.2100,50
36187654920047,10:03:07.654,269.2100,1
36223034208873,10:03:43.034,269.0500,50
36223034208873,10:03:43.034,269.0400,100
36223034208873,10:03:43.034,269.0300,50
36226063778940,10:03:46.063,269.1600,11
36226063800785,10:03:46.063,269.1600,89
36226063800785,10:03:46.063,269.1600,100
36226063800785,10:03:46.063,269.1600,100
36226063800785,10:03:46.063,269.1600,100
36226064250982,10:03:46.064,269.1800,100
36226064250982,10:03:46.064,269.1800,100
36226064265018,10:03:46.064,269.1800,100
36226076122864,10:03:46.076,269.1900,8
36226093171321,10:03:46.093,269.1900,92
36226093171321,10:03:46.093,269.1900,8
36226102231246,10:03:46.102,269.1400,100
36227784317667,10:03:47.784,269.0900,33
36250896823997,10:04:10.896,269.0200,100
36250896970092,10:04:10.896,269.0000,150
36250896970092,10:04:10.896,269.0000,50
36250896970092,10:04:10.896,269.0000,200
36250896970092,10:04:10.896,269.0000,100
36255325433132,10:04:15.325,268.9000,2
36255326023851,10:04:15.326,268.8800,83
36266197540974,10:04:26.197,268.9600,90
36266197743659,10:04:26.197,268.9600,18
36266197743659,10:04:26.197,268.9600,2
36266197743659,10:04:26.197,268.9600,21
36266197829694,10:04:26.197,268.9700,100
36266197829694,10:04:26.197,268.9700,12
36266762905680,10:04:26.762,269.0000,50
36278375936595,10:04:38.375,268.9800,100
36280023780378,10:04:40.023,268.9900,25
36280384802451,10:04:40.384,268.9200,1
36280384802451,10:04:40.384,268.9200,7
36280385623600,10:04:40.385,268.9100,7
36284029919273,10:04:44.029,268.8600,2
36284029919273,10:04:44.029,268.8600,86
36284029951418,10:04:44.029,268.8600,14
36285490920285,10:04:45.490,268.8400,100
36307217762446,10:05:07.217,268.8000,100
36312111618069,10:05:12.111,268.7000,100
36332482849207,10:05:32.482,268.6000,100
36332482849207,10:05:32.482,268.6100,11
36332482900166,10:05:32.482,268.6100,89
36332482900166,10:05:32.482,268.6100,100
36332482900166,10:05:32.482,268.6100,11
36332482935207,10:05:32.482,268.6100,89
36332482935207,10:05:32.482,268.6100,100
36332488413893,10:05:32.488,268.5700,50
36332488413893,10:05:32.488,268.5400,50
36332488467192,10:05:32.488,268.5400,50
36333603828457,10:05:33.603,268.6500,50
36333603828457,10:05:33.603,268.6800,50
36333603828457,10:05:33.603,268.6900,200
36333603828457,10:05:33.603,268.6900,50
36333603828457,10:05:33.603,268.7000,100
36333603828457,10:05:33.603,268.7000,100
36333603828457,10:05:33.603,268.7000,50
36333604393747,10:05:33.604,268.7000,100
36333604393747,10:05:33.604,268.7000,40
36333604422511,10:05:33.604,268.6900,60
36333604427903,10:05:33.604,268.6900,31
36333604439573,10:05:33.604,268.6900,9
36333604439573,10:05:33.604,268.7000,51
36333604479711,10:05:33.604,268.7000,9
36333604479711,10:05:33.604,268.7000,51
36333604498606,10:05:33.604,268.7000,49
36339290077340,10:05:39.290,268.5500,100
36339290153453,10:05:39.290,268.5500,91
36339290210205,10:05:39.290,268.5400,100
36339290241593,10:05:39.290,268.5400,3
36339290294623,10:05:39.290,268.5200,100
36339290357918,10:05:39.290,268.5200,100
36347228994496,10:05:47.228,268.4600,100
36347236381034,10:05:47.236,268.3900,100
36366288787600,10:06:06.288,268.5500,31
36366288837174,10:06:06.288,268.5500,31
36366288941903,10:06:06.288,268.5700,29
36366288941903,10:06:06.288,268.5700,2
36366289149873,10:06:06.289,268.5400,28
36366289366993,10:06:06.289,268.5700,50
36366289383591,10:06:06.289,268.5900,100
36366289383591,10:06:06.289,268.5900,12
36366289426828,10:06:06.289,268.5900,2
36366289426828,10:06:06.289,268.5900,3
36366291124565,10:06:06.291,268.5400,12
36370206416325,10:06:10.206,268.5700,2
36386040980607,10:06:26.040,268.6100,16
36386932075629,10:06:26.932,268.6100,50
36388383379752,10:06:28.383,268.4900,50
36388383379752,10:06:28.383,268.4800,50
36403126093861,10:06:43.126,268.4600,100
36403126154587,10:06:43.126,268.4700,100
36403126164150,10:06:43.126,268.4600,100
36403126239669,10:06:43.126,268.4600,53
36403126239669,10:06:43.126,268.4600,47
36403126340503,10:06:43.126,268.4600,2
36403126529467,10:06:43.126,268.4600,100
36403126592714,10:06:43.126,268.4600,51
36403126592714,10:06:43.126,268.4400,2
36407176646871,10:06:47.176,268.3400,37
36407176646871,10:06:47.176,268.3400,100
36407176646871,10:06:47.176,268.3400,3
36434585750740,10:07:14.585,268.4300,14
36437417753404,10:07:17.417,268.5200,6
36440497578371,10:07:20.497,268.4000,100
36440497613258,10:07:20.497,268.4000,5
36452324388332,10:07:32.324,268.3400,100
36452325733552,10:07:32.325,268.3200,30
36452325791080,10:07:32.325,268.3000,100
36465592000135,10:07:45.592,268.2800,38
36465592000135,10:07:45.592,268.2900,21
36468839228907,10:07:48.839,268.2600,100
36468839260577,10:07:48.839,268.2600,50
36480065123614,10:08:00.065,268.2500,5
36480065129938,10:08:00.065,268.2500,5
36480065130799,10:08:00.065,268.2500,5
36480065157483,10:08:00.065,268.2500,90
36521751638919,10:08:41.751,268.2700,5
36521751638919,10:08:41.751,268.2500,46
36527263054293,10:08:47.263,268.2800,50
36527263054293,10:08:47.263,268.3000,50
36534001001348,10:08:54.001,268.1600,50
36534001001348,10:08:54.001,268.1400,46
36553571385107,10:09:13.571,268.2000,98
36553571698232,10:09:13.571,268.1900,100
36553571698232,10:09:13.571,268.1900,21
36553571788179,10:09:13.571,268.1900,79
36556598476567,10:09:16.598,268.2300,10
36564275704552,10:09:24.275,268.2600,2
36588782955988,10:09:48.782,268.3700,8
36588782955988,10:09:48.782,268.3700,92
36592006653510,10:09:52.006,268.3700,100
36592160084281,10:09:52.160,268.3700,8
36592160084281,10:09:52.160,268.4100,92
36592160085808,10:09:52.160,268.4100,8
36593394542272,10:09:53.394,268.4300,10
36593394772805,10:09:53.394,268.4400,100
36593394772805,10:09:53.394,268.4400,100
36593394806810,10:09:53.394,268.4600,45
36593394814863,10:09:53.394,268.4600,55
36593987803144,10:09:53.987,268.5100,25
36593987831678,10:09:53.987,268.5100,75
36593987831678,10:09:53.987,268.5100,100
36593987831678,10:09:53.987,268.5100,100
36593987831678,10:09:53.987,268.5100,100
36624042778556,10:10:24.042,268.4400,1
36629203839586,10:10:29.203,268.5100,25
36629204391743,10:10:29.204,268.5100,75
36629204391743,10:10:29.204,268.5100,15
36637944737174,10:10:37.944,268.5900,2
36637944759246,10:10:37.944,268.6000,20
36637944759246,10:10:37.944,268.6000,80
36637944767130,10:10:37.944,268.6000,20
36644768834702,10:10:44.768,268.6600,100
36644768834702,10:10:44.768,268.6600,100
36651679567115,10:10:51.679,268.6200,10
36651679567115,10:10:51.679,268.6100,80
36662722153965,10:11:02.722,268.8100,25
36662722920943,10:11:02.722,268.8400,2
36662722947365,10:11:02.722,268.8400,182
36662722947365,10:11:02.722,268.8400,100
36662722947365,10:11:02.722,268.8400,100
36667006065926,10:11:07.006,268.8200,50
36667006095041,10:11:07.006,268.8200,50
36669342555197,10:11:09.342,268.8400,100
36673871627053,10:11:13.871,268.9000,30
36674722101683,10:11:14.722,268.9600,28
36675007258001,10:11:15.007,268.9000,100
36684645377248,10:11:24.645,268.8000,3
36708671556492,10:11:48.671,268.7800,10
36708671556492,10:11:48.671,268.7700,40
36723259898738,10:12:03.259,268.8700,100
36733102745980,10:12:13.102,268.9200,8
36747866908079,10:12:27.866,268.8900,50
36747866908079,10:12:27.866,268.9200,50
36747888294044,10:12:27.888,268.9500,8
36747900002490,10:12:27.900,268.9500,2
36747900002490,10:12:27.900,268.9500,100
36747901806277,10:12:27.901,268.9600,37
36747901833430,10:12:27.901,268.9600,63
36747901833430,10:12:27.901,268.9600,1
36747902538138,10:12:27.902,268.9900,24
36747902567309,10:12:27.902,268.9900,76
36747902625766,10:12:27.902,269.0000,200
36747906443611,10:12:27.906,268.9300,50
36747906443611,10:12:27.906,268.9200,29
36747913700239,10:12:27.913,269.0900,50
36747926394517,10:12:27.926,269.0900,30
36747926951908,10:12:27.926,269.0900,20
36747926951908,10:12:27.926,269.1000,10
36747926982306,10:12:27.926,269.1000,20
36747940795408,10:12:27.940,269.0900,30
36747940795408,10:12:27.940,269.0900,20
36747951225782,10:12:27.951,269.0900,10
36747951805938,10:12:27.951,269.0900,10
36747951835612,10:12:27.951,269.0900,16
36756128167220,10:12:36.128,269.0000,46
36760350564154,10:12:40.350,269.0600,2
36762329426940,10:12:42.329,268.9500,1
36762331266277,10:12:42.331,268.9400,76
36762331404551,10:12:42.331,268.9400,24
36762351393888,10:12:42.351,268.9000,100
36769105285510,10:12:49.105,268.9300,30
36769105285510,10:12:49.105,268.9300,100
36783764590577,10:13:03.764,269.0000,100
36793545543605,10:13:13.545,268.9900,19
36793546333047,10:13:13.546,269.0200,3
36796335769451,10:13:16.335,268.9400,50
36796335769451,10:13:16.335,268.9400,43
36798555895576,10:13:18.555,269.0400,1
36825005968087,10:13:45.005,269.0800,100
36826261978827,10:13:46.261,269.0000,100
36826902045836,10:13:46.902,269.0300,11
36852261732152,10:14:12.261,269.0600,20
36852262287022,10:14:12.262,269.0700,100
36852262287022,10:14:12.262,269.0700,4
36852262287022,10:14:12.262,269.0700,2
36852262379412,10:14:12.262,269.0700,32
36852262759400,10:14:12.262,269.0700,3
36854118769765,10:14:14.118,269.0300,36
36855241678515,10:14:15.241,269.0300,100
36855242439457,10:14:15.242,269.0000,30
36869576585714,10:14:29.576,269.0500,4
36869592938671,10:14:29.592,269.0600,2
36869669767848,10:14:29.669,269.0100,100
36869678853265,10:14:29.678,269.0200,4
36884004676349,10:14:44.004,269.0700,100
36884204796768,10:14:44.204,269.0800,27
36884244579731,10:14:44.244,269.1700,50
36884244579731,10:14:44.244,269.1700,50
36885534043754,10:14:45.534,269.1800,50
36885534043754,10:14:45.534,269.1900,2
36885534851817,10:14:45.534,269.2000,48
36888156520416,10:14:48.156,269.0700,100
36888156520416,10:14:48.156,269.0700,5
36888156520416,10:14:48.156,269.0700,1
36888184630931,10:14:48.184,269.0200,1
36888486234439,10:14:48.486,269.0100,2
36890977493524,10:14:50.977,269.0800,50
36890977493524,10:14:50.977,269.0900,41
36890977493524,10:14:50.977,269.0900,50
36890977493524,10:14:50.977,269.1000,59
36902652181040,10:15:02.652,268.9400,100
36902657204083,10:15:02.657,268.9400,25
36903819491162,10:15:03.819,268.8900,100
36904169188796,10:15:04.169,268.9700,1
36911742528179,10:15:11.742,268.8800,100
36911747437014,10:15:11.747,268.9900,100
36920768512281,10:15:20.768,269.0400,50
36920768512281,10:15:20.768,269.0400,50
36924356473897,10:15:24.356,268.8900,100
36924356502298,10:15:24.356,268.8900,4
36924471483390,10:15:24.471,268.8300,20
36924471483390,10:15:24.471,268.8300,5
36925542008504,10:15:25.542,268.8900,9
36929808112569,10:15:29.808,268.8100,60
36929808139819,10:15:29.808,268.8100,40
36929813993936,10:15:29.813,268.8300,50
36929813993936,10:15:29.813,268.8400,50
36929857778530,10:15:29.857,268.7100,1
36930567341169,10:15:30.567,268.7400,100
36936069491978,10:15:36.069,268.7600,50
36936069491978,10:15:36.069,268.8000,50
36936080563366,10:15:36.080,268.8000,50
36936082127966,10:15:36.082,268.8200,100
36936082180465,10:15:36.082,268.8300,100
36936082253304,10:15:36.082,268.8400,1
36936082253304,10:15:36.082,268.8400,10
36943932989435,10:15:43.932,268.8900,100
36943933071372,10:15:43.933,268.9100,90
36943933126440,10:15:43.933,268.9100,10
36945907593608,10:15:45.907,268.8600,30
36945907648321,10:15:45.907,268.8800,100
36947794347567,10:15:47.794,268.8900,100
36947794441675,10:15:47.794,268.9100,50
36947794686372,10:15:47.794,268.8900,50
36947794805788,10:15:47.794,268.9000,69
36949508490286,10:15:49.508,268.9100,100
36949509021750,10:15:49.509,268.9300,30
36949509089436,10:15:49.509,268.9300,25
36949509260489,10:15:49.509,268.9300,45
36949509270948,10:15:49.509,268.9400,1
36949885733560,10:15:49.885,269.0100,100
36950888358777,10:15:50.888,269.0000,100
36955816565553,10:15:55.816,268.9600,50
36965721178152,10:16:05.721,268.9900,100
36968221685393,10:16:08.221,268.9800,25
36968221775024,10:16:08.221,268.9800,30
36968467557468,10:16:08.467,268.9500,31
36968467849466,10:16:08.467,268.9500,69
36968756722319,10:16:08.756,268.9400,46
36978469945061,10:16:18.469,268.9700,100
36978469976837,10:16:18.469,268.9900,100
36978469976837,10:16:18.469,268.9900,100
36978469976837,10:16:18.469,268.9900,2
36978469976837,10:16:18.469,268.9900,2
36978469976837,10:16:18.469,268.9900,100
36980926626213,10:16:20.926,269.0600,100
36995738847127,10:16:35.738,269.0700,100
37034681913125,10:17:14.681,269.0000,100
37034733187740,10:17:14.733,269.0000,5
37034733187740,10:17:14.733,268.9800,95
37034734337639,10:17:14.734,268.9800,5
37035267779060,10:17:15.267,269.0000,26
37035267779060,10:17:15.267,269.0100,4
37035501571736,10:17:15.501,269.0100,96
37035501571736,10:17:15.501,269.0100,4
37035501654769,10:17:15.501,269.0100,20
37035508006980,10:17:15.508,269.1100,100
37036875521927,10:17:16.875,269.1000,75
37040350324288,10:17:20.350,269.1000,100
37055415521369,10:17:35.415,269.0900,50
37055415521369,10:17:35.415,269.1000,50
37064543698839,10:17:44.543,269.0200,46
37080367780752,10:18:00.367,268.9700,1
37080367780752,10:18:00.367,268.9700,1
37080369259179,10:18:00.369,268.9700,1
37080991215580,10:18:00.991,269.0000,100
37080991308989,10:18:00.991,269.0100,100
37084005008802,10:18:04.005,269.0300,200
37084005008802,10:18:04.005,269.0400,41
37084005019936,10:18:04.005,269.0100,100
37084005046909,10:18:04.005,269.0400,59
37084005046909,10:18:04.005,269.0400,100
37084005046909,10:18:04.005,269.0400,39
37084005046909,10:18:04.005,269.0400,2
37084005048266,10:18:04.005,269.0400,100
37084005084819,10:18:04.005,269.0300,50
37084006214892,10:18:04.006,269.0500,20
37084006214892,10:18:04.006,269.0500,2
37084007089395,10:18:04.007,269.0800,100
37084007089395,10:18:04.007,269.0900,11
37084007116533,10:18:04.007,269.0900,89
37084007116533,10:18:04.007,269.0900,10
37084007219976,10:18:04.007,269.1000,50
37084699493236,10:18:04.699,269.1100,1
37084699524164,10:18:04.699,269.1100,99
37084699524164,10:18:04.699,269.1100,1
37086379764447,10:18:06.379,269.0500,50
37087383217485,10:18:07.383,268.9500,100
37087389676143,10:18:07.389,268.9000,100
37087389987900,10:18:07.389,268.9000,100
37087395592917,10:18:07.395,268.9400,13
37087395611976,10:18:07.395,268.9400,7
37087399071185,10:18:07.399,268.9000,34
37089850127162,10:18:09.850,268.8700,100
37089854088736,10:18:09.854,268.9200,100
37093303115333,10:18:13.303,268.8000,100
37093995075410,10:18:13.995,268.7600,100
37093995075410,10:18:13.995,268.7500,12
37094094074474,10:18:14.094,268.7500,63
37095018602704,10:18:15.018,268.8000,15
37098164584762,10:18:18.164,268.8500,1
37115432169446,10:18:35.432,268.7600,50
37115432169446,10:18:35.432,268.7500,50
37115432169446,10:18:35.432,268.7400,100
37115432169446,10:18:35.432,268.7400,50
37115432169446,10:18:35.432,268.7400,50
37115432169446,10:18:35.432,268.7300,87
37119178435506,10:18:39.178,268.8200,4
37124309414398,10:18:44.309,268.7400,50
37124309414398,10:18:44.309,268.7400,50
37134958416429,10:18:54.958,268.7400,50
37134958416429,10:18:54.958,268.7300,100
37134958416429,10:18:54.958,268.7300,50
37143635352069,10:19:03.635,268.6500,38
37150974599875,10:19:10.974,268.8300,9
37160910112186,10:19:20.910,269.0100,50
37160910112186,10:19:20.910,269.0400,50
37181317788155,10:19:41.317,268.9800,100
37184419617278,10:19:44.419,269.0900,10
37190574399433,10:19:50.574,269.0000,100
37190574399433,10:19:50.574,269.0000,100
37190984906498,10:19:50.984,268.9500,1
37194492783911,10:19:54.492,269.0000,26
37194492842246,10:19:54.492,269.0000,74
37220815894749,10:20:20.815,268.9800,50
37232109176196,10:20:32.109,269.0400,1
37233229542927,10:20:33.229,269.1000,100
37233229653745,10:20:33.229,269.1100,100
37233229653745,10:20:33.229,269.1100,200
37233229653745,10:20:33.229,269.1100,27
37233229728392,10:20:33.229,269.1100,10
37233299482527,10:20:33.299,269.1200,1
37234035534831,10:20:34.035,269.1300,10
37241010555625,10:20:41.010,269.1100,100
37241029143986,10:20:41.029,269.0800,5
37248035186070,10:20:48.035,269.1300,19
37258478535759,10:20:58.478,269.0100,100
37260023632118,10:21:00.023,268.9600,100
37275480165617,10:21:15.480,268.7800,2
37322914693893,10:22:02.914,268.9400,30
37322914801596,10:22:02.914,268.9500,10
37322914828988,10:22:02.914,268.9500,90
37322914828988,10:22:02.914,268.9500,100
37322915188148,10:22:02.915,268.9600,61
37322915276602,10:22:02.915,268.9600,39
37323775779443,10:22:03.775,268.9500,100
37340216921482,10:22:20.216,268.9500,46
37344006092186,10:22:24.006,268.9500,32
37344006093615,10:22:24.006,268.9500,68
37347195207033,10:22:27.195,268.8600,84
37347195233222,10:22:27.195,268.8600,16
37350749089575,10:22:30.749,268.8400,100
37353292868234,10:22:33.292,268.9100,16
37353293058720,10:22:33.293,268.9100,3
37363294352552,10:22:43.294,268.9800,10
37363294352552,10:22:43.294,268.9800,90
37363294449126,10:22:43.294,268.9800,10
37366047996733,10:22:46.047,268.9900,17
37368524661276,10:22:48.524,268.9800,131
37370166551089,10:22:50.166,268.9900,83
37370166551089,10:22:50.166,268.9900,17
37370166636575,10:22:50.166,268.9900,83
37370166636575,10:22:50.166,268.9900,2
37370166636575,10:22:50.166,268.9900,2
37370166636575,10:22:50.166,268.9900,4
37372626603080,10:22:52.626,268.9300,1
37372630771303,10:22:52.630,268.8900,100
37372630837299,10:22:52.630,268.8700,100
37410147848996,10:23:30.147,268.9200,50
37410147848996,10:23:30.147,268.9300,50
37415220024939,10:23:35.220,268.9500,20
37415220024939,10:23:35.220,268.9500,200
37415477051340,10:23:35.477,268.9800,91
37415477092809,10:23:35.477,268.9800,9
37415477392250,10:23:35.477,268.9400,50
37420179279644,10:23:40.179,268.9600,100
37420179363524,10:23:40.179,268.9600,60
37425406791704,10:23:45.406,268.9600,4
37426058198208,10:23:46.058,268.9700,100
37426058234403,10:23:46.058,268.9700,20
37426058234403,10:23:46.058,268.9700,11
37426058257200,10:23:46.058,268.9700,89
37426059386563,10:23:46.059,268.9900,74
37426059467269,10:23:46.059,268.9900,22
37426059467269,10:23:46.059,268.9900,52
37426059524598,10:23:46.059,268.9900,48
37426059524598,10:23:46.059,268.9900,26
37427210567143,10:23:47.210,268.9900,45
37427491966060,10:23:47.491,268.9900,29
37427491966060,10:23:47.491,268.9900,75
37427491966060,10:23:47.491,268.9900,96
37427491998236,10:23:47.491,268.9900,4
37427492008775,10:23:47.492,268.9900,4
37427492045016,10:23:47.492,268.9900,4
37427493527708,10:23:47.493,268.9900,96
37427493527708,10:23:47.493,268.9900,4
37427493590155,10:23:47.493,268.9900,48
37427507470343,10:23:47.507,268.9700,100
37427507534231,10:23:47.507,268.9600,9
37430443487261,10:23:50.443,268.9600,2
37430443487261,10:23:50.443,268.9900,48
37430443487261,10:23:50.443,268.9900,50
37436525496841,10:23:56.525,268.9000,100
37436526314361,10:23:56.526,268.8700,100
37448011200277,10:24:08.011,268.8600,100
37455904149202,10:24:15.904,268.9100,5
37458876477480,10:24:18.876,268.9100,100
37458877301066,10:24:18.877,268.8800,84
37458891764099,10:24:18.891,268.7900,6
37468773033183,10:24:28.773,268.8400,73
37491554424895,10:24:51.554,268.8400,100
37491554424895,10:24:51.554,268.8400,100
37492294783495,10:24:52.294,268.8500,96
37492294813128,10:24:52.294,268.8500,4
37492294813128,10:24:52.294,268.8500,1
37494085052428,10:24:54.085,268.8100,1
37494086321972,10:24:54.086,268.7800,100
37494087679423,10:24:54.087,268.7700,100
37494107642801,10:24:54.107,268.7700,25
37514489903376,10:25:14.489,268.8000,100
37517411120495,10:25:17.411,268.7500,25
37517411120495,10:25:17.411,268.7500,31
37517411120495,10:25:17.411,268.7400,44
37517909767147,10:25:17.909,268.7400,56
37539754436758,10:25:39.754,268.8400,27
37539754750913,10:25:39.754,268.8400,10
37541698307120,10:25:41.698,268.8700,26
37541698343964,10:25:41.698,268.8700,74
37541698343964,10:25:41.698,268.8700,100
37541698343964,10:25:41.698,268.8700,1
37541698418605,10:25:41.698,268.8700,8
37541698463043,10:25:41.698,268.8700,92
37545799859480,10:25:45.799,268.8600,100
37545799888305,10:25:45.799,268.8600,50
37545799890755,10:25:45.799,268.8600,50
37550139082181,10:25:50.139,268.9000,100
37550139082181,10:25:50.139,268.9000,30
37550139109779,10:25:50.139,268.9000,70
37560179454197,10:26:00.179,268.9800,1
37560179454197,10:26:00.179,268.9800,1
37563339531315,10:26:03.339,268.9900,50
37563339531315,10:26:03.339,268.9900,5
37563339531315,10:26:03.339,268.9900,3
37563339586768,10:26:03.339,269.0000,1
37566276016795,10:26:06.276,269.0400,100
37566278515412,10:26:06.278,269.0600,8
37591815346743,10:26:31.815,269.0100,100
37591815991836,10:26:31.815,268.9600,25
37631231047252,10:27:11.231,268.9800,100
37663316896250,10:27:43.316,269.0000,100
37663316896250,10:27:43.316,269.0000,3
37663332174406,10:27:43.332,269.0800,1
37674856208731,10:27:54.856,269.0500,100
37674856306090,10:27:54.856,269.0500,6
37674856319930,10:27:54.856,269.0500,6
37674856601153,10:27:54.856,269.0300,6
37701006138564,10:28:21.006,269.2500,2
37701007933999,10:28:21.007,269.2900,98
37704005989857,10:28:24.005,269.2900,50
37704006020304,10:28:24.006,269.2900,50
37731274512372,10:28:51.274,269.1400,1
37731274512372,10:28:51.274,269.1400,100
37763109814696,10:29:23.109,269.0900,4
37763109814696,10:29:23.109,269.0900,96
37768004052213,10:29:28.004,269.0100,100
