timestamp,time,price,volume
34199956881164,09:29:59.956,91.8500,112
34200292468375,09:30:00.292,91.8300,20429
34245940142371,09:30:45.940,91.6500,66
34245940200252,09:30:45.940,91.6400,100
34245941912932,09:30:45.941,91.5900,28
34245943102087,09:30:45.943,91.5900,266
34245943102087,09:30:45.943,91.5900,134
34245943143437,09:30:45.943,91.5900,37
34245943723014,09:30:45.943,91.5900,100
34245943763841,09:30:45.943,91.5900,2
34246190112176,09:30:46.190,91.6400,100
34246190185819,09:30:46.190,91.5900,100
34246190322871,09:30:46.190,91.5900,100
34246190635116,09:30:46.190,91.5900,100
34246230641894,09:30:46.230,91.5400,100
34246768976628,09:30:46.768,91.5300,100
34246768976628,09:30:46.768,91.5300,53
34246768976628,09:30:46.768,91.5300,47
34247392683091,09:30:47.392,91.4800,100
34248352976361,09:30:48.352,91.4800,26
34248352976361,09:30:48.352,91.4700,74
34249758681923,09:30:49.758,91.4700,100
34252369812196,09:30:52.369,91.4700,100
34252369877656,09:30:52.369,91.4700,200
34252369938200,09:30:52.369,91.4700,100
34252370333932,09:30:52.370,91.4700,200
34252370337075,09:30:52.370,91.4700,626
34252370337075,09:30:52.370,91.4700,273
34252370337075,09:30:52.370,91.4700,100
34253362543298,09:30:53.362,91.3400,100
34254461221040,09:30:54.461,91.3400,100
34256272042696,09:30:56.272,91.3100,100
34259544837115,09:30:59.544,91.3200,100
34259551492247,09:30:59.551,91.3200,62
34275380913670,09:31:15.380,91.6500,100
34275380913670,09:31:15.380,91.6500,100
34275381156191,09:31:15.381,91.6500,15
34275381433898,09:31:15.381,91.6700,100
34275381504891,09:31:15.381,91.7000,56
34275381532071,09:31:15.381,91.7000,44
34275381764215,09:31:15.381,91.7500,32
34275381764215,09:31:15.381,91.7500,68
34275385538669,09:31:15.385,91.6900,100
34275387159213,09:31:15.387,91.6800,100
34275545683337,09:31:15.545,91.6800,12
34295930481570,09:31:35.930,91.4700,14
34311701417026,09:31:51.701,91.7200,32
34311701417026,09:31:51.701,91.7300,18
34311701428516,09:31:51.701,91.7300,82
34311701428516,09:31:51.701,91.7300,18
34311701526675,09:31:51.701,91.7300,82
34311701597350,09:31:51.701,91.7400,100
34317113626891,09:31:57.113,91.8700,100
34327868121901,09:32:07.868,92.0000,15
34327868121901,09:32:07.868,92.0000,100
34327868121901,09:32:07.868,92.0000,70
34369591041785,09:32:49.591,91.8900,12
34370571338402,09:32:50.571,91.8900,50
34370571901432,09:32:50.571,91.8900,30
34370571901432,09:32:50.571,91.8700,70
34370571929893,09:32:50.571,91.8700,30
34442886150597,09:34:02.886,91.8100,100
34442886235118,09:34:02.886,91.8100,100
34442886285343,09:34:02.886,91.8100,100
34442886315215,09:34:02.886,91.8100,100
34442886344706,09:34:02.886,91.8100,100
34442886354199,09:34:02.886,91.8100,33
34442948846299,09:34:02.948,91.8300,173
34442948855789,09:34:02.948,91.8300,27
34442948860022,09:34:02.948,91.8300,27
34442948870534,09:34:02.948,91.8300,27
34442948885564,09:34:02.948,91.8300,46
34442948885564,09:34:02.948,91.8100,81
34442949169472,09:34:02.949,91.8100,19
34444894172271,09:34:04.894,91.8500,100
34444894172271,09:34:04.894,91.8500,100
34444895263409,09:34:04.895,91.8900,100
34444895296974,09:34:04.895,91.8900,100
34444895296974,09:34:04.895,91.8900,90
34444895296974,09:34:04.895,91.8900,10
34444895301254,09:34:04.895,91.8900,50
34444895502876,09:34:04.895,91.8900,40
34447869697013,09:34:07.869,91.8400,5
34447869722886,09:34:07.869,91.8400,195
34447869722886,09:34:07.869,91.8400,100
34447869722886,09:34:07.869,91.8400,100
34462979088334,09:34:22.979,91.8600,10
34462979088334,09:34:22.979,91.8800,90
34462979166171,09:34:22.979,91.8800,10
34462979207018,09:34:22.979,91.8800,90
34462979262254,09:34:22.979,91.8500,100
34462979474352,09:34:22.979,91.8500,200
34462979499293,09:34:22.979,91.8500,100
34468498071229,09:34:28.498,91.8000,55
34468498071229,09:34:28.498,91.8000,45
34469556647531,09:34:29.556,91.8000,55
34469556647531,09:34:29.556,91.8000,45
34473845863759,09:34:33.845,91.7700,55
34473847174153,09:34:33.847,91.7800,55
34482843095810,09:34:42.843,91.8400,100
34482843095810,09:34:42.843,91.8500,21
34482874285532,09:34:42.874,91.8500,100
34482874341490,09:34:42.874,91.8500,79
34495400523932,09:34:55.400,91.8500,100
34495401044954,09:34:55.401,91.8500,100
34500900275878,09:35:00.900,91.8500,100
34500900275878,09:35:00.900,91.8500,100
34500900320838,09:35:00.900,91.8500,27
34500900327871,09:35:00.900,91.8500,13
34500900327871,09:35:00.900,91.8500,27
34500900869723,09:35:00.900,91.8500,100
34500900912549,09:35:00.900,91.8500,48
34504601091553,09:35:04.601,91.8000,2
34515706059572,09:35:15.706,91.8700,20
34515706059572,09:35:15.706,91.8800,20
34515706315660,09:35:15.706,91.8400,46
34515706332103,09:35:15.706,91.8400,54
34515706339185,09:35:15.706,91.8400,54
34515706429253,09:35:15.706,91.8400,46
34515706735034,09:35:15.706,91.8000,100
34515706764845,09:35:15.706,91.8000,54
34515707228281,09:35:15.707,91.8000,50
34515756250571,09:35:15.756,91.8100,15
34515756250571,09:35:15.756,91.8100,45
34516845126807,09:35:16.845,91.7800,200
34516847132557,09:35:16.847,91.7500,1
34517250971797,09:35:17.250,91.7900,5
34517250971797,09:35:17.250,91.7900,24
34524103103510,09:35:24.103,91.7600,100
34528238305572,09:35:28.238,91.7600,39
34532510634118,09:35:32.510,91.7600,4
34532510855220,09:35:32.510,91.7600,8
34532510879187,09:35:32.510,91.7600,125
34532510879187,09:35:32.510,91.7600,100
34532511305717,09:35:32.511,91.7900,100
34575215088817,09:36:15.215,91.8100,100
34590602165658,09:36:30.602,91.8500,100
34590602447724,09:36:30.602,91.8600,100
34590602451572,09:36:30.602,91.8600,100
34601217386496,09:36:41.217,91.9100,100
34601217525359,09:36:41.217,91.9100,100
34601221746058,09:36:41.221,91.9600,100
34605402368929,09:36:45.402,92.0000,100
34605664759199,09:36:45.664,92.0400,19
34607050424585,09:36:47.050,92.0000,100
34612059626896,09:36:52.059,92.0400,81
34612059626896,09:36:52.059,92.0400,19
34612059977102,09:36:52.059,92.0600,100
34659327113326,09:37:39.327,91.9700,100
34659327647020,09:37:39.327,91.9400,100
34659376856456,09:37:39.376,91.9400,100
34664821793386,09:37:44.821,91.8900,8
34664922595787,09:37:44.922,91.8800,8
34675377777332,09:37:55.377,91.8800,8
34675378494668,09:37:55.378,91.8800,7
34679064283951,09:37:59.064,91.8800,8
34679065734435,09:37:59.065,91.8800,8
34679228009755,09:37:59.228,91.8800,8
34680604673469,09:38:00.604,91.8700,100
34682551831371,09:38:02.551,91.9200,100
34690192385379,09:38:10.192,91.9300,44
34690192385379,09:38:10.192,91.9300,100
34690192803377,09:38:10.192,91.9300,100
34690192855975,09:38:10.192,91.9700,100
34696475731689,09:38:16.475,92.0200,60
34696475747761,09:38:16.475,92.0200,40
34708489872113,09:38:28.489,91.8800,100
34708489872113,09:38:28.489,91.8800,100
34708489872113,09:38:28.489,91.8700,100
34708489909861,09:38:28.489,91.8700,80
34708489920853,09:38:28.489,91.8700,20
34708491958444,09:38:28.491,91.8400,100
34709171382894,09:38:29.171,91.8400,100
34716406161618,09:38:36.406,91.8600,100
34716406540397,09:38:36.406,91.8800,100
34719940316085,09:38:39.940,91.9100,19
34787039711473,09:39:47.039,92.0500,12
34804390181322,09:40:04.390,92.0900,3
34833209149464,09:40:33.209,92.1400,100
34836609605275,09:40:36.609,92.1100,82
34836609612210,09:40:36.609,92.1100,18
34840065652214,09:40:40.065,92.0700,11
34889015739387,09:41:29.015,92.1000,100
34889015739387,09:41:29.015,92.1100,100
34889015864081,09:41:29.015,92.1100,100
34889017968202,09:41:29.017,92.1500,1
34889017968202,09:41:29.017,92.1500,100
34889017968202,09:41:29.017,92.1500,100
34889017968202,09:41:29.017,92.1500,99
34889018007696,09:41:29.018,92.1500,1
34889018007696,09:41:29.018,92.1500,100
34889018007696,09:41:29.018,92.1500,17
34889018018482,09:41:29.018,92.1500,83
34889019700325,09:41:29.019,92.1700,100
34891126143305,09:41:31.126,92.1300,100
34891126143305,09:41:31.126,92.1300,45
34891126168839,09:41:31.126,92.1300,55
34899037125866,09:41:39.037,92.1800,26
34904943587346,09:41:44.943,92.1800,74
34904943749876,09:41:44.943,92.1600,100
34904949251383,09:41:44.949,92.1500,100
34904949251383,09:41:44.949,92.1500,200
34904949251383,09:41:44.949,92.1500,100
34905040125896,09:41:45.040,92.1500,100
34905231023638,09:41:45.231,92.1700,200
34905231494756,09:41:45.231,92.1500,10
34905231554127,09:41:45.231,92.1400,70
34905231557156,09:41:45.231,92.1400,30
34911684357731,09:41:51.684,92.1700,10
34922307580888,09:42:02.307,92.2000,100
34922307848038,09:42:02.307,92.2100,20
34928782644408,09:42:08.782,92.1800,100
34928782644408,09:42:08.782,92.1800,100
34928782988390,09:42:08.782,92.1800,100
34949032649016,09:42:29.032,92.1300,100
34949032673974,09:42:29.032,92.1300,100
34949032673974,09:42:29.032,92.1300,100
34949032673974,09:42:29.032,92.1300,59
34949032699124,09:42:29.032,92.1300,100
35017886423669,09:43:37.886,92.1500,5
35017890974657,09:43:37.890,92.1500,195
35017890974657,09:43:37.890,92.1500,100
35019443927770,09:43:39.443,92.0900,100
35021612535201,09:43:41.612,92.1000,100
35103539607199,09:45:03.539,92.1200,100
35103539692021,09:45:03.539,92.1300,100
35103539692838,09:45:03.539,92.1300,100
35103826971230,09:45:03.826,92.1300,7
35114002756407,09:45:14.002,92.1600,43
35114002763383,09:45:14.002,92.1600,50
35114002815369,09:45:14.002,92.1600,7
35114002815369,09:45:14.002,92.1600,2
35121219085086,09:45:21.219,92.1600,100
35121847816807,09:45:21.847,92.1700,100
35125847344541,09:45:25.847,92.1400,200
35125847344541,09:45:25.847,92.1400,100
35125847344541,09:45:25.847,92.1400,100
35125847344541,09:45:25.847,92.1400,200
35125847344541,09:45:25.847,92.1400,100
35125847344541,09:45:25.847,92.1400,100
35125847344541,09:45:25.847,92.1400,100
35125859631611,09:45:25.859,92.1300,50
35125859632351,09:45:25.859,92.1300,50
35179620088044,09:46:19.620,91.9900,70
35201829597495,09:46:41.829,91.9300,100
35206929493169,09:46:46.929,91.9600,100
35214185222924,09:46:54.185,92.0100,50
35214185235560,09:46:54.185,92.0100,20
35214185635120,09:46:54.185,92.0200,10
35214185671333,09:46:54.185,92.0200,50
35214185707234,09:46:54.185,92.0200,40
35214185707234,09:46:54.185,92.0200,100
35233232521938,09:47:13.232,91.9900,100
35233232561378,09:47:13.232,91.9800,100
35233232567512,09:47:13.232,91.9700,50
35233232585379,09:47:13.232,91.9700,50
35233233062118,09:47:13.233,91.9600,100
35233243879421,09:47:13.243,91.9800,2
35242992279916,09:47:22.992,91.9000,50
35242992284743,09:47:22.992,91.9000,50
35274213128251,09:47:54.213,91.9300,100
35274213128251,09:47:54.213,91.9300,100
35285733538597,09:48:05.733,91.8900,2
35285734132364,09:48:05.734,91.8800,10
35287894610385,09:48:07.894,91.8400,10
35287898506618,09:48:07.898,91.8300,100
35289884862803,09:48:09.884,91.8050,100
35294695806179,09:48:14.695,91.8800,50
35294695816418,09:48:14.695,91.8800,50
35294696802132,09:48:14.696,91.9000,100
35304842542910,09:48:24.842,91.9300,25
35329669907570,09:48:49.669,91.8400,100
35329669907570,09:48:49.669,91.8400,2
35330661338823,09:48:50.661,91.8100,27
35330661339350,09:48:50.661,91.8100,73
35358578125892,09:49:18.578,91.8400,33
35361995638856,09:49:21.995,91.8400,3
35361995658769,09:49:21.995,91.8400,64
35361995658769,09:49:21.995,91.8400,100
35361995658769,09:49:21.995,91.8400,33
35361995670839,09:49:21.995,91.8500,100
35361995670839,09:49:21.995,91.8500,95
35361995677182,09:49:21.995,91.8500,5
35361997076716,09:49:21.997,91.8600,100
35361997114958,09:49:21.997,91.8600,3
35363151286513,09:49:23.151,91.8650,5
35364664536741,09:49:24.664,91.8300,300
35376262738599,09:49:36.262,91.7800,100
35376262763151,09:49:36.262,91.7800,2
35377892873857,09:49:37.892,91.7900,100
35377892873857,09:49:37.892,91.8000,100
35380642323971,09:49:40.642,91.7800,1
35388430281915,09:49:48.430,91.8100,100
35388430281915,09:49:48.430,91.8100,100
35388430362813,09:49:48.430,91.8100,100
35388431663457,09:49:48.431,91.8200,100
35393627486912,09:49:53.627,91.8000,100
35394460056761,09:49:54.460,91.7800,100
35394479537873,09:49:54.479,91.7700,100
35421473097134,09:50:21.473,91.8100,100
35421473097134,09:50:21.473,91.8100,100
35421473153750,09:50:21.473,91.8100,25
35421473190443,09:50:21.473,91.8300,12
35421473205706,09:50:21.473,91.8300,62
35421473280672,09:50:21.473,91.8300,26
35421473722892,09:50:21.473,91.8200,100
35421473775987,09:50:21.473,91.8200,100
35421473852091,09:50:21.473,91.8100,50
35421473859757,09:50:21.473,91.8100,50
35424540587210,09:50:24.540,91.8500,2
35431982029153,09:50:31.982,91.8400,2
35435924048617,09:50:35.924,91.8250,59
35435924048617,09:50:35.924,91.8100,2
35435924048617,09:50:35.924,91.8100,200
35435924048617,09:50:35.924,91.8100,200
35435924062163,09:50:35.924,91.8100,59
35436701352433,09:50:36.701,91.7600,100
35450480099148,09:50:50.480,91.8000,14
35500505420587,09:51:40.505,91.7500,150
35500505420587,09:51:40.505,91.7500,2
35500505768340,09:51:40.505,91.7500,100
35505393535296,09:51:45.393,91.7300,77
35505393598964,09:51:45.393,91.7300,23
35510443517476,09:51:50.443,91.7300,50
35510443529035,09:51:50.443,91.7300,50
35514612901606,09:51:54.612,91.7300,25
35514612928659,09:51:54.612,91.7400,200
35514613224014,09:51:54.613,91.7400,100
35542899964759,09:52:22.899,91.7700,16
35560179233820,09:52:40.179,91.7600,2
35561110153630,09:52:41.110,91.7300,100
35561110153630,09:52:41.110,91.7300,100
35561111141269,09:52:41.111,91.7300,3
35561111267475,09:52:41.111,91.7200,2
35561132464492,09:52:41.132,91.7200,16
35633897252496,09:53:53.897,91.7600,100
35633897252496,09:53:53.897,91.7700,100
35633957640792,09:53:53.957,91.7700,100
35636121270770,09:53:56.121,91.7900,15
35638786697961,09:53:58.786,91.7900,75
35642532499686,09:54:02.532,91.7500,2
35642532499686,09:54:02.532,91.7500,98
35664063634034,09:54:24.063,91.7400,7
35683566051375,09:54:43.566,91.7400,25
35688527768688,09:54:48.527,91.7200,2
35688530395591,09:54:48.530,91.7200,11
35688536159865,09:54:48.536,91.7100,100
35698847706075,09:54:58.847,91.6600,39
35698847706075,09:54:58.847,91.6600,11
35718805672547,09:55:18.805,91.6400,59
35718807033594,09:55:18.807,91.6400,2
35720984199388,09:55:20.984,91.6200,100
35723787181772,09:55:23.787,91.6200,13
35728274171113,09:55:28.274,91.6500,100
35728274171113,09:55:28.274,91.6500,100
35728274234263,09:55:28.274,91.6500,100
35728274239126,09:55:28.274,91.6500,62
35728274239603,09:55:28.274,91.6500,38
35728274239603,09:55:28.274,91.6700,62
35728274241757,09:55:28.274,91.6700,37
35728274243546,09:55:28.274,91.6700,1
35728274243546,09:55:28.274,91.6800,88
35728274344236,09:55:28.274,91.6800,50
35728274728143,09:55:28.274,91.6800,50
35730664304713,09:55:30.664,91.6800,7
35744241600380,09:55:44.241,91.6600,100
35744742526804,09:55:44.742,91.6300,100
35744742526804,09:55:44.742,91.6300,200
35744742538039,09:55:44.742,91.6300,11
35744742549913,09:55:44.742,91.6300,89
35777230330606,09:56:17.230,91.6200,2
35788575371045,09:56:28.575,91.6300,28
35788575401816,09:56:28.575,91.6400,100
35788576188517,09:56:28.576,91.6500,100
35808140199901,09:56:48.140,91.6800,10
35808140199901,09:56:48.140,91.6800,100
35808140199901,09:56:48.140,91.6800,100
35808416370141,09:56:48.416,91.6800,100
35811981511217,09:56:51.981,91.7000,2
35822366635727,09:57:02.366,91.6700,100
35822367156108,09:57:02.367,91.6600,100
35822376882328,09:57:02.376,91.6400,100
35851757793316,09:57:31.757,91.6200,21
35862982932653,09:57:42.982,91.6200,2
35862982933463,09:57:42.982,91.5900,35
35862982938168,09:57:42.982,91.5900,50
35862982938792,09:57:42.982,91.5900,15
35862982964569,09:57:42.982,91.5900,65
35862983041380,09:57:42.983,91.5900,35
35872340335650,09:57:52.340,91.5900,1
35872340339722,09:57:52.340,91.5900,99
35902432249743,09:58:22.432,91.5700,2
35903431962172,09:58:23.431,91.5700,37
35910066139762,09:58:30.066,91.6100,100
35910066139762,09:58:30.066,91.6100,100
35910066173454,09:58:30.066,91.6200,100
35910066647237,09:58:30.066,91.6200,100
35910097317469,09:58:30.097,91.6100,100
35923195626022,09:58:43.195,91.6400,25
35926342830041,09:58:46.342,91.6300,100
35944773456134,09:59:04.773,91.6300,29
35944777610625,09:59:04.777,91.6300,1
35948369440405,09:59:08.369,91.6000,28
35961357591373,09:59:21.357,91.6000,100
35961357591373,09:59:21.357,91.6000,100
35971547500498,09:59:31.547,91.5800,4
35971547528962,09:59:31.547,91.5800,25
35975271621229,09:59:35.271,91.5500,100
35975271621229,09:59:35.271,91.5500,100
35975271881228,09:59:35.271,91.5400,14
35976009980701,09:59:36.009,91.5400,3
35976017649717,09:59:36.017,91.5200,100
35986345988741,09:59:46.345,91.5500,100
35987138926191,09:59:47.138,91.5600,28
36000179725062,10:00:00.179,91.5200,10
36000180759735,10:00:00.180,91.5200,90
36000180759735,10:00:00.180,91.5200,100
36003785911345,10:00:03.785,91.5000,19
36009386256929,10:00:09.386,91.5000,100
36009386340539,10:00:09.386,91.5000,31
36009386340539,10:00:09.386,91.5000,52
36010101578116,10:00:10.101,91.5100,25
36010101578116,10:00:10.101,91.5100,100
36012110465149,10:00:12.110,91.4700,29
36015032765946,10:00:15.032,91.4600,50
36028892843145,10:00:28.892,91.5200,100
36028892895996,10:00:28.892,91.5200,14
36028893968972,10:00:28.893,91.5300,100
36066850954970,10:01:06.850,91.6100,100
36067895536666,10:01:07.895,91.6400,100
36067895618259,10:01:07.895,91.6200,100
36067895618259,10:01:07.895,91.6200,200
36067895646738,10:01:07.895,91.6200,10
36067896387120,10:01:07.896,91.6100,100
36067896387120,10:01:07.896,91.6100,100
36067896387120,10:01:07.896,91.6100,100
36075351015699,10:01:15.351,91.6000,100
36075353083232,10:01:15.353,91.6100,10
36079383711733,10:01:19.383,91.6200,50
36079383722562,10:01:19.383,91.6200,50
36079383756685,10:01:19.383,91.6200,65
36079383759737,10:01:19.383,91.6200,35
36079383759737,10:01:19.383,91.6200,100
36079383833825,10:01:19.383,91.6300,100
36083999206392,10:01:23.999,91.6400,6
36100149501994,10:01:40.149,91.6400,94
36100149501994,10:01:40.149,91.6500,100
36100149501994,10:01:40.149,91.6500,6
36100149538905,10:01:40.149,91.6500,194
36100149538905,10:01:40.149,91.6500,100
36100150011998,10:01:40.150,91.6500,100
36103350245626,10:01:43.350,91.6500,100
36104351864606,10:01:44.351,91.6500,100
36104351965798,10:01:44.351,91.6200,100
36104359125127,10:01:44.359,91.6100,6
36104359149256,10:01:44.359,91.6100,84
36104359179729,10:01:44.359,91.6100,10
36105771700773,10:01:45.771,91.6000,100
36131423386017,10:02:11.423,91.6300,100
36141314100577,10:02:21.314,91.6100,8
36142253864580,10:02:22.253,91.6400,100
36142253864580,10:02:22.253,91.6400,100
36142898366454,10:02:22.898,91.6500,46
36142898405359,10:02:22.898,91.6500,8
36142898423247,10:02:22.898,91.6500,46
36152328037409,10:02:32.328,91.6100,100
36152328037409,10:02:32.328,91.6100,5
36152328136977,10:02:32.328,91.6100,5
36152336658966,10:02:32.336,91.6000,100
36152336658966,10:02:32.336,91.6000,100
36152337196088,10:02:32.337,91.6100,100
36152337196088,10:02:32.337,91.6100,10
36152701903283,10:02:32.701,91.6000,10
36152701903283,10:02:32.701,91.6000,10
36152701903283,10:02:32.701,91.6000,10
36152701903283,10:02:32.701,91.6000,10
36154612717752,10:02:34.612,91.5900,100
36154613827683,10:02:34.613,91.6100,10
36154613827683,10:02:34.613,91.6100,100
36154614351844,10:02:34.614,91.6200,100
36154614351844,10:02:34.614,91.6200,100
36154614351844,10:02:34.614,91.6200,70
36154732651460,10:02:34.732,91.5900,10
36154732651460,10:02:34.732,91.5900,10
36154732651460,10:02:34.732,91.5900,10
36154732651460,10:02:34.732,91.5900,10
36154732651460,10:02:34.732,91.5900,100
36154732651460,10:02:34.732,91.5900,100
36155627634296,10:02:35.627,91.5800,100
36155627671706,10:02:35.627,91.5800,50
36159884151982,10:02:39.884,91.5800,24
36166689432932,10:02:46.689,91.4800,100
36166689902470,10:02:46.689,91.4800,100
36166692165678,10:02:46.692,91.4800,100
36166695653937,10:02:46.695,91.4700,44
36172136453023,10:02:52.136,91.5200,6
36172136453023,10:02:52.136,91.5200,94
36193481881017,10:03:13.481,91.4500,100
36193481881017,10:03:13.481,91.4400,100
36197391023061,10:03:17.391,91.4700,27
36197391023061,10:03:17.391,91.4700,44
36197391331392,10:03:17.391,91.4700,100
36209086769527,10:03:29.086,91.5100,3
36209086769527,10:03:29.086,91.5300,100
36209086769527,10:03:29.086,91.5300,97
36214226845838,10:03:34.226,91.5500,100
36215995215612,10:03:35.995,91.5800,64
36215995215612,10:03:35.995,91.5800,5
36215995227629,10:03:35.995,91.5800,69
36215995230167,10:03:35.995,91.5800,20
36221726987905,10:03:41.726,91.5900,36
36221727003533,10:03:41.727,91.5900,40
36232771759246,10:03:52.771,91.5800,38
36232771775429,10:03:52.771,91.5800,62
36232771775429,10:03:52.771,91.5800,100
36232771775429,10:03:52.771,91.5800,100
36232771775429,10:03:52.771,91.5800,55
36232771778317,10:03:52.771,91.5800,45
36232771778317,10:03:52.771,91.5800,94
36232771789144,10:03:52.771,91.5800,6
36233011596236,10:03:53.011,91.5700,5
36233031614767,10:03:53.031,91.5600,8
36233169457362,10:03:53.169,91.5600,92
36304347101019,10:05:04.347,91.5900,27
36304347101019,10:05:04.347,91.5900,100
36304347101019,10:05:04.347,91.5900,73
36304347127979,10:05:04.347,91.5900,27
36305349715217,10:05:05.349,91.6000,100
36305349715217,10:05:05.349,91.6000,3
36312213111573,10:05:12.213,91.5300,100
36321819555931,10:05:21.819,91.5000,27
36342323168400,10:05:42.323,91.5800,100
36342325382652,10:05:42.325,91.5900,15
36349342902896,10:05:49.342,91.5850,5
36355258891507,10:05:55.258,91.5800,3
36355266842342,10:05:55.266,91.5800,1
36370467049778,10:06:10.467,91.6200,4
36370467570474,10:06:10.467,91.6200,10
36370467570474,10:06:10.467,91.6200,10
36370467586297,10:06:10.467,91.6150,59
36370467586297,10:06:10.467,91.6000,51
36384570581385,10:06:24.570,91.6600,100
36384570581385,10:06:24.570,91.6700,100
36384570581385,10:06:24.570,91.6700,26
36384570581385,10:06:24.570,91.6700,174
36384571246073,10:06:24.571,91.6700,26
36384571368300,10:06:24.571,91.6500,100
36384571479977,10:06:24.571,91.6400,10
36384571543936,10:06:24.571,91.6400,100
36390146984639,10:06:30.146,91.6200,100
36393751428110,10:06:33.751,91.6200,32
36393751472411,10:06:33.751,91.6200,100
36393751472411,10:06:33.751,91.6200,100
36393751472411,10:06:33.751,91.6200,100
36393751523102,10:06:33.751,91.6200,200
36393751737629,10:06:33.751,91.6100,100
36393751792583,10:06:33.751,91.6200,100
36393751856864,10:06:33.751,91.6200,100
36393751921278,10:06:33.751,91.6200,87
36393751943708,10:06:33.751,91.6200,13
36393752103533,10:06:33.752,91.6200,100
36393753553335,10:06:33.753,91.6300,31
36393753581068,10:06:33.753,91.6300,69
36395704770578,10:06:35.704,91.6300,31
36395704770578,10:06:35.704,91.6300,100
36395704770578,10:06:35.704,91.6300,69
36395704770578,10:06:35.704,91.6300,100
36395704846354,10:06:35.704,91.6300,24
36395704898547,10:06:35.704,91.6300,50
36395704898547,10:06:35.704,91.6300,100
36395704956120,10:06:35.704,91.6300,200
36423661604929,10:07:03.661,91.6300,100
36423661604929,10:07:03.661,91.6300,16
36423661607902,10:07:03.661,91.6300,84
36423661607902,10:07:03.661,91.6300,100
36423661607902,10:07:03.661,91.6300,26
36462225597623,10:07:42.225,91.6300,100
36462225597623,10:07:42.225,91.6400,100
36469207861339,10:07:49.207,91.6200,16
36481339157288,10:08:01.339,91.6700,100
36481339221759,10:08:01.339,91.6700,10
36481339221759,10:08:01.339,91.6800,90
36481339256694,10:08:01.339,91.6800,35
36481340311004,10:08:01.340,91.6800,45
36481340311004,10:08:01.340,91.6800,55
36497458768774,10:08:17.458,91.7000,4
36497458768774,10:08:17.458,91.7200,96
36504033566066,10:08:24.033,91.7200,1
36537400747572,10:08:57.400,91.7300,300
36542862937131,10:09:02.862,91.7700,100
36547372629946,10:09:07.372,91.7550,342
36547373095383,10:09:07.373,91.7700,100
36547373095383,10:09:07.373,91.7800,100
36547453431883,10:09:07.453,91.7600,100
36547570923559,10:09:07.570,91.7300,42
36548126977772,10:09:08.126,91.7500,300
36550905076054,10:09:10.905,91.7300,100
36550905076054,10:09:10.905,91.7300,100
36550905076054,10:09:10.905,91.7300,100
36551978694616,10:09:11.978,91.7000,50
36551978922945,10:09:11.978,91.7000,31
36551978980067,10:09:11.978,91.7000,19
36554506820421,10:09:14.506,91.7100,100
36554506820421,10:09:14.506,91.7100,27
36558836930611,10:09:18.836,91.7400,89
36560663602771,10:09:20.663,91.7300,100
36575962371905,10:09:35.962,91.7400,11
36588125216817,10:09:48.125,91.7500,100
36588127565755,10:09:48.127,91.7600,100
36588131847547,10:09:48.131,91.7700,52
36589570870962,10:09:49.570,91.7700,100
36589571103545,10:09:49.571,91.7700,68
36589571103545,10:09:49.571,91.7700,100
36589575036891,10:09:49.575,91.7900,100
36589575036891,10:09:49.575,91.7900,100
36593393797897,10:09:53.393,91.7800,100
36608460735130,10:10:08.460,91.7500,12
36610511694086,10:10:10.511,91.7450,6
36615011877852,10:10:15.011,91.7200,100
36623984341967,10:10:23.984,91.6900,100
36623984341967,10:10:23.984,91.6900,100
36623984341967,10:10:23.984,91.6900,100
36623984843189,10:10:23.984,91.6900,200
36641667570208,10:10:41.667,91.6200,100
36641667838513,10:10:41.667,91.6200,100
36642669717519,10:10:42.669,91.6300,100
36642669717519,10:10:42.669,91.6300,6
36642669807266,10:10:42.669,91.6200,10
36643330682650,10:10:43.330,91.6200,99
36643330775635,10:10:43.330,91.6200,1
36643330775635,10:10:43.330,91.6200,100
36643330775635,10:10:43.330,91.6200,100
36649357351763,10:10:49.357,91.6050,4
36654280558810,10:10:54.280,91.5950,100
36654280558810,10:10:54.280,91.6200,10
36654280558810,10:10:54.280,91.6300,70
36660007758025,10:11:00.007,91.6400,1
36660007758025,10:11:00.007,91.6400,99
36681127778825,10:11:21.127,91.6100,22
36683388757246,10:11:23.388,91.6100,20
36683388757246,10:11:23.388,91.6100,80
36683388816142,10:11:23.388,91.6100,20
36683389904135,10:11:23.389,91.6300,100
36683691457907,10:11:23.691,91.6300,100
36683691457907,10:11:23.691,91.6300,100
36683691800243,10:11:23.691,91.6300,100
36683693234660,10:11:23.693,91.6400,100
36683693848865,10:11:23.693,91.6500,100
36685440637799,10:11:25.440,91.6900,100
36685504866850,10:11:25.504,91.6900,92
36695687198799,10:11:35.687,91.6800,200
36695687223590,10:11:35.687,91.6800,73
36695687301501,10:11:35.687,91.6800,27
36695687944924,10:11:35.687,91.6800,100
36705693298987,10:11:45.693,91.6550,70
36705693431055,10:11:45.693,91.6550,30
36705693431055,10:11:45.693,91.6550,70
36708672915699,10:11:48.672,91.6600,27
36718651977629,10:11:58.651,91.7000,100
36718651977629,10:11:58.651,91.7000,6
36718652024068,10:11:58.652,91.7000,48
36718652039213,10:11:58.652,91.7000,46
36722499768320,10:12:02.499,91.7000,100
36734500236194,10:12:14.500,91.6900,100
36734500236194,10:12:14.500,91.7000,200
36734500236194,10:12:14.500,91.7000,100
36734500236194,10:12:14.500,91.7100,100
36736604856790,10:12:16.604,91.6800,100
36736604856790,10:12:16.604,91.6800,6
36736604900944,10:12:16.604,91.6800,50
36736604927824,10:12:16.604,91.6800,44
36736605254700,10:12:16.605,91.6800,100
36736606146723,10:12:16.606,91.6800,100
36736607230539,10:12:16.607,91.6800,100
36736607270210,10:12:16.607,91.6800,100
36736608915297,10:12:16.608,91.6800,100
36737144971077,10:12:17.144,91.6600,100
36748927026295,10:12:28.927,91.6900,5
36748927754748,10:12:28.927,91.7000,100
36748928678141,10:12:28.928,91.6900,3
36748928679843,10:12:28.928,91.6900,97
36748928679843,10:12:28.928,91.6900,3
36748928698077,10:12:28.928,91.6900,97
36748928698077,10:12:28.928,91.6900,200
36748928969419,10:12:28.928,91.6900,100
36756212354040,10:12:36.212,91.6900,34
36762331537772,10:12:42.331,91.6700,80
36778543946786,10:12:58.543,91.6550,100
36778612112525,10:12:58.612,91.6700,200
36778612112525,10:12:58.612,91.6700,100
36778612112525,10:12:58.612,91.6700,100
36778612186460,10:12:58.612,91.6700,100
36778612243124,10:12:58.612,91.6400,10
36778612314563,10:12:58.612,91.6400,100
36778617245941,10:12:58.617,91.6700,60
36778617270144,10:12:58.617,91.6700,40
36778617851342,10:12:58.617,91.6500,100
36792870945718,10:13:12.870,91.6400,100
36812442128352,10:13:32.442,91.6600,10
36812442289152,10:13:32.442,91.6600,35
36812442289152,10:13:32.442,91.6700,10
36812442289152,10:13:32.442,91.6700,73
36812442332225,10:13:32.442,91.6700,27
36812442332225,10:13:32.442,91.6700,100
36813268150973,10:13:33.268,91.6800,100
36813299597516,10:13:33.299,91.6900,100
36813300038649,10:13:33.300,91.7000,100
36813301749976,10:13:33.301,91.6900,100
36813675470145,10:13:33.675,91.6900,100
36813675513877,10:13:33.675,91.6900,100
36818631314676,10:13:38.631,91.6500,100
36818631446450,10:13:38.631,91.6300,6
36818631485653,10:13:38.631,91.6300,94
36833668342233,10:13:53.668,91.6300,100
36870259809627,10:14:30.259,91.6000,10
36897568589000,10:14:57.568,91.6200,5
36897568589000,10:14:57.568,91.6200,100
36897568589000,10:14:57.568,91.6200,100
36897569846985,10:14:57.569,91.6300,100
36897569846985,10:14:57.569,91.6300,100
36902647074090,10:15:02.647,91.6300,100
36902647074090,10:15:02.647,91.6300,100
36902648988496,10:15:02.648,91.6200,100
36952326381509,10:15:52.326,91.6100,100
36952326381509,10:15:52.326,91.6000,100
36971325506451,10:16:11.325,91.6000,42
36976323872201,10:16:16.323,91.6000,44
36976325014423,10:16:16.325,91.6000,44
36978489528061,10:16:18.489,91.6300,5
36978489539293,10:16:18.489,91.6300,5
36978489999233,10:16:18.489,91.6300,5
36978916502892,10:16:18.916,91.6500,100
36978916505843,10:16:18.916,91.6500,90
36978917016328,10:16:18.917,91.6600,100
36978917016328,10:16:18.917,91.6600,6
36978917045759,10:16:18.917,91.6600,94
36979164742028,10:16:19.164,91.6400,100
36979164929117,10:16:19.164,91.6300,100
36979165185999,10:16:19.165,91.6400,100
36979165257420,10:16:19.165,91.6400,100
36979323312396,10:16:19.323,91.6300,100
36979325547570,10:16:19.325,91.6200,44
36979325568183,10:16:19.325,91.6200,44
36996315926561,10:16:36.315,91.6000,12
36996315926561,10:16:36.315,91.6000,100
36996315926561,10:16:36.315,91.6000,100
36996315926561,10:16:36.315,91.6000,88
36996315984748,10:16:36.315,91.6000,12
37011106079453,10:16:51.106,91.6000,100
37011106079453,10:16:51.106,91.6000,100
37013800643932,10:16:53.800,91.6100,200
37013800643932,10:16:53.800,91.6100,100
37014079902815,10:16:54.079,91.5800,100
37042080194552,10:17:22.080,91.5800,100
37044614439417,10:17:24.614,91.6000,100
37044614439417,10:17:24.614,91.6000,100
37044614439417,10:17:24.614,91.6000,100
37044614466260,10:17:24.614,91.6000,93
37050722763904,10:17:30.722,91.6200,100
37050722763904,10:17:30.722,91.6200,100
37050722763904,10:17:30.722,91.6200,126
37050723740264,10:17:30.723,91.6300,100
37050723765663,10:17:30.723,91.6300,100
37056075894815,10:17:36.075,91.6200,100
37056324028914,10:17:36.324,91.6100,100
37087342296689,10:18:07.342,91.6100,42
37087342296689,10:18:07.342,91.6100,100
37087383742200,10:18:07.383,91.6000,200
37091131956123,10:18:11.131,91.6000,100
37091132398536,10:18:11.132,91.6000,100
37091523434943,10:18:11.523,91.5900,100
37092820225284,10:18:12.820,91.5650,72
37093301521659,10:18:13.301,91.5650,28
37093301521659,10:18:13.301,91.5600,53
37093301548289,10:18:13.301,91.5600,47
37093354910844,10:18:13.354,91.5500,100
37095125016244,10:18:15.125,91.5300,100
37097310626159,10:18:17.310,91.5200,91
37097311881241,10:18:17.311,91.5200,9
37097311881241,10:18:17.311,91.5200,100
37099731460526,10:18:19.731,91.5200,100
37099731460526,10:18:19.731,91.5200,100
37099731692902,10:18:19.731,91.5200,30
37099742227771,10:18:19.742,91.5300,200
37099742227771,10:18:19.742,91.5300,100
37101883367660,10:18:21.883,91.5200,100
37104327664377,10:18:24.327,91.5200,100
37105115650808,10:18:25.115,91.5300,100
37105115650808,10:18:25.115,91.5400,5
37105116135049,10:18:25.116,91.5400,100
37107926024140,10:18:27.926,91.5200,100
37107965703068,10:18:27.965,91.5000,11
37109620198615,10:18:29.620,91.5100,3
37109620222652,10:18:29.620,91.5100,52
37113248470943,10:18:33.248,91.5300,100
37113248470943,10:18:33.248,91.5300,100
37113249525197,10:18:33.249,91.5400,100
37113606359870,10:18:33.606,91.5400,100
37113743618101,10:18:33.743,91.5500,100
37113743657221,10:18:33.743,91.5600,100
37113743659707,10:18:33.743,91.5700,58
37167961275079,10:19:27.961,91.5600,100
37167966755478,10:19:27.966,91.5700,100
37171684630870,10:19:31.684,91.5600,100
37172967461280,10:19:32.967,91.5700,100
37185047397658,10:19:45.047,91.5600,3
37196533980388,10:19:56.533,91.5800,100
37196534005213,10:19:56.534,91.5800,100
37196534005213,10:19:56.534,91.5800,100
37196553825445,10:19:56.553,91.5900,68
37196554285904,10:19:56.554,91.6100,100
37196554285904,10:19:56.554,91.6100,100
37199135383764,10:19:59.135,91.6100,4
37218045846052,10:20:18.045,91.6000,200
37218045846052,10:20:18.045,91.6000,100
37218045846052,10:20:18.045,91.6000,95
37218045933240,10:20:18.045,91.6000,5
37218045933240,10:20:18.045,91.6000,100
37226738280175,10:20:26.738,91.6000,100
37232509675820,10:20:32.509,91.6100,4
37249162634036,10:20:49.162,91.6200,100
37260088885042,10:21:00.088,91.6300,100
37260088885042,10:21:00.088,91.6400,100
37260088897908,10:21:00.088,91.6400,100
37283925665424,10:21:23.925,91.6500,100
37283925665424,10:21:23.925,91.6500,100
37286147584351,10:21:26.147,91.6600,100
37296833291725,10:21:36.833,91.6500,100
37305282714926,10:21:45.282,91.6150,100
37326577169550,10:22:06.577,91.6100,100
37326577169550,10:22:06.577,91.6100,77
37326577187316,10:22:06.577,91.6100,23
37326577187316,10:22:06.577,91.6100,4
37333884713780,10:22:13.884,91.6100,100
37333884833894,10:22:13.884,91.6100,100
37367270994799,10:22:47.270,91.6100,42
37367271585525,10:22:47.271,91.6000,100
37394997014688,10:23:14.997,91.5700,2
37397251846370,10:23:17.251,91.5400,100
37447895559319,10:24:07.895,91.5300,100
37447895559319,10:24:07.895,91.5300,100
37447895559319,10:24:07.895,91.5300,100
37454609859194,10:24:14.609,91.5400,100
37454636211423,10:24:14.636,91.5500,100
37458539116953,10:24:18.539,91.5700,13
37460509508028,10:24:20.509,91.5400,1
37460509508028,10:24:20.509,91.5400,200
37460518168595,10:24:20.518,91.5200,10
37473629479802,10:24:33.629,91.5400,38
37473629485873,10:24:33.629,91.5400,8
37473629498433,10:24:33.629,91.5400,54
37473629498433,10:24:33.629,91.5400,16
37473629499268,10:24:33.629,91.5400,69
37473629505102,10:24:33.629,91.5400,15
37473629505102,10:24:33.629,91.5400,54
37473629562667,10:24:33.629,91.5400,46
37474118424546,10:24:34.118,91.5500,100
37498167229948,10:24:58.167,91.5500,100
37546185896204,10:25:46.185,91.5600,16
37622387637384,10:27:02.387,91.5600,6
37622387648594,10:27:02.387,91.5600,94
37624659281797,10:27:04.659,91.5700,100
37624659281797,10:27:04.659,91.5700,4
37624659343936,10:27:04.659,91.5700,96
37630328375436,10:27:10.328,91.5700,100
37630328375436,10:27:10.328,91.5700,2
37630328693288,10:27:10.328,91.5700,100
37630328703233,10:27:10.328,91.5700,100
37630329641167,10:27:10.329,91.5800,100
37630329641167,10:27:10.329,91.5800,10
37630329641167,10:27:10.329,91.5800,90
37636629301225,10:27:16.629,91.5700,10
37653117863108,10:27:33.117,91.5800,100
37653117887670,10:27:33.117,91.5800,72
37655071984219,10:27:35.071,91.5900,15
37655072010195,10:27:35.072,91.5900,85
37655072010195,10:27:35.072,91.5900,100
37665540824166,10:27:45.540,91.6100,100
37665625495034,10:27:45.625,91.6100,26
37672291599044,10:27:52.291,91.5700,100
37672291761273,10:27:52.291,91.5600,100
37672291768895,10:27:52.291,91.5600,100
37702543859479,10:28:22.543,91.5400,11
37717476394964,10:28:37.476,91.5900,100
37717476394964,10:28:37.476,91.5900,100
37717942573720,10:28:37.942,91.6000,100
37726472969882,10:28:46.472,91.6000,100
37736785874678,10:28:56.785,91.6000,53
37737095924743,10:28:57.095,91.6000,47
37740078869237,10:29:00.078,91.6100,100
37740078869237,10:29:00.078,91.6100,100
37740078869237,10:29:00.078,91.6100,100
37743637740078,10:29:03.637,91.6300,100
37744685794450,10:29:04.685,91.6300,100
37751550452476,10:29:11.550,91.6000,2
37753983387430,10:29:13.983,91.5900,100
37753983387430,10:29:13.983,91.5900,6
37753983431310,10:29:13.983,91.5900,50
37753983444080,10:29:13.983,91.5900,44
37753984245901,10:29:13.984,91.5800,100
37828281944354,10:30:28.281,91.6100,100
37829109021597,10:30:29.109,91.6200,2
37829109045608,10:30:29.109,91.6200,98
37832532066823,10:30:32.532,91.6100,200
37832532066823,10:30:32.532,91.6100,24
37832532066823,10:30:32.532,91.6100,4
37832532476867,10:30:32.532,91.6100,2
37832532488557,10:30:32.532,91.6100,2
37929010047201,10:32:09.010,91.6200,100
37929010047201,10:32:09.010,91.6200,6
37929010090187,10:32:09.010,91.6200,42
37929010094410,10:32:09.010,91.6200,52
37929014107013,10:32:09.014,91.6300,100
37929014107013,10:32:09.014,91.6300,100
37929015234667,10:32:09.015,91.6400,103
37929015234667,10:32:09.015,91.6400,100
37929024047642,10:32:09.024,91.6500,100
37929024047642,10:32:09.024,91.6500,50
37929024073074,10:32:09.024,91.6500,50
37930047811736,10:32:10.047,91.6800,100
37940241029319,10:32:20.241,91.7100,100
37946736327934,10:32:26.736,91.7450,11
37958543143577,10:32:38.543,91.7700,122
37958543199229,10:32:38.543,91.7700,78
37958543199229,10:32:38.543,91.7700,22
37958543209566,10:32:38.543,91.7700,78
37958543690560,10:32:38.543,91.7600,100
37958543773149,10:32:38.543,91.7600,100
37958544291503,10:32:38.544,91.7500,1
37982197527854,10:33:02.197,91.7600,100
38018182223827,10:33:38.182,91.7600,100
38023798637292,10:33:43.798,91.7700,1
38026947835463,10:33:46.947,91.7550,100
38028944274909,10:33:48.944,91.7700,50
38028944315042,10:33:48.944,91.7700,49
38028944315042,10:33:48.944,91.7700,1
38028944321488,10:33:48.944,91.7700,18
38028972371033,10:33:48.972,91.7800,100
38028973128834,10:33:48.973,91.7900,100
38035961699597,10:33:55.961,91.7900,2
38035961699597,10:33:55.961,91.7800,100
38076396738073,10:34:36.396,91.7400,100
38076396738073,10:34:36.396,91.7300,11
38076398315991,10:34:36.398,91.7300,100
38076399223337,10:34:36.399,91.7200,5
38076399348096,10:34:36.399,91.7200,95
38083021308379,10:34:43.021,91.7000,100
38086830218247,10:34:46.830,91.7000,200
38086830618074,10:34:46.830,91.7100,100
38086830618074,10:34:46.830,91.7100,4
38086830618074,10:34:46.830,91.7100,100
38086830618074,10:34:46.830,91.7100,100
38089928367641,10:34:49.928,91.7200,100
38105810030699,10:35:05.810,91.7600,100
38105810030699,10:35:05.810,91.7600,100
38105810030699,10:35:05.810,91.7600,100
38105810498612,10:35:05.810,91.7800,10
38121093080658,10:35:21.093,91.7600,2
38121093080658,10:35:21.093,91.7500,59
38121960722249,10:35:21.960,91.7500,100
38134256334123,10:35:34.256,91.7700,11
38142294490518,10:35:42.294,91.7500,2
38142314532454,10:35:42.314,91.7500,100
38158118676028,10:35:58.118,91.7500,100
38173444604401,10:36:13.444,91.7800,5
38175005095904,10:36:15.005,91.7600,100
38182636043787,10:36:22.636,91.7600,1
38182636117020,10:36:22.636,91.7600,1
38182636200099,10:36:22.636,91.7500,1
38184745526724,10:36:24.745,91.7300,100
38184745526724,10:36:24.745,91.7300,4
38184745553845,10:36:24.745,91.7300,96
38184745553845,10:36:24.745,91.7300,100
38184745560617,10:36:24.745,91.7300,50
38184745568336,10:36:24.745,91.7300,100
38184745571240,10:36:24.745,91.7300,50
38185616492819,10:36:25.616,91.7100,100
38185616492819,10:36:25.616,91.7100,100
38188573875332,10:36:28.573,91.7100,6
38188681360068,10:36:28.681,91.7050,94
38197069844793,10:36:37.069,91.7100,100
38197069844793,10:36:37.069,91.7100,6
38197069880348,10:36:37.069,91.7100,44
38197069888890,10:36:37.069,91.7100,50
38197365847770,10:36:37.365,91.7200,78
38197384102716,10:36:37.384,91.7300,100
38197384102716,10:36:37.384,91.7300,100
38204993138461,10:36:44.993,91.7600,9
38204993242949,10:36:44.993,91.7600,91
38208273471432,10:36:48.273,91.7500,59
38222212143328,10:37:02.212,91.7500,41
38230466245855,10:37:10.466,91.7200,100
38234225527152,10:37:14.225,91.7100,100
38234225552364,10:37:14.225,91.7100,100
38238190802098,10:37:18.190,91.6800,100
38240573343428,10:37:20.573,91.7000,100
38240573343428,10:37:20.573,91.7000,100
38240573343428,10:37:20.573,91.7000,100
38250042079313,10:37:30.042,91.6900,3
38257678946875,10:37:37.678,91.6700,50
38267740854404,10:37:47.740,91.6800,100
38268051597004,10:37:48.051,91.6900,100
38268051597004,10:37:48.051,91.6900,100
38268742445014,10:37:48.742,91.6800,100
38268742972556,10:37:48.742,91.6800,100
38268742972556,10:37:48.742,91.6800,100
38269214395999,10:37:49.214,91.6800,100
38269214395999,10:37:49.214,91.6800,100
38270738261776,10:37:50.738,91.6600,100
38270752365554,10:37:50.752,91.6500,85
38270752388947,10:37:50.752,91.6500,15
38270752388947,10:37:50.752,91.6500,100
38270752388947,10:37:50.752,91.6500,100
38278380302911,10:37:58.380,91.6600,100
38278380302911,10:37:58.380,91.6600,100
38278769108237,10:37:58.769,91.6600,100
38279113434721,10:37:59.113,91.6600,39
38279113610692,10:37:59.113,91.6600,39
38279113709858,10:37:59.113,91.6600,39
38279418802577,10:37:59.418,91.6600,5
38280141314361,10:38:00.141,91.6600,17
38280141314361,10:38:00.141,91.6500,68
38284616317596,10:38:04.616,91.6600,100
38285617925217,10:38:05.617,91.6600,100
38285617981398,10:38:05.617,91.6600,100
38294380171228,10:38:14.380,91.6600,2
38294380171228,10:38:14.380,91.6500,2
38294380171228,10:38:14.380,91.6500,18
38294381331112,10:38:14.381,91.6700,100
38294381331112,10:38:14.381,91.6700,100
38294381991204,10:38:14.381,91.6700,100
38294956856969,10:38:14.956,91.6700,100
38294956912295,10:38:14.956,91.6700,100
38294957473448,10:38:14.957,91.6700,100
38294957473448,10:38:14.957,91.6700,100
38294957473448,10:38:14.957,91.6700,100
38295034039156,10:38:15.034,91.6600,100
38295034088418,10:38:15.034,91.6600,82
38305109013875,10:38:25.109,91.6700,200
38305109314494,10:38:25.109,91.6700,200
38305109314494,10:38:25.109,91.6700,100
38305587669792,10:38:25.587,91.6700,200
38305587669792,10:38:25.587,91.6700,100
38305968486692,10:38:25.968,91.6600,100
38305968486692,10:38:25.968,91.6600,100
38305968486692,10:38:25.968,91.6600,100
38306190776538,10:38:26.190,91.6700,100
38306191105875,10:38:26.191,91.6700,43
38306191138961,10:38:26.191,91.6700,14
38306191180482,10:38:26.191,91.6700,29
38306306448996,10:38:26.306,91.6700,14
38306306448996,10:38:26.306,91.6700,200
38306306448996,10:38:26.306,91.6700,86
38306306505210,10:38:26.306,91.6700,14
38306306530948,10:38:26.306,91.6700,14
38307405371933,10:38:27.405,91.6600,100
38307405398403,10:38:27.405,91.6600,100
38307405398403,10:38:27.405,91.6600,87
38307405450614,10:38:27.405,91.6600,13
38307640554767,10:38:27.640,91.6500,100
38307640554767,10:38:27.640,91.6500,100
38309006047485,10:38:29.006,91.6400,100
38309006132407,10:38:29.006,91.6400,100
38309009750454,10:38:29.009,91.6300,100
38309009932373,10:38:29.009,91.6400,100
38309009932373,10:38:29.009,91.6400,100
38309009958104,10:38:29.009,91.6400,10
38312368670628,10:38:32.368,91.6400,100
38312368670628,10:38:32.368,91.6400,40
38312368670628,10:38:32.368,91.6400,100
38318177211375,10:38:38.177,91.6400,1
38320519099113,10:38:40.519,91.6500,100
38320519099113,10:38:40.519,91.6500,100
38320520323577,10:38:40.520,91.6600,100
38320520323577,10:38:40.520,91.6600,100
38320520323577,10:38:40.520,91.6600,100
38320520323577,10:38:40.520,91.6600,1
38320520356782,10:38:40.520,91.6600,99
38320521752449,10:38:40.521,91.6700,100
38321520718892,10:38:41.520,91.6600,100
38328198106115,10:38:48.198,91.6600,100
38329022191716,10:38:49.022,91.6500,7
38329034540150,10:38:49.034,91.6500,4
38332051509835,10:38:52.051,91.6600,100
38335090419831,10:38:55.090,91.6700,44
38335090451569,10:38:55.090,91.6700,42
38335090451569,10:38:55.090,91.6700,200
38335090451569,10:38:55.090,91.6700,100
38335090805536,10:38:55.090,91.6700,100
38335090805536,10:38:55.090,91.6700,100
38335091841826,10:38:55.091,91.6700,40
38335092495132,10:38:55.092,91.6700,160
38335092495132,10:38:55.092,91.6700,1440
38335093417036,10:38:55.093,91.6700,100
38335093417036,10:38:55.093,91.6700,100
38335582727821,10:38:55.582,91.6600,100
38335582727821,10:38:55.582,91.6600,200
38335641456708,10:38:55.641,91.6500,100
38335960528488,10:38:55.960,91.6500,100
38350129703804,10:39:10.129,91.6600,100
38372926861225,10:39:32.926,91.6400,5
38372927101216,10:39:32.927,91.6400,72
38375320704395,10:39:35.320,91.6300,100
38382957254182,10:39:42.957,91.6200,100
38394069099526,10:39:54.069,91.6400,100
38394069099526,10:39:54.069,91.6400,100
38394070419346,10:39:54.070,91.6500,100
38394070419346,10:39:54.070,91.6500,68
38394070449824,10:39:54.070,91.6500,32
38394070449824,10:39:54.070,91.6500,100
38394362211929,10:39:54.362,91.6600,100
38402921615015,10:40:02.921,91.6700,100
38402921615015,10:40:02.921,91.6700,100
38412257117696,10:40:12.257,91.6600,3
38412257117696,10:40:12.257,91.6600,40
38416215907778,10:40:16.215,91.6600,60
38416215907778,10:40:16.215,91.6600,6
38416216318649,10:40:16.216,91.6600,94
38416216318649,10:40:16.216,91.6600,1
38424057785823,10:40:24.057,91.6600,11
38426666525903,10:40:26.666,91.6550,100
38495728430429,10:41:35.728,91.6200,66
38495728455737,10:41:35.728,91.6200,34
38495728460650,10:41:35.728,91.6200,34
38495728503090,10:41:35.728,91.6200,66
38526993160467,10:42:06.993,91.6200,100
38526993160467,10:42:06.993,91.6200,200
38526993160467,10:42:06.993,91.6200,100
38526993160467,10:42:06.993,91.6200,2
38527176184561,10:42:07.176,91.6000,100
38527176184561,10:42:07.176,91.6000,100
38535072356583,10:42:15.072,91.6000,100
38556190661953,10:42:36.190,91.5900,31
38556190673457,10:42:36.190,91.5900,23
38556190673457,10:42:36.190,91.5900,9
38557026726921,10:42:37.026,91.5900,91
38557026726921,10:42:37.026,91.5900,40
38557026735894,10:42:37.026,91.5900,50
38557026739748,10:42:37.026,91.5900,10
38562253011960,10:42:42.253,91.5700,100
38562757065966,10:42:42.757,91.5500,100
38577924795606,10:42:57.924,91.5500,100
38577924795606,10:42:57.924,91.5500,100
38578978219414,10:42:58.978,91.5500,100
38581731153778,10:43:01.731,91.5500,100
38581731153778,10:43:01.731,91.5500,100
38581731529977,10:43:01.731,91.5600,100
38581731529977,10:43:01.731,91.5600,100
38581731529977,10:43:01.731,91.5600,100
38582030688622,10:43:02.030,91.5700,100
38582732750507,10:43:02.732,91.5700,100
38595738819480,10:43:15.738,91.5900,100
38595738843212,10:43:15.738,91.5900,100
38595755633459,10:43:15.755,91.5900,30
38597002652998,10:43:17.002,91.5950,100
38597766887917,10:43:17.766,91.5900,8
38605466574830,10:43:25.466,91.6000,79
38605467919387,10:43:25.467,91.6100,58
38605473409996,10:43:25.473,91.6000,15
38605475499667,10:43:25.475,91.6100,100
38622269337023,10:43:42.269,91.6100,100
38632043654963,10:43:52.043,91.6100,2
38643299456424,10:44:03.299,91.6100,200
38643299456424,10:44:03.299,91.6100,100
38643299863702,10:44:03.299,91.6000,100
38643299863702,10:44:03.299,91.6000,2
38649697104669,10:44:09.697,91.6100,2
38649697104669,10:44:09.697,91.6000,98
38649697170553,10:44:09.697,91.6000,2
38649698918001,10:44:09.698,91.6000,100
38649698918001,10:44:09.698,91.6000,100
38649698918001,10:44:09.698,91.6000,100
38649698918001,10:44:09.698,91.6000,100
38656227504354,10:44:16.227,91.6200,100
38656227504354,10:44:16.227,91.6200,100
38656227504354,10:44:16.227,91.6200,100
38656227504354,10:44:16.227,91.6200,100
38656227504354,10:44:16.227,91.6200,100
38656228153348,10:44:16.228,91.6300,100
38682924231565,10:44:42.924,91.6500,100
38682924231565,10:44:42.924,91.6500,100
38722479713954,10:45:22.479,91.6800,100
38739308124167,10:45:39.308,91.6800,34
38739310066428,10:45:39.310,91.6800,66
38739310066428,10:45:39.310,91.6800,34
38739310133626,10:45:39.310,91.6800,66
38739739564270,10:45:39.739,91.6800,36
38739739589373,10:45:39.739,91.6800,64
38744930341792,10:45:44.930,91.6900,100
38756825168336,10:45:56.825,91.6900,16
38756826615832,10:45:56.826,91.6900,84
38756826615832,10:45:56.826,91.6900,16
38756826692446,10:45:56.826,91.6900,84
38758248179893,10:45:58.248,91.6900,100
38761842270443,10:46:01.842,91.7000,100
38761842270443,10:46:01.842,91.7000,100
38767843625049,10:46:07.843,91.7100,100
38770768673294,10:46:10.768,91.7100,2
38782619679207,10:46:22.619,91.7100,2
38782619679207,10:46:22.619,91.7100,100
38782619679207,10:46:22.619,91.7000,98
38782619705572,10:46:22.619,91.7000,2
38782619705572,10:46:22.619,91.7000,100
38782619732233,10:46:22.619,91.7000,100
38782619732233,10:46:22.619,91.7000,2
38782676523507,10:46:22.676,91.7000,2
38784350774963,10:46:24.350,91.6950,7
38816601734670,10:46:56.601,91.6800,1
38816601734670,10:46:56.601,91.6800,100
38816619051841,10:46:56.619,91.6800,35
38820204096955,10:47:00.204,91.6350,4
38839015667895,10:47:19.015,91.6100,32
38856354268743,10:47:36.354,91.6000,100
38856354268743,10:47:36.354,91.6000,100
38856356264907,10:47:36.356,91.5900,100
38919395006121,10:48:39.395,91.5700,100
38919395006121,10:48:39.395,91.5700,100
38919395523336,10:48:39.395,91.5800,100
38919395523336,10:48:39.395,91.5800,100
38919395523336,10:48:39.395,91.5800,100
38920063859725,10:48:40.063,91.5900,200
38920063859725,10:48:40.063,91.5900,100
38920063859725,10:48:40.063,91.5900,100
38920063859725,10:48:40.063,91.5900,100
38920063859725,10:48:40.063,91.5900,100
38927588582913,10:48:47.588,91.5700,2
38927588582913,10:48:47.588,91.5700,1
38950460516518,10:49:10.460,91.5600,100
38950460516518,10:49:10.460,91.5600,100
38950461963998,10:49:10.461,91.5500,100
38950510727351,10:49:10.510,91.5400,100
38955564740692,10:49:15.564,91.5250,100
38968484223390,10:49:28.484,91.5100,2
38968484223390,10:49:28.484,91.5000,98
38968484249956,10:49:28.484,91.5000,2
38968484279027,10:49:28.484,91.5000,100
38968484307585,10:49:28.484,91.5000,50
38968485004652,10:49:28.485,91.5000,2
38968485063038,10:49:28.485,91.5000,2
39003359556146,10:50:03.359,91.4800,12
39003359556146,10:50:03.359,91.4800,27
39003359556146,10:50:03.359,91.4800,100
39003359556146,10:50:03.359,91.4800,100
39003359556146,10:50:03.359,91.4800,4
39004178904930,10:50:04.178,91.4700,27
39007403244727,10:50:07.403,91.4500,2
39020351359554,10:50:20.351,91.4550,100
39020351716944,10:50:20.351,91.4700,54
39020351716944,10:50:20.351,91.4700,100
39023316237964,10:50:23.316,91.4800,100
39023316237964,10:50:23.316,91.4800,100
39025983281343,10:50:25.983,91.4800,27
39025983281343,10:50:25.983,91.4800,100
39025983281343,10:50:25.983,91.4800,200
39025983281343,10:50:25.983,91.4800,2
39025983282673,10:50:25.983,91.4800,100
39039812462283,10:50:39.812,91.4700,100
39039812462283,10:50:39.812,91.4700,100
39046311607518,10:50:46.311,91.4800,39
39046311632777,10:50:46.311,91.4800,61
39046311632777,10:50:46.311,91.4800,117
39046311691454,10:50:46.311,91.4800,83
39046312409885,10:50:46.312,91.4900,100
39050353278407,10:50:50.353,91.4900,100
39050353278407,10:50:50.353,91.4900,100
39080697538828,10:51:20.697,91.4500,100
39080697538828,10:51:20.697,91.4500,100
39080697566439,10:51:20.697,91.4500,100
39080699205949,10:51:20.699,91.4400,100
39114319078419,10:51:54.319,91.4700,100
39114319078419,10:51:54.319,91.4700,100
39160094291415,10:52:40.094,91.4600,100
39160094291415,10:52:40.094,91.4600,28
39169758989806,10:52:49.758,91.4700,100
39180206642320,10:53:00.206,91.4500,4
39180657784029,10:53:00.657,91.4400,100
39219843853831,10:53:39.843,91.4100,1
39219844007676,10:53:39.844,91.4100,99
39222711759294,10:53:42.711,91.4000,1
39225124627781,10:53:45.124,91.4000,100
39234446620454,10:53:54.446,91.3900,100
39234446620454,10:53:54.446,91.3900,100
39240191482758,10:54:00.191,91.3750,100
39240191482758,10:54:00.191,91.3900,100
39240191579585,10:54:00.191,91.3900,100
39241193205998,10:54:01.193,91.3900,100
39244601266668,10:54:04.601,91.3900,4
39244601292914,10:54:04.601,91.3900,96
39245107475116,10:54:05.107,91.4000,32
39245107478229,10:54:05.107,91.4000,100
39245107481939,10:54:05.107,91.4000,50
39245107531739,10:54:05.107,91.4000,18
39245107531739,10:54:05.107,91.4000,82
39245107537600,10:54:05.107,91.4000,18
39245108723135,10:54:05.108,91.4100,100
39245439206458,10:54:05.439,91.4200,200
39246486859695,10:54:06.486,91.4200,100
39246486859695,10:54:06.486,91.4200,5
39246486859695,10:54:06.486,91.4200,100
39269495102506,10:54:29.495,91.4300,100
39269495102506,10:54:29.495,91.4300,74
39279812194246,10:54:39.812,91.4200,100
39299565586892,10:54:59.565,91.4500,100
39317622076735,10:55:17.622,91.4800,100
39317622547120,10:55:17.622,91.4800,100
39318395004125,10:55:18.395,91.4800,100
39318395004125,10:55:18.395,91.4800,100
39367907179113,10:56:07.907,91.4500,2
39367907179113,10:56:07.907,91.4400,100
39367907179113,10:56:07.907,91.4400,3
39367907256428,10:56:07.907,91.4400,2
39369951566472,10:56:09.951,91.4200,100
39410475067231,10:56:50.475,91.4500,65
39410475078509,10:56:50.475,91.4500,35
39410475078509,10:56:50.475,91.4500,30
39410475081045,10:56:50.475,91.4500,66
39410475094707,10:56:50.475,91.4350,100
39410475094707,10:56:50.475,91.4500,4
39410475691344,10:56:50.475,91.4500,47
39410484461089,10:56:50.484,91.4500,100
39410484461089,10:56:50.484,91.4600,100
39410484789768,10:56:50.484,91.4600,100
39417138116188,10:56:57.138,91.4400,100
39417138116188,10:56:57.138,91.4400,100
39417138147614,10:56:57.138,91.4400,200
39417138488601,10:56:57.138,91.4400,200
39445656188698,10:57:25.656,91.4500,100
39445656188698,10:57:25.656,91.4500,100
39445656188698,10:57:25.656,91.4600,100
39445656222400,10:57:25.656,91.4600,100
39445656222400,10:57:25.656,91.4600,100
39452833825242,10:57:32.833,91.4600,100
39466606427889,10:57:46.606,91.4400,100
39466607051226,10:57:46.607,91.4300,100
39473561604407,10:57:53.561,91.4300,100
39474416409462,10:57:54.416,91.4400,100
39474416409462,10:57:54.416,91.4400,100
39476503531872,10:57:56.503,91.4500,100
39483823410670,10:58:03.823,91.4600,100
39487260541955,10:58:07.260,91.4600,100
39493090102136,10:58:13.090,91.4500,5
39511958555164,10:58:31.958,91.4300,100
39529782766699,10:58:49.782,91.4200,100
39529782766699,10:58:49.782,91.4200,63
39529782780999,10:58:49.782,91.4200,37
39529782787349,10:58:49.782,91.4200,37
39529782797953,10:58:49.782,91.4200,37
39533660592815,10:58:53.660,91.4300,100
39535375599371,10:58:55.375,91.4400,100
39535375599371,10:58:55.375,91.4400,100
39535375599371,10:58:55.375,91.4400,100
39550564481280,10:59:10.564,91.4350,100
39570566409750,10:59:30.566,91.4400,27
39570566409750,10:59:30.566,91.4400,100
39583193520824,10:59:43.193,91.4350,100
39589121602558,10:59:49.121,91.4500,42
39589122425034,10:59:49.122,91.4600,100
39591632042015,10:59:51.632,91.4700,100
39591632042015,10:59:51.632,91.4700,100
39594161228349,10:59:54.161,91.4600,34
39594161256754,10:59:54.161,91.4600,66
39595456197000,10:59:55.456,91.4600,66
39601040827119,11:00:01.040,91.4700,100
39601040827119,11:00:01.040,91.4700,100
39601040827119,11:00:01.040,91.4700,100
39601218423414,11:00:01.218,91.4800,100
39606620351909,11:00:06.620,91.4900,100
39610101020313,11:00:10.101,91.4900,200
39610101435820,11:00:10.101,91.4800,100
39611800987362,11:00:11.800,91.4700,5
39633090167333,11:00:33.090,91.4400,2
39662827100530,11:01:02.827,91.4700,100
39662827100530,11:01:02.827,91.4700,87
39662827254035,11:01:02.827,91.4700,13
39662827254035,11:01:02.827,91.4700,50
39662827416820,11:01:02.827,91.4700,50
39662942038880,11:01:02.942,91.4800,100
39663356996215,11:01:03.356,91.5000,100
39663356996215,11:01:03.356,91.5000,100
39663459458518,11:01:03.459,91.5150,100
39663460115990,11:01:03.460,91.5300,100
39663462865699,11:01:03.462,91.5400,100
39663462865699,11:01:03.462,91.5400,100
39663462865699,11:01:03.462,91.5400,100
39663463812576,11:01:03.463,91.5500,100
39663470517013,11:01:03.470,91.5500,21
39663470517013,11:01:03.470,91.5500,29
39663472669000,11:01:03.472,91.5500,71
39663472669000,11:01:03.472,91.5500,100
39663472669000,11:01:03.472,91.5500,100
39663472669000,11:01:03.472,91.5500,29
39663474787948,11:01:03.474,91.5500,71
39663475033837,11:01:03.475,91.5600,100
39663475033837,11:01:03.475,91.5600,100
39663475033837,11:01:03.475,91.5600,100
39663484003487,11:01:03.484,91.5700,11
39663484477973,11:01:03.484,91.5700,11
39663538016699,11:01:03.538,91.5600,100
39663617932191,11:01:03.617,91.5500,100
39663807543715,11:01:03.807,91.5300,100
39666674190503,11:01:06.674,91.5300,9
39666851269870,11:01:06.851,91.5200,50
39666852098770,11:01:06.852,91.5200,50
39666872864102,11:01:06.872,91.5000,8
39668450337604,11:01:08.450,91.5200,3
39669639866847,11:01:09.639,91.5200,4
39669823229421,11:01:09.823,91.5200,100
39671054586677,11:01:11.054,91.5100,100
39684292488476,11:01:24.292,91.5200,6
39684292540630,11:01:24.292,91.5200,94
39684292540630,11:01:24.292,91.5200,6
39684292582130,11:01:24.292,91.5200,27
39687822645960,11:01:27.822,91.5400,100
39722188506858,11:02:02.188,91.5400,100
39722188506858,11:02:02.188,91.5400,100
39733182335957,11:02:13.182,91.5500,23
39733182344297,11:02:13.182,91.5500,48
39733182361131,11:02:13.182,91.5500,29
39747025149697,11:02:27.025,91.5800,100
39747025149697,11:02:27.025,91.5800,100
39788543851996,11:03:08.543,91.5600,100
39789135654757,11:03:09.135,91.5500,4
39789135654757,11:03:09.135,91.5500,100
39796554585895,11:03:16.554,91.5500,100
39796554585895,11:03:16.554,91.5500,100
39796554585895,11:03:16.554,91.5500,100
39811726069737,11:03:31.726,91.5700,4
39811726113738,11:03:31.726,91.5700,96
39828204454179,11:03:48.204,91.5600,60
39828204466909,11:03:48.204,91.5600,40
39828204466909,11:03:48.204,91.5600,13
39843266552737,11:04:03.266,91.5800,100
39843266552737,11:04:03.266,91.5800,100
39851977778700,11:04:11.977,91.5900,100
39851977778700,11:04:11.977,91.5900,100
39851977778700,11:04:11.977,91.5900,40
39851977791067,11:04:11.977,91.5900,60
39851977791067,11:04:11.977,91.5900,100
39893282601766,11:04:53.282,91.5700,100
39893282601766,11:04:53.282,91.5700,100
39894514310227,11:04:54.514,91.5400,12
39894514812755,11:04:54.514,91.5400,56
39894514812755,11:04:54.514,91.5400,4
39928559505426,11:05:28.559,91.5800,100
39928559505426,11:05:28.559,91.5800,100
39937261602142,11:05:37.261,91.5900,100
39937262033947,11:05:37.262,91.5900,30
39937262485468,11:05:37.262,91.5900,35
39937262509308,11:05:37.262,91.5900,65
39950069421383,11:05:50.069,91.6000,100
39951006993968,11:05:51.006,91.6100,100
39966264859060,11:06:06.264,91.6300,79
39971456617749,11:06:11.456,91.6400,100
39974374093660,11:06:14.374,91.6300,2
39977388502175,11:06:17.388,91.6200,3
39995542839603,11:06:35.542,91.6100,100
39995542839603,11:06:35.542,91.6100,100
39996440193871,11:06:36.440,91.6100,100
40000568109820,11:06:40.568,91.6200,4
40044070416601,11:07:24.070,91.6400,100
40044070416601,11:07:24.070,91.6400,100
40047731492099,11:07:27.731,91.6300,100
40050448500692,11:07:30.448,91.6200,100
40053257534084,11:07:33.257,91.6200,1
40086461198532,11:08:06.461,91.6200,100
40086461198532,11:08:06.461,91.6200,3
40089757602447,11:08:09.757,91.6100,74
40089757645646,11:08:09.757,91.6100,26
40089757645646,11:08:09.757,91.6100,9
40089758707658,11:08:09.758,91.6100,91
40112464893968,11:08:32.464,91.6500,100
40112464893968,11:08:32.464,91.6500,100
40123905911345,11:08:43.905,91.6500,50
40123905946253,11:08:43.905,91.6500,49
40125699923408,11:08:45.699,91.6500,1
40125699923408,11:08:45.699,91.6500,100
40125700727974,11:08:45.700,91.6600,26
40125700727974,11:08:45.700,91.6600,100
40151078467729,11:09:11.078,91.6800,100
40151078467729,11:09:11.078,91.6800,100
40151078964995,11:09:11.078,91.6900,100
40151078964995,11:09:11.078,91.6900,26
40151181206221,11:09:11.181,91.6800,100
40151197521993,11:09:11.197,91.6800,100
40152787103556,11:09:12.787,91.6900,100
40152787155229,11:09:12.787,91.6900,25
40160571160961,11:09:20.571,91.7100,86
40160571175030,11:09:20.571,91.7100,14
40165411846113,11:09:25.411,91.7100,200
40181641469228,11:09:41.641,91.6900,88
40181641482265,11:09:41.641,91.6900,12
40181641482265,11:09:41.641,91.6900,100
40225671128654,11:10:25.671,91.7200,64
40225671796554,11:10:25.671,91.7200,36
40225701204784,11:10:25.701,91.7300,100
40233546873220,11:10:33.546,91.7400,100
40235119497812,11:10:35.119,91.7200,2
40235120506763,11:10:35.120,91.7100,100
40242454176473,11:10:42.454,91.7000,20
40242653313017,11:10:42.653,91.7000,50
40242653338558,11:10:42.653,91.7000,30
40246352518241,11:10:46.352,91.7000,100
40246352518241,11:10:46.352,91.7000,30
40263586824564,11:11:03.586,91.7100,100
40263587405761,11:11:03.587,91.7200,100
40263587405761,11:11:03.587,91.7200,100
40280805033429,11:11:20.805,91.7600,100
40280805090860,11:11:20.805,91.7600,100
40280805288490,11:11:20.805,91.7700,100
40298418213137,11:11:38.418,91.7500,100
40298418829690,11:11:38.418,91.7300,1
40298419876538,11:11:38.419,91.7300,99
40309349864068,11:11:49.349,91.7400,100
40309349864068,11:11:49.349,91.7400,100
40323438982144,11:12:03.438,91.7400,100
40327853698430,11:12:07.853,91.7600,100
40327853948964,11:12:07.853,91.7600,19
40333842329146,11:12:13.842,91.7600,2
40333845138973,11:12:13.845,91.7500,100
40334344447583,11:12:14.344,91.7300,100
40334344447583,11:12:14.344,91.7300,2
40385256090621,11:13:05.256,91.7200,2
40385256090621,11:13:05.256,91.7200,100
40414956306973,11:13:34.956,91.7300,100
40415775874085,11:13:35.775,91.7400,100
40415775874085,11:13:35.775,91.7400,100
40415775874085,11:13:35.775,91.7400,100
40415777001581,11:13:35.777,91.7500,100
40415777001581,11:13:35.777,91.7500,100
40422538328432,11:13:42.538,91.7600,100
40430085911196,11:13:50.085,91.7600,2
40430085911196,11:13:50.085,91.7600,100
40430086664920,11:13:50.086,91.7400,39
40488824926937,11:14:48.824,91.7600,100
40488825737871,11:14:48.825,91.7500,100
40488825737871,11:14:48.825,91.7500,100
40488825737871,11:14:48.825,91.7500,100
40488825737871,11:14:48.825,91.7500,100
40488825737871,11:14:48.825,91.7500,100
40502797895127,11:15:02.797,91.7600,100
40504444789954,11:15:04.444,91.7700,100
40504444789954,11:15:04.444,91.7700,22
40508571326839,11:15:08.571,91.7700,100
40511409199918,11:15:11.409,91.7600,39
40511409222805,11:15:11.409,91.7600,61
40511409222805,11:15:11.409,91.7600,1
40511418644678,11:15:11.418,91.7600,100
40518390300180,11:15:18.390,91.7500,100
40518584384642,11:15:18.584,91.7400,39
40518584673535,11:15:18.584,91.7400,62
40518584678054,11:15:18.584,91.7400,50
40518584722539,11:15:18.584,91.7400,49
40519000635343,11:15:19.000,91.7400,7
40520312778614,11:15:20.312,91.7500,19
40520312803858,11:15:20.312,91.7500,81
40520312803858,11:15:20.312,91.7500,100
40531207180865,11:15:31.207,91.7400,93
40531207180865,11:15:31.207,91.7400,100
40575700466732,11:16:15.700,91.7500,100
40575700466732,11:16:15.700,91.7500,100
40575700466732,11:16:15.700,91.7500,100
40575709153050,11:16:15.709,91.7500,9
40579991212203,11:16:19.991,91.7500,1
40600276867204,11:16:40.276,91.7600,13
40602953525819,11:16:42.953,91.7700,58
40602953570605,11:16:42.953,91.7700,42
40614202861785,11:16:54.202,91.7700,100
40614202868208,11:16:54.202,91.7700,16
40614202886388,11:16:54.202,91.7700,84
40616572014072,11:16:56.572,91.7500,100
40616841184850,11:16:56.841,91.7300,100
40626942660345,11:17:06.942,91.7400,15
40626942691152,11:17:06.942,91.7400,63
40626942749419,11:17:06.942,91.7400,22
40628790045106,11:17:08.790,91.7500,100
40633705778169,11:17:13.705,91.7700,100
40640581214830,11:17:20.581,91.7800,100
40643312791366,11:17:23.312,91.7900,12
40647062201779,11:17:27.062,91.7850,100
40647062676676,11:17:27.062,91.7900,100
40649331806977,11:17:29.331,91.8000,15
40649331806977,11:17:29.331,91.8000,85
40649331981406,11:17:29.331,91.8000,15
40656570787565,11:17:36.570,91.8200,100
40656570837171,11:17:36.570,91.8200,16
40657290731060,11:17:37.290,91.8300,100
40662662919701,11:17:42.662,91.8200,100
40662686803480,11:17:42.686,91.8200,100
40670660109761,11:17:50.660,91.8300,100
40670660109761,11:17:50.660,91.8300,100
40680707823062,11:18:00.707,91.8700,100
40680707823062,11:18:00.707,91.8700,100
40680707877637,11:18:00.707,91.8700,26
40686167676908,11:18:06.167,91.8900,5
40686167676908,11:18:06.167,91.8900,100
40695058655449,11:18:15.058,91.8700,100
40695058959227,11:18:15.058,91.8700,100
40695058982774,11:18:15.058,91.8700,100
40695059049693,11:18:15.059,91.8700,100
40695059146246,11:18:15.059,91.8700,8
40695059180704,11:18:15.059,91.8700,92
40695059185707,11:18:15.059,91.8800,8
40695059260005,11:18:15.059,91.8800,100
40695060155157,11:18:15.060,91.8900,100
40695060174738,11:18:15.060,91.8900,100
40695060204474,11:18:15.060,91.8900,100
40695060225726,11:18:15.060,91.9000,59
40695060225726,11:18:15.060,91.9000,41
40695060438945,11:18:15.060,91.9000,14
40696156778238,11:18:16.156,91.9000,200
40696156778238,11:18:16.156,91.9000,100
40696157278644,11:18:16.157,91.9000,100
40696157278644,11:18:16.157,91.9000,100
40701551666210,11:18:21.551,91.9200,100
40707117869816,11:18:27.117,91.9500,1
40707117869816,11:18:27.117,91.9500,26
40707117869816,11:18:27.117,91.9500,100
40708062116733,11:18:28.062,91.9500,100
40710504779882,11:18:30.504,91.9600,100
40710504779882,11:18:30.504,91.9600,100
40719327323518,11:18:39.327,91.9900,26
40719327323518,11:18:39.327,91.9900,100
40723923282552,11:18:43.923,92.0000,1
40723923282552,11:18:43.923,92.0000,100
40724386629600,11:18:44.386,91.9800,1
40724409237344,11:18:44.409,92.0100,100
40724409237344,11:18:44.409,92.0100,26
40724409237344,11:18:44.409,92.0100,200
40724409237344,11:18:44.409,92.0100,100
40724409237344,11:18:44.409,92.0100,100
40724409237344,11:18:44.409,92.0100,100
40724409237344,11:18:44.409,92.0100,100
40724409237344,11:18:44.409,92.0100,74
40724409440095,11:18:44.409,92.0100,26
40759271736720,11:19:19.271,92.0300,2
40759272033545,11:19:19.272,92.0200,100
40759272033545,11:19:19.272,92.0200,100
40770414682607,11:19:30.414,92.0000,100
40770414682607,11:19:30.414,92.0000,100
40770414682607,11:19:30.414,92.0000,200
40770414682607,11:19:30.414,92.0000,100
40773160413369,11:19:33.160,91.9800,100
40773184717752,11:19:33.184,91.9800,26
40802264892820,11:20:02.264,92.0000,100
40802265548977,11:20:02.265,92.0100,100
40802265548977,11:20:02.265,92.0100,100
40810773402519,11:20:10.773,92.0200,50
40810773433857,11:20:10.773,92.0200,50
40810773433857,11:20:10.773,92.0200,7
40810781536313,11:20:10.781,92.0200,1
40822747639025,11:20:22.747,92.0200,2
40823490516844,11:20:23.490,92.0100,50
40823490540815,11:20:23.490,92.0100,1
40823490564372,11:20:23.490,92.0100,149
40823557569258,11:20:23.557,92.0000,100
40862170917846,11:21:02.170,91.9700,17
40862586245338,11:21:02.586,91.9750,100
40863957445320,11:21:03.957,91.9600,60
40892945383927,11:21:32.945,91.9800,100
40892945383927,11:21:32.945,91.9900,100
40892945669426,11:21:32.945,91.9900,100
40900040242621,11:21:40.040,92.0000,100
40914137911544,11:21:54.137,92.0200,100
40914536952455,11:21:54.536,92.0200,70
40915079348282,11:21:55.079,92.0300,100
40922593720651,11:22:02.593,92.0400,15
40922624526566,11:22:02.624,92.0400,60
40923984623374,11:22:03.984,92.0400,25
40923984623374,11:22:03.984,92.0400,100
40926607698064,11:22:06.607,92.0200,100
40930766507185,11:22:10.766,92.0300,7
40933218355257,11:22:13.218,92.0400,100
40950840625000,11:22:30.840,92.0600,100
40950840625000,11:22:30.840,92.0600,3
40950840636005,11:22:30.840,92.0600,97
40951279491669,11:22:31.279,92.0650,100
40951468378261,11:22:31.468,92.0600,100
40956011511897,11:22:36.011,92.0300,100
40956011511897,11:22:36.011,92.0300,100
40956011511897,11:22:36.011,92.0300,100
40958441352119,11:22:38.441,92.0300,100
40963119286886,11:22:43.119,92.0300,100
40980018962213,11:23:00.018,92.0400,7
40980019126073,11:23:00.019,92.0400,10
41020067149729,11:23:40.067,92.0400,63
41028085893752,11:23:48.085,92.0400,37
41040161130957,11:24:00.161,92.0300,100
41040161130957,11:24:00.161,92.0300,100
41040161130957,11:24:00.161,92.0300,100
41040161130957,11:24:00.161,92.0300,100
41040162532129,11:24:00.162,92.0200,100
41040477457728,11:24:00.477,92.0100,50
41040477523780,11:24:00.477,92.0100,50
41040549086831,11:24:00.549,92.0100,100
41093101504367,11:24:53.101,92.0100,100
41094617445484,11:24:54.617,92.0000,29
41094617449710,11:24:54.617,92.0000,18
41094617452776,11:24:54.617,92.0000,53
41094617452776,11:24:54.617,92.0000,100
41094617452776,11:24:54.617,92.0000,47
41094617505776,11:24:54.617,92.0000,53
41106440197575,11:25:06.440,91.9800,32
41106440234565,11:25:06.440,91.9800,55
41106440292335,11:25:06.440,91.9800,13
41106441491484,11:25:06.441,91.9800,27
41106444883448,11:25:06.444,91.9800,17
41108337504425,11:25:08.337,91.9700,100
41123357379361,11:25:23.357,91.9600,100
41123364090544,11:25:23.364,91.9500,17
41123639916606,11:25:23.639,91.9500,100
41123639916606,11:25:23.639,91.9500,100
41124501979720,11:25:24.501,91.9600,7
41129323202081,11:25:29.323,91.9650,100
41129323202081,11:25:29.323,91.9700,100
41129323204430,11:25:29.323,91.9700,100
41129502311604,11:25:29.502,91.9800,100
41129502311604,11:25:29.502,91.9800,100
41129502311604,11:25:29.502,91.9800,200
41132560522797,11:25:32.560,91.9800,88
41132560580475,11:25:32.560,91.9800,12
41132560615287,11:25:32.560,91.9800,100
41137662899120,11:25:37.662,91.9900,100
41137663661560,11:25:37.663,91.9900,200
41137663686091,11:25:37.663,91.9900,89
41137665195798,11:25:37.665,91.9900,11
41137665605610,11:25:37.665,91.9800,100
41137665605610,11:25:37.665,91.9800,100
41140532553842,11:25:40.532,91.9900,38
41140532553842,11:25:40.532,92.0000,100
41140532553842,11:25:40.532,92.0000,100
41140532553842,11:25:40.532,92.0000,100
41142071612859,11:25:42.071,92.0000,100
41142084785713,11:25:42.084,92.0000,47
41142084815474,11:25:42.084,92.0000,53
41142084831122,11:25:42.084,92.0000,53
41142137121767,11:25:42.137,92.0000,100
41142137245881,11:25:42.137,92.0000,100
41142137474653,11:25:42.137,92.0000,47
41142137677869,11:25:42.137,92.0000,100
41142137677869,11:25:42.137,92.0000,100
41142150363173,11:25:42.150,92.0000,100
41152607205686,11:25:52.607,92.0100,9
41167017081575,11:26:07.017,92.0100,10
41170034624173,11:26:10.034,92.0000,2
41175128483625,11:26:15.128,91.9800,70
41199239792863,11:26:39.239,91.9900,100
41199239792863,11:26:39.239,91.9900,7
41199239792863,11:26:39.239,91.9900,93
41199239827541,11:26:39.239,91.9900,7
41230483165306,11:27:10.483,92.0100,74
41230483165306,11:27:10.483,92.0100,100
41230483165306,11:27:10.483,92.0100,100
41230484017485,11:27:10.484,92.0100,200
41231003986164,11:27:11.003,91.9900,200
41275304985668,11:27:55.304,91.9700,100
41275305014023,11:27:55.305,91.9700,100
41275477904502,11:27:55.477,91.9600,100
41275477929308,11:27:55.477,91.9600,100
41281028966370,11:28:01.028,91.9500,100
41281028966370,11:28:01.028,91.9500,200
41284352863363,11:28:04.352,91.9500,200
41284352863363,11:28:04.352,91.9500,6
41327113463280,11:28:47.113,91.9300,200
41327113463280,11:28:47.113,91.9300,100
41327113463280,11:28:47.113,91.9300,100
41329282290467,11:28:49.282,91.9000,100
41357036085092,11:29:17.036,91.9000,1
41361061697160,11:29:21.061,91.8900,100
41375211969871,11:29:35.211,91.8850,100
41375211969871,11:29:35.211,91.8900,100
41375211995740,11:29:35.211,91.8900,100
41379494212368,11:29:39.494,91.8900,100
41379494212368,11:29:39.494,91.8900,100
41379494212368,11:29:39.494,91.8900,100
41379494240015,11:29:39.494,91.8900,45
41379494245675,11:29:39.494,91.8900,55
41386238692535,11:29:46.238,91.8800,50
41386238695601,11:29:46.238,91.8800,50
41389245507358,11:29:49.245,91.8700,100
41393780087654,11:29:53.780,91.8600,39
41393780314783,11:29:53.780,91.8600,61
41397635070502,11:29:57.635,91.8500,100
41404429029321,11:30:04.429,91.8450,100
41415015682959,11:30:15.015,91.8400,3
41415015706901,11:30:15.015,91.8400,13
41415251913636,11:30:15.251,91.8400,20
41420247423672,11:30:20.247,91.8300,2
41420247423672,11:30:20.247,91.8300,100
41434888063102,11:30:34.888,91.8300,100
41434888063102,11:30:34.888,91.8300,6
41434888063102,11:30:34.888,91.8300,100
41437154502301,11:30:37.154,91.8300,100
41446003605198,11:30:46.003,91.8000,39
41453622241625,11:30:53.622,91.8000,61
41464207880663,11:31:04.207,91.8200,100
41464207880663,11:31:04.207,91.8200,6
41464207905732,11:31:04.207,91.8200,94
41484835531065,11:31:24.835,91.8300,300
41484835618909,11:31:24.835,91.8300,100
41497997677698,11:31:37.997,91.8350,100
41497997677698,11:31:37.997,91.8400,100
41497997677698,11:31:37.997,91.8400,45
41497997714295,11:31:37.997,91.8400,55
41497997714295,11:31:37.997,91.8400,90
41497997727876,11:31:37.997,91.8400,110
41506873581134,11:31:46.873,91.8500,100
41526969619810,11:32:06.969,91.8300,100
41526969619810,11:32:06.969,91.8300,100
41549642739025,11:32:29.642,91.8000,100
41570668903632,11:32:50.668,91.8000,100
41580298455157,11:33:00.298,91.7900,100
41580298455157,11:33:00.298,91.7900,100
41580298558124,11:33:00.298,91.7900,100
41608340925260,11:33:28.340,91.7600,100
41608877505397,11:33:28.877,91.7700,100
41611105005911,11:33:31.105,91.7700,100
41612490252773,11:33:32.490,91.7600,100
41612490252773,11:33:32.490,91.7600,100
41614278844491,11:33:34.278,91.7500,100
41617375050483,11:33:37.375,91.7400,5
41618775638906,11:33:38.775,91.7400,1
41634690700353,11:33:54.690,91.7500,51
41666152299915,11:34:26.152,91.7600,100
41666152299915,11:34:26.152,91.7600,100
41666152299915,11:34:26.152,91.7600,5
41666152299915,11:34:26.152,91.7600,100
41666152299915,11:34:26.152,91.7600,95
41666152329158,11:34:26.152,91.7600,5
41667650760953,11:34:27.650,91.7700,100
41674649080923,11:34:34.649,91.7700,100
41687394991939,11:34:47.394,91.7700,100
41687394991939,11:34:47.394,91.7700,100
41687394991939,11:34:47.394,91.7700,100
41687394993922,11:34:47.394,91.7700,100
41692811293211,11:34:52.811,91.7500,100
41692811892420,11:34:52.811,91.7400,6
41692812378115,11:34:52.812,91.7400,94
41693295113447,11:34:53.295,91.7200,100
41693295113447,11:34:53.295,91.7200,100
41693295201803,11:34:53.295,91.7200,30
41693295201803,11:34:53.295,91.7200,100
41694104464375,11:34:54.104,91.7100,100
41711981711131,11:35:11.981,91.7000,100
41711981711131,11:35:11.981,91.7000,100
41712478167725,11:35:12.478,91.7000,200
41728394752332,11:35:28.394,91.6700,100
41729279493029,11:35:29.279,91.6600,100
41734279711968,11:35:34.279,91.6400,100
41747280239419,11:35:47.280,91.6300,100
41763857562408,11:36:03.857,91.6350,100
41773251922142,11:36:13.251,91.6500,4
41788037203124,11:36:28.037,91.6200,2
41795025322953,11:36:35.025,91.6150,100
41800052382837,11:36:40.052,91.6200,100
41810187947207,11:36:50.187,91.6200,100
41810187947207,11:36:50.187,91.6100,100
41900012553754,11:38:20.012,91.6000,8
41903146260665,11:38:23.146,91.6000,6
41903146836888,11:38:23.146,91.6000,48
41949386720776,11:39:09.386,91.5800,100
41949386720776,11:39:09.386,91.5800,100
41949388092681,11:39:09.388,91.6000,100
41952551458192,11:39:12.551,91.6100,100
41952555933294,11:39:12.555,91.6200,100
41952555933294,11:39:12.555,91.6200,100
41952556383980,11:39:12.556,91.6300,100
41952556383980,11:39:12.556,91.6300,100
41956064699214,11:39:16.064,91.6300,100
41956064699214,11:39:16.064,91.6400,100
41956064699214,11:39:16.064,91.6400,100
41956064726464,11:39:16.064,91.6400,100
41957807939692,11:39:17.807,91.6500,1
41974392374959,11:39:34.392,91.6500,34
41974392379620,11:39:34.392,91.6500,66
41975356004811,11:39:35.356,91.6500,47
41980010507444,11:39:40.010,91.6500,34
41980010533313,11:39:40.010,91.6500,166
41986165896564,11:39:46.165,91.6400,27
41986165896564,11:39:46.165,91.6400,100
42003972873414,11:40:03.972,91.6500,5
42030030159831,11:40:30.030,91.6400,2
42033556663601,11:40:33.556,91.6200,50
42033556678166,11:40:33.556,91.6200,50
42033556678166,11:40:33.556,91.6200,16
42033556679794,11:40:33.556,91.6200,84
42074397938194,11:41:14.397,91.6100,20
42089012378686,11:41:29.012,91.6000,2
42118020100916,11:41:58.020,91.6100,100
42118020864224,11:41:58.020,91.6200,100
42118020864224,11:41:58.020,91.6200,100
42133217306156,11:42:13.217,91.6600,100
42133217306156,11:42:13.217,91.6600,4
42139326380047,11:42:19.326,91.6600,100
42139326926327,11:42:19.326,91.6600,100
42139326953616,11:42:19.326,91.6600,100
42139327226927,11:42:19.327,91.6500,100
42162718476770,11:42:42.718,91.6300,100
42164740294686,11:42:44.740,91.6500,100
42164740294686,11:42:44.740,91.6500,32
42164740294686,11:42:44.740,91.6500,68
42164741278839,11:42:44.741,91.6500,6
42164741980021,11:42:44.741,91.6500,26
42168765717238,11:42:48.765,91.6600,100
42168765717238,11:42:48.765,91.6600,100
42192748472138,11:43:12.748,91.6500,2
42192749012979,11:43:12.749,91.6400,100
42218301947248,11:43:38.301,91.6500,2
42218301947248,11:43:38.301,91.6600,98
42218302008240,11:43:38.302,91.6600,2
42239302075131,11:43:59.302,91.6500,18
42240786214300,11:44:00.786,91.6400,100
42240786214300,11:44:00.786,91.6400,100
42240786214300,11:44:00.786,91.6400,100
42297128282856,11:44:57.128,91.6500,100
42320993116733,11:45:20.993,91.6700,100
42320993116733,11:45:20.993,91.6700,100
42321019276797,11:45:21.019,91.6800,100
42321019767007,11:45:21.019,91.6800,89
42322400902053,11:45:22.400,91.6900,100
42322400978495,11:45:22.400,91.6900,2
42322401264414,11:45:22.401,91.6900,2
42323652521840,11:45:23.652,91.7100,100
42326178273695,11:45:26.178,91.7200,100
42328008885364,11:45:28.008,91.7100,2
42342796134589,11:45:42.796,91.7000,79
42342796139230,11:45:42.796,91.7000,21
42345296857223,11:45:45.296,91.6700,100
42345296857223,11:45:45.296,91.6700,100
42345296857223,11:45:45.296,91.6700,100
42359899873643,11:45:59.899,91.6600,100
42361255119365,11:46:01.255,91.6700,100
42379236178964,11:46:19.236,91.6800,100
42388012219382,11:46:28.012,91.6800,100
42388012244355,11:46:28.012,91.6800,100
42388012676379,11:46:28.012,91.6800,100
42388013322836,11:46:28.013,91.6800,2
42389317802374,11:46:29.317,91.6500,2
42389536859522,11:46:29.536,91.6600,73
42394809635909,11:46:34.809,91.6800,30
42420013441037,11:47:00.013,91.7000,100
42428127315940,11:47:08.127,91.6800,100
42455733306375,11:47:35.733,91.6600,100
42455733345143,11:47:35.733,91.6500,98
42465437868269,11:47:45.437,91.6900,48
42509593678984,11:48:29.593,91.6700,2
42535074041518,11:48:55.074,91.6600,1
42535074793433,11:48:55.074,91.6500,100
42539129239748,11:48:59.129,91.6700,100
42559773294872,11:49:19.773,91.6400,100
42559773294872,11:49:19.773,91.6400,100
42559780830647,11:49:19.780,91.6500,100
42607706595682,11:50:07.706,91.6500,100
42607706595682,11:50:07.706,91.6500,31
42609151376131,11:50:09.151,91.6400,1
42612869655006,11:50:12.869,91.6400,5
42615326618459,11:50:15.326,91.6400,9
42615326618459,11:50:15.326,91.6400,100
42638380891792,11:50:38.380,91.6300,100
42638380891792,11:50:38.380,91.6300,100
42687142704578,11:51:27.142,91.6100,100
42687142704578,11:51:27.142,91.6100,100
42691543277969,11:51:31.543,91.6000,100
42691543277969,11:51:31.543,91.5900,9
42704932204083,11:51:44.932,91.5950,100
42704932226622,11:51:44.932,91.6100,100
42704932226622,11:51:44.932,91.6100,74
42705044306153,11:51:45.044,91.6150,100
42705044306153,11:51:45.044,91.6200,100
42705044332086,11:51:45.044,91.6200,100
42706923959120,11:51:46.923,91.6300,100
42706924410260,11:51:46.924,91.6400,100
42706924410260,11:51:46.924,91.6400,100
42706925257334,11:51:46.925,91.6400,100
42720013062406,11:52:00.013,91.6500,100
42720013062406,11:52:00.013,91.6500,100
42720015994654,11:52:00.015,91.6400,15
42731172278830,11:52:11.172,91.6600,100
42731172913206,11:52:11.172,91.6600,100
42731354865298,11:52:11.354,91.6700,95
42731354933293,11:52:11.354,91.6700,5
42733467227856,11:52:13.467,91.6800,100
42740285077124,11:52:20.285,91.6700,2
42749059915287,11:52:29.059,91.6900,3
42753197768057,11:52:33.197,91.6900,100
42755147625584,11:52:35.147,91.6700,63
42759412542944,11:52:39.412,91.7000,100
42759412542944,11:52:39.412,91.7000,100
42759412542944,11:52:39.412,91.7000,100
42762022125210,11:52:42.022,91.7200,100
42762022125210,11:52:42.022,91.7200,100
42762022125210,11:52:42.022,91.7200,100
42764886645492,11:52:44.886,91.7400,3
42766245364111,11:52:46.245,91.7400,7
42766245364111,11:52:46.245,91.7700,93
42766245490972,11:52:46.245,91.7700,7
42773815107097,11:52:53.815,91.7500,100
42818774407894,11:53:38.774,91.7800,20
42819013573036,11:53:39.013,91.8000,2
42834814360649,11:53:54.814,91.8200,1
42850416744155,11:54:10.416,91.8200,152
42850416744155,11:54:10.416,91.8200,48
42850416806698,11:54:10.416,91.8200,52
42850417217623,11:54:10.417,91.8300,6
42850417217623,11:54:10.417,91.8300,94
42850937891593,11:54:10.937,91.8300,2
42875228680112,11:54:35.228,91.8500,2
42882008658675,11:54:42.008,91.8300,100
42882008658675,11:54:42.008,91.8300,100
42882008658675,11:54:42.008,91.8300,100
42908278842540,11:55:08.278,91.8500,100
42908278842540,11:55:08.278,91.8500,100
42912472996047,11:55:12.472,91.8250,6
42912473014052,11:55:12.473,91.8250,6
42933243651835,11:55:33.243,91.8400,53
42959949140537,11:55:59.949,91.8400,4
43012965303519,11:56:52.965,91.8500,68
43012965303519,11:56:52.965,91.8500,100
43013279299844,11:56:53.279,91.8600,7
43013279299844,11:56:53.279,91.8700,93
43029007128894,11:57:09.007,91.8500,100
43029007128894,11:57:09.007,91.8500,100
43031984195526,11:57:11.984,91.8400,2
43031984655606,11:57:11.984,91.8500,100
43031984655606,11:57:11.984,91.8500,10
43031984655606,11:57:11.984,91.8500,81
43031985207375,11:57:11.985,91.8600,9
43032331357868,11:57:12.331,91.8600,91
43032331357868,11:57:12.331,91.8600,9
43042344827555,11:57:22.344,91.8400,10
43086871555461,11:58:06.871,91.8400,100
43086871555461,11:58:06.871,91.8400,100
43086875043105,11:58:06.875,91.8300,100
43086875067207,11:58:06.875,91.8300,100
43095066571457,11:58:15.066,91.8400,200
43095066571457,11:58:15.066,91.8400,100
43095066599148,11:58:15.066,91.8400,6
43095069011317,11:58:15.069,91.8400,6
43095069011317,11:58:15.069,91.8400,100
43095069798092,11:58:15.069,91.8400,100
43096596552227,11:58:16.596,91.8400,100
43096596929005,11:58:16.596,91.8300,100
43096596929005,11:58:16.596,91.8300,3
43096596989007,11:58:16.596,91.8300,97
43110044052614,11:58:30.044,91.8300,2
43110513228343,11:58:30.513,91.8300,100
43111045475459,11:58:31.045,91.8400,10
43111046674719,11:58:31.046,91.8500,100
43140639788021,11:59:00.639,91.8400,2
43161806156953,11:59:21.806,91.8200,70
43215199983825,12:00:15.199,91.8300,74
43215199983825,12:00:15.199,91.8300,26
43215200027351,12:00:15.200,91.8300,38
43215251217619,12:00:15.251,91.8300,36
43224219235934,12:00:24.219,91.8100,100
43265332948776,12:01:05.332,91.8300,5
43265332948776,12:01:05.332,91.8300,100
43265332948776,12:01:05.332,91.8300,95
43265333186804,12:01:05.333,91.8300,5
43272942632977,12:01:12.942,91.8400,7
43281413449572,12:01:21.413,91.8200,100
43281413487978,12:01:21.413,91.8100,41
43281413574837,12:01:21.413,91.8100,3
43281413579321,12:01:21.413,91.8100,6
43281413599147,12:01:21.413,91.8100,14
43281414548792,12:01:21.414,91.8300,100
43281414548792,12:01:21.414,91.8300,100
43281417211635,12:01:21.417,91.8200,43
43281417982752,12:01:21.417,91.8200,57
43281417982752,12:01:21.417,91.8200,43
43281418044711,12:01:21.418,91.8200,57
43281418044711,12:01:21.418,91.8200,98
43283249642652,12:01:23.249,91.8300,100
43288291632714,12:01:28.291,91.8300,39
43289448029776,12:01:29.448,91.8100,2
43289448029776,12:01:29.448,91.8100,100
43289448029776,12:01:29.448,91.8000,98
43332261398555,12:02:12.261,91.8200,100
43332261398555,12:02:12.261,91.8200,6
43332261784569,12:02:12.261,91.8200,94
43332261784569,12:02:12.261,91.8200,6
43332264188587,12:02:12.264,91.8300,61
43332264188587,12:02:12.264,91.8300,139
43332264213454,12:02:12.264,91.8300,61
43333007465437,12:02:13.007,91.8500,100
43333007465437,12:02:13.007,91.8500,60
43333094605353,12:02:13.094,91.8500,100
43333094605353,12:02:13.094,91.8500,100
43341015210638,12:02:21.015,91.8600,100
43341015210638,12:02:21.015,91.8600,100
43356658886703,12:02:36.658,91.8700,93
43356660015349,12:02:36.660,91.8700,7
43356660015349,12:02:36.660,91.8700,40
43356660070034,12:02:36.660,91.8700,38
43356663529266,12:02:36.663,91.8800,50
43356663529266,12:02:36.663,91.8800,50
43356669376033,12:02:36.669,91.8800,44
43356670408759,12:02:36.670,91.8800,6
43361763610761,12:02:41.763,91.8900,15
43361763610761,12:02:41.763,91.8900,85
43361763667546,12:02:41.763,91.8900,15
43366302233397,12:02:46.302,91.9000,2
43366302233397,12:02:46.302,91.9000,98
43366302233397,12:02:46.302,91.9000,100
43388240677428,12:03:08.240,91.9400,10
43388240704121,12:03:08.240,91.9400,4
43388240752097,12:03:08.240,91.9400,4
43388240801673,12:03:08.240,91.9400,7
43388240816003,12:03:08.240,91.9400,12
43408023751523,12:03:28.023,91.9200,2
43408023777823,12:03:28.023,91.9200,27
43408024824542,12:03:28.024,91.9100,100
43408024824542,12:03:28.024,91.9100,100
43408025765325,12:03:28.025,91.9100,100
43408036556136,12:03:28.036,91.9000,100
43408036556136,12:03:28.036,91.9000,100
43408927711792,12:03:28.927,91.9000,100
43431494979466,12:03:51.494,91.9000,20
43431494979466,12:03:51.494,91.9100,100
43431494979466,12:03:51.494,91.9100,80
43437976367665,12:03:57.976,91.8900,100
43441045811850,12:04:01.045,91.8900,15
43450419889753,12:04:10.419,91.8950,100
43450419889753,12:04:10.419,91.8800,100
43450419889753,12:04:10.419,91.8800,100
43450419916778,12:04:10.419,91.8800,33
43450419945249,12:04:10.419,91.8800,20
43450420173511,12:04:10.420,91.8800,47
43473248995383,12:04:33.248,91.8800,50
43473249078273,12:04:33.249,91.8800,50
43473253716083,12:04:33.253,91.8700,100
43473266584568,12:04:33.266,91.8700,96
43473266609836,12:04:33.266,91.8700,4
43507234201768,12:05:07.234,91.8600,100
43507234201768,12:05:07.234,91.8700,6
43507234529938,12:05:07.234,91.8700,100
43507235422098,12:05:07.235,91.8700,100
43532277503638,12:05:32.277,91.8700,19
43532561462379,12:05:32.561,91.8700,37
43540066119524,12:05:40.066,91.9000,100
43560399909454,12:06:00.399,91.8700,2
43640210429308,12:07:20.210,91.8500,100
43640210429308,12:07:20.210,91.8500,100
43708359224789,12:08:28.359,91.8500,3
43708359519139,12:08:28.359,91.8400,100
43710002112600,12:08:30.002,91.8350,4
43711812735075,12:08:31.812,91.8350,100
43712977012677,12:08:32.977,91.8350,3
43712984154887,12:08:32.984,91.8350,2
43722283952705,12:08:42.283,91.8500,100
43722283952705,12:08:42.283,91.8500,5
43722330486597,12:08:42.330,91.8600,100
43722330486597,12:08:42.330,91.8600,100
43722330486597,12:08:42.330,91.8600,100
43730773248883,12:08:50.773,91.8700,100
43732912934746,12:08:52.912,91.8500,100
43799211717696,12:09:59.211,91.8900,72
43807014843783,12:10:07.014,91.9000,100
43807014843783,12:10:07.014,91.9000,100
43807014870765,12:10:07.014,91.9000,6
43807015321052,12:10:07.015,91.9100,20
43807015321052,12:10:07.015,91.9100,56
43807015321052,12:10:07.015,91.9100,100
43815018533183,12:10:15.018,91.9150,100
43819702027053,12:10:19.702,91.9000,97
43819702053228,12:10:19.702,91.9000,3
43819702053228,12:10:19.702,91.9000,100
43819702053228,12:10:19.702,91.9000,100
43819702091238,12:10:19.702,91.9000,100
43842585359891,12:10:42.585,91.9000,3
43843820077672,12:10:43.820,91.8900,44
43843820104212,12:10:43.820,91.8900,56
43843820104212,12:10:43.820,91.8900,15
43843820178312,12:10:43.820,91.8900,85
43860431638806,12:11:00.431,91.8900,13
43860432099764,12:11:00.432,91.9000,100
43863278948793,12:11:03.278,91.9100,100
43871741125308,12:11:11.741,91.9100,100
43884216559156,12:11:24.216,91.9000,2
43884216559156,12:11:24.216,91.9000,45
43884216622846,12:11:24.216,91.9000,55
43884249361481,12:11:24.249,91.8900,100
43906969289629,12:11:46.969,91.8900,100
43921704250809,12:12:01.704,91.8900,100
43921704806987,12:12:01.704,91.9000,100
43947443402180,12:12:27.443,91.8900,100
43950433620219,12:12:30.433,91.9000,2
43953343696101,12:12:33.343,91.9000,47
43959857209484,12:12:39.857,91.9100,6
43959857209484,12:12:39.857,91.9100,94
43966487312242,12:12:46.487,91.8900,100
43968959588736,12:12:48.959,91.8800,100
43968959588736,12:12:48.959,91.8800,100
44008073363333,12:13:28.073,91.9100,100
44008074177416,12:13:28.074,91.9200,100
44008074177416,12:13:28.074,91.9200,100
44008074177416,12:13:28.074,91.9200,100
44008074177416,12:13:28.074,91.9200,100
44008076764576,12:13:28.076,91.9200,200
44011462272366,12:13:31.462,91.9100,100
44011462272366,12:13:31.462,91.9300,100
44011462272366,12:13:31.462,91.9300,100
44011462272366,12:13:31.462,91.9300,100
44011465455582,12:13:31.465,91.9300,100
44012029765169,12:13:32.029,91.9300,2
44027286635717,12:13:47.286,91.9300,100
44028102806782,12:13:48.102,91.9400,37
44028102926844,12:13:48.102,91.9400,63
44028106351843,12:13:48.106,91.9300,100
44028106351843,12:13:48.106,91.9300,10
44028488745094,12:13:48.488,91.9300,100
44028488798411,12:13:48.488,91.9300,10
44029118810970,12:13:49.118,91.9400,100
44036422527086,12:13:56.422,91.9600,100
44037347515844,12:13:57.347,91.9400,100
44060798288033,12:14:20.798,91.9300,100
44060798288033,12:14:20.798,91.9200,100
44060798319541,12:14:20.798,91.9200,100
44063080973164,12:14:23.080,91.9200,22
44063081017169,12:14:23.081,91.9200,78
44066230264595,12:14:26.230,91.9300,100
44077320027842,12:14:37.320,91.9300,100
44079297867388,12:14:39.297,91.9300,7
44079297867388,12:14:39.297,91.9400,93
44079301456881,12:14:39.301,91.9300,100
44079301456881,12:14:39.301,91.9200,100
44083779707766,12:14:43.779,91.9400,100
44085653314789,12:14:45.653,91.9400,100
44095878259922,12:14:55.878,91.9300,100
44099370663733,12:14:59.370,91.9400,100
44100944577803,12:15:00.944,91.9400,100
44100948082182,12:15:00.948,91.9200,100
44100948082182,12:15:00.948,91.9200,10
44113483738852,12:15:13.483,91.9100,300
44113708462037,12:15:13.708,91.8900,10
44116165586666,12:15:16.165,91.9000,100
44118952232369,12:15:18.952,91.9000,10
44118952232369,12:15:18.952,91.9100,90
44126081241241,12:15:26.081,91.8900,49
44132919327338,12:15:32.919,91.8900,10
44134625999045,12:15:34.625,91.9100,56
44134625999045,12:15:34.625,91.9200,44
44136042344764,12:15:36.042,91.9200,100
44137288251288,12:15:37.288,91.9300,100
44171417394906,12:16:11.417,91.9400,34
44171417394906,12:16:11.417,91.9400,66
44176526374925,12:16:16.526,91.9500,100
44176526374925,12:16:16.526,91.9500,6
44176526604738,12:16:16.526,91.9500,10
44186753863183,12:16:26.753,91.9400,100
44186753863183,12:16:26.753,91.9500,49
44187233915856,12:16:27.233,91.9500,35
44187233915856,12:16:27.233,91.9500,58
44187233915856,12:16:27.233,91.9500,7
44192018149611,12:16:32.018,91.9600,2
44193221262323,12:16:33.221,91.9600,10
44193221287454,12:16:33.221,91.9600,1
44193221343962,12:16:33.221,91.9600,79
44209584721674,12:16:49.584,91.9500,11
44210151465700,12:16:50.151,91.9500,100
44222837977001,12:17:02.837,91.9400,100
44222838485122,12:17:02.838,91.9300,100
44232813044826,12:17:12.813,91.9300,100
44253845971444,12:17:33.845,91.9200,100
44269278999595,12:17:49.278,91.9500,100
44269278999595,12:17:49.278,91.9500,38
44269279050640,12:17:49.279,91.9500,62
44301120644456,12:18:21.120,91.9800,100
44301120644456,12:18:21.120,91.9800,100
44301120644456,12:18:21.120,91.9800,57
44301124864309,12:18:21.124,91.9800,100
44302395182950,12:18:22.395,91.9900,100
44302395208447,12:18:22.395,91.9900,7
44302395208447,12:18:22.395,91.9900,48
44308042276624,12:18:28.042,91.9900,2
44310842234508,12:18:30.842,91.9800,100
44320427657580,12:18:40.427,91.9700,100
44321426421958,12:18:41.426,91.9600,100
44335080812530,12:18:55.080,91.9500,100
44349098906858,12:19:09.098,91.9800,100
44357305352682,12:19:17.305,92.0000,1
44358256148568,12:19:18.256,92.0000,100
44369022731140,12:19:29.022,92.0100,1
44369022740327,12:19:29.022,92.0000,2
44369023049544,12:19:29.023,92.0100,36
44369023104601,12:19:29.023,92.0100,64
44369023104601,12:19:29.023,92.0100,100
44369023142203,12:19:29.023,92.0100,10
44369023142203,12:19:29.023,92.0100,10
44369023151004,12:19:29.023,92.0100,15
44369023266214,12:19:29.023,92.0100,100
44371292424799,12:19:31.292,92.0100,15
44371293648245,12:19:31.293,92.0100,100
44371293648245,12:19:31.293,92.0100,100
44376091115291,12:19:36.091,92.0200,100
44378537166585,12:19:38.537,92.0300,1
44379283719776,12:19:39.283,92.0400,1
44379283719776,12:19:39.283,92.0500,1
44379283719776,12:19:39.283,92.0500,99
44394212339430,12:19:54.212,92.0300,100
44408156535575,12:20:08.156,92.0600,1
44408156535575,12:20:08.156,92.0600,7
44412532234700,12:20:12.532,92.0500,55
44412532406609,12:20:12.532,92.0500,45
44412532406609,12:20:12.532,92.0500,65
44412532477802,12:20:12.532,92.0500,35
44414980495771,12:20:14.980,92.0500,100
44431464958111,12:20:31.464,92.0700,100
44433554130512,12:20:33.554,92.0800,1
44433554130512,12:20:33.554,92.0800,100
44433554130512,12:20:33.554,92.0800,99
44479956772418,12:21:19.956,92.1000,1
44479956772418,12:21:19.956,92.1000,3
44479956816048,12:21:19.956,92.1000,4
44485247894955,12:21:25.247,92.0600,6
44485588318855,12:21:25.588,92.0500,100
44485588318855,12:21:25.588,92.0500,30
44485588318855,12:21:25.588,92.0500,100
44485588318855,12:21:25.588,92.0500,100
44486676920396,12:21:26.676,92.0600,100
44507087010743,12:21:47.087,92.0700,100
44507525392417,12:21:47.525,92.0800,4
44525903821502,12:22:05.903,92.0900,100
44525903821502,12:22:05.903,92.0900,100
44529180443466,12:22:09.180,92.1100,100
44534031063975,12:22:14.031,92.1200,2
44534031622557,12:22:14.031,92.1100,100
44535486031633,12:22:15.486,92.1200,10
44535486031633,12:22:15.486,92.1200,100
44536787517055,12:22:16.787,92.1200,20
44536787517055,12:22:16.787,92.1200,100
44541035044795,12:22:21.035,92.1300,1
44541035044795,12:22:21.035,92.1300,100
44541035044795,12:22:21.035,92.1300,7
44546453738183,12:22:26.453,92.1400,100
44546453970100,12:22:26.453,92.1400,100
44546924050254,12:22:26.924,92.1500,1
44546924050254,12:22:26.924,92.1500,15
44546924050254,12:22:26.924,92.1500,100
44548017102186,12:22:28.017,92.1500,2
44548018713808,12:22:28.018,92.1300,100
44548018713808,12:22:28.018,92.1200,100
44548018713808,12:22:28.018,92.1200,100
44548019719555,12:22:28.019,92.1000,100
44548019785569,12:22:28.019,92.1000,100
44548021075389,12:22:28.021,92.1100,100
44557482946882,12:22:37.482,92.1300,100
44563169265984,12:22:43.169,92.0900,11
44564150385069,12:22:44.150,92.0900,89
44583039194567,12:23:03.039,92.0800,6
44600247401487,12:23:20.247,92.0600,2
44600247408426,12:23:20.247,92.0600,2
44600247416944,12:23:20.247,92.0600,2
44600267273375,12:23:20.267,92.0600,30
44609414028319,12:23:29.414,92.0600,100
44609414108278,12:23:29.414,92.0600,100
44609539182601,12:23:29.539,92.0600,66
44642955737260,12:24:02.955,92.0150,6
44644073069071,12:24:04.073,92.0150,30
44655007365858,12:24:15.007,92.0000,2
44683594657029,12:24:43.594,92.0100,6
44683594657981,12:24:43.594,92.0100,6
44711985942667,12:25:11.985,91.9800,100
44714242252141,12:25:14.242,91.9800,100
44714242252141,12:25:14.242,91.9800,100
44728016401113,12:25:28.016,91.9800,2
44734102182835,12:25:34.102,91.9800,98
44734102182835,12:25:34.102,91.9900,2
44735809729534,12:25:35.809,91.9900,93
44735809729534,12:25:35.809,91.9900,7
44735810078941,12:25:35.810,91.9900,6
44735810899616,12:25:35.810,91.9800,100
44735811111913,12:25:35.811,91.9800,100
44736406744454,12:25:36.406,91.9600,100
44736406744454,12:25:36.406,91.9600,100
44767119105908,12:26:07.119,91.9700,100
44767119105908,12:26:07.119,91.9700,6
44768178992447,12:26:08.178,91.9600,100
44769765607885,12:26:09.765,91.9500,100
44769765607885,12:26:09.765,91.9400,100
44807498751942,12:26:47.498,91.9400,2
44807506024833,12:26:47.506,91.9400,1
44810114529979,12:26:50.114,91.9400,42
44811096773031,12:26:51.096,91.9500,2
44811096773031,12:26:51.096,91.9600,2
44812684755834,12:26:52.684,91.9700,100
44812721579725,12:26:52.721,91.9500,100
44823161904456,12:27:03.161,91.9600,100
44826247993288,12:27:06.247,91.9700,100
44826257843329,12:27:06.257,91.9700,100
44826257843329,12:27:06.257,91.9700,48
44826269487314,12:27:06.269,91.9600,200
44826322442205,12:27:06.322,91.9600,100
44841739392417,12:27:21.739,91.9300,100
44845760051717,12:27:25.760,91.9300,100
44845760097177,12:27:25.760,91.9200,100
44845760187082,12:27:25.760,91.9200,100
44852727358060,12:27:32.727,91.9200,100
44853656758836,12:27:33.656,91.9200,100
44864796170864,12:27:44.796,91.9300,100
44870449950314,12:27:50.449,91.9100,10
44870449953791,12:27:50.449,91.9100,10
44870449959765,12:27:50.449,91.9100,63
44870449993746,12:27:50.449,91.9100,17
44870449993746,12:27:50.449,91.9100,32
44870450056440,12:27:50.450,91.9100,68
44873751913621,12:27:53.751,91.8900,100
44891469426590,12:28:11.469,91.8900,100
44907247666364,12:28:27.247,91.8800,100
44926109420515,12:28:46.109,91.8650,100
44926109460501,12:28:46.109,91.8800,100
44926109925975,12:28:46.109,91.8800,100
44926121103387,12:28:46.121,91.8800,100
44971020374296,12:29:31.020,91.8700,2
44974484171271,12:29:34.484,91.8900,200
44974484171271,12:29:34.484,91.8900,100
45005938143368,12:30:05.938,91.8800,40
45006715137980,12:30:06.715,91.8800,60
45006715137980,12:30:06.715,91.8800,100
45006716226686,12:30:06.716,91.8900,100
45012063506984,12:30:12.063,91.9000,4
45012063611676,12:30:12.063,91.9000,2
45012063611676,12:30:12.063,91.9000,2
45012064976046,12:30:12.064,91.9000,8
45012623587050,12:30:12.623,91.9000,46
45013616626502,12:30:13.616,91.9100,100
45028307074512,12:30:28.307,91.9200,100
45046971841350,12:30:46.971,91.9100,51
45046989548080,12:30:46.989,91.9100,49
45046989548080,12:30:46.989,91.9100,100
45048219334912,12:30:48.219,91.9200,100
45048219334912,12:30:48.219,91.9200,100
45048219334912,12:30:48.219,91.9200,100
45048219334912,12:30:48.219,91.9200,100
45054647381622,12:30:54.647,91.9300,63
45055137550906,12:30:55.137,91.9500,276
45055137550906,12:30:55.137,91.9600,24
45082517879534,12:31:22.517,91.9600,100
45082517920977,12:31:22.517,91.9600,4
45082518062956,12:31:22.518,91.9600,100
45082518123602,12:31:22.518,91.9600,100
45121454309526,12:32:01.454,91.9600,100
45121456053058,12:32:01.456,91.9600,100
45122268652054,12:32:02.268,91.9500,100
45122268652054,12:32:02.268,91.9500,100
45122268737812,12:32:02.268,91.9500,100
45130010454008,12:32:10.010,91.9500,4
45130488906570,12:32:10.488,91.9400,100
45130488981922,12:32:10.488,91.9300,682
45130488981922,12:32:10.488,91.9300,100
45130488981922,12:32:10.488,91.9300,100
45130489017090,12:32:10.489,91.9300,50
45130489029739,12:32:10.489,91.9300,50
45130489553704,12:32:10.489,91.9300,100
45131500686288,12:32:11.500,91.9400,100
45168099512194,12:32:48.099,91.9200,100
45168099512194,12:32:48.099,91.9200,7
45168099512194,12:32:48.099,91.9200,100
45168100058393,12:32:48.100,91.9300,200
45168100058393,12:32:48.100,91.9300,100
45168100875906,12:32:48.100,91.9400,53
45168100905328,12:32:48.100,91.9400,47
45168101134729,12:32:48.101,91.9300,175
45181628443447,12:33:01.628,91.9400,100
45181628443447,12:33:01.628,91.9500,51
45204416897209,12:33:24.416,91.9500,100
45204416897209,12:33:24.416,91.9500,15
45204418661283,12:33:24.418,91.9400,61
45208020269340,12:33:28.020,91.9500,2
45208020269340,12:33:28.020,91.9500,49
45211010126034,12:33:31.010,91.9500,2
45211017285106,12:33:31.017,91.9500,2
45215716528835,12:33:35.716,91.9400,100
45215716528835,12:33:35.716,91.9400,100
45215721417774,12:33:35.721,91.9300,100
45215721417774,12:33:35.721,91.9300,40
45234654362035,12:33:54.654,91.9600,1
45258189419248,12:34:18.189,91.9600,99
45258189419248,12:34:18.189,91.9600,1
45258189507145,12:34:18.189,91.9600,25
45258189507145,12:34:18.189,91.9600,100
45258189507145,12:34:18.189,91.9600,7
45258189507145,12:34:18.189,91.9600,38
45268053673816,12:34:28.053,91.9600,2
45270004029024,12:34:30.004,91.9500,56
45270004097786,12:34:30.004,91.9500,44
45270004479214,12:34:30.004,91.9500,100
45272921194172,12:34:32.921,91.9500,100
45291292840999,12:34:51.292,91.9500,100
45316383286112,12:35:16.383,91.9400,100
45320776571472,12:35:20.776,91.9050,4
45330220327407,12:35:30.220,91.9200,17
45330220327407,12:35:30.220,91.9200,100
45330220327407,12:35:30.220,91.9200,100
45330220327407,12:35:30.220,91.9200,83
45330220360160,12:35:30.220,91.9200,17
45371240366895,12:36:11.240,91.9000,100
45372132827981,12:36:12.132,91.8900,31
45372301834286,12:36:12.301,91.8900,69
45378716196444,12:36:18.716,91.8800,33
45379571432509,12:36:19.571,91.8800,2
45379571467011,12:36:19.571,91.8800,65
45379571467011,12:36:19.571,91.8800,35
45379571493549,12:36:19.571,91.8800,65
45380067313407,12:36:20.067,91.8900,200
45380067313407,12:36:20.067,91.8900,6
45388240189523,12:36:28.240,91.8900,2
45388240367208,12:36:28.240,91.8900,98
45388240367208,12:36:28.240,91.8900,100
45410026510889,12:36:50.026,91.8800,10
45418404837382,12:36:58.404,91.9000,100
45418404837382,12:36:58.404,91.9000,100
45420692520050,12:37:00.692,91.9200,100
45440008175321,12:37:20.008,91.9300,100
45440008175321,12:37:20.008,91.9300,56
45440008209176,12:37:20.008,91.9300,44
45440008209176,12:37:20.008,91.9300,6
45440008219486,12:37:20.008,91.9300,50
45440008232416,12:37:20.008,91.9300,44
45441064088968,12:37:21.064,91.9300,100
45441755802707,12:37:21.755,91.9200,100
45508032140419,12:38:28.032,91.9300,7
45513033497182,12:38:33.033,91.9300,2
45513033586543,12:38:33.033,91.9300,100
45513034034799,12:38:33.034,91.9300,100
45518862110341,12:38:38.862,91.9200,100
45525545598831,12:38:45.545,91.9200,200
45525545598831,12:38:45.545,91.9200,100
45527010431267,12:38:47.010,91.9100,6
45534503485863,12:38:54.503,91.9000,50
45534503713339,12:38:54.503,91.9000,50
45534503713339,12:38:54.503,91.9000,2
45534503752880,12:38:54.503,91.9000,50
45534503802529,12:38:54.503,91.9000,48
45534504266004,12:38:54.504,91.9000,100
45540579381766,12:39:00.579,91.8900,100
45543461748139,12:39:03.461,91.8800,100
45559546195989,12:39:19.546,91.8900,32
