timestamp,time,price,volume
34200608643051,09:30:00.608,31.9300,3353
34201398509437,09:30:01.398,32.0000,64
34201398509437,09:30:01.398,32.1000,1
34201398617691,09:30:01.398,32.1000,50
34362138115154,09:32:42.138,31.8200,39
34499919742890,09:34:59.919,32.0000,14
34627669240176,09:37:07.669,32.1000,74
34627669261343,09:37:07.669,32.1000,24
34627669268741,09:37:07.669,32.1000,101
34627669268741,09:37:07.669,32.1000,24
34627669286024,09:37:07.669,32.1000,73
34897313305533,09:41:37.313,32.0100,39
34897313305533,09:41:37.313,32.0100,100
34897313500995,09:41:37.313,32.0100,1
34897313502260,09:41:37.313,32.0100,99
35036239068376,09:43:56.239,31.8800,9
35036239170314,09:43:56.239,31.8800,91
35036239170314,09:43:56.239,31.8700,9
35036239299483,09:43:56.239,31.8700,91
35168217855176,09:46:08.217,31.8200,1
35290228696717,09:48:10.228,31.8000,1
35290995294672,09:48:10.995,31.6800,25
35290995294672,09:48:10.995,31.6800,70
35543788582602,09:52:23.788,31.5500,50
35601589392199,09:53:21.589,31.5000,16
35601589392199,09:53:21.589,31.5000,13
35729898523392,09:55:29.898,31.4600,100
35729899421835,09:55:29.899,31.4500,20
35779667289908,09:56:19.667,31.4400,100
35779667292911,09:56:19.667,31.4400,100
35779667296496,09:56:19.667,31.4400,300
35779667509969,09:56:19.667,31.4400,90
35779667660740,09:56:19.667,31.4400,100
35782506222181,09:56:22.506,31.5200,100
35782506222181,09:56:22.506,31.5000,100
35782506222181,09:56:22.506,31.5000,100
35782506222181,09:56:22.506,31.5000,100
35782506222181,09:56:22.506,31.5000,100
35782506222181,09:56:22.506,31.5000,100
35782506222181,09:56:22.506,31.5000,100
35785361729174,09:56:25.361,31.5000,100
35785366679098,09:56:25.366,31.5000,25
35785366912262,09:56:25.366,31.5000,75
35785366912262,09:56:25.366,31.5000,100
35787704391750,09:56:27.704,31.5000,100
35787704391750,09:56:27.704,31.5000,100
35787704391750,09:56:27.704,31.5000,100
35787704391750,09:56:27.704,31.5000,100
35787704391750,09:56:27.704,31.5000,100
35912672693670,09:58:32.672,31.5000,3
36081806432131,10:01:21.806,31.5000,100
36081806432131,10:01:21.806,31.5000,100
36082307552026,10:01:22.307,31.5000,100
36082308720884,10:01:22.308,31.5000,100
36082314865466,10:01:22.314,31.5300,100
36085123367423,10:01:25.123,31.5100,100
36085123367423,10:01:25.123,31.5000,100
36085123367423,10:01:25.123,31.5000,100
36320433089149,10:05:20.433,31.4600,100
36321245218696,10:05:21.245,31.5000,100
36321245218696,10:05:21.245,31.5000,100
36321246415800,10:05:21.246,31.5000,3
36549277595033,10:09:09.277,31.5000,65
36549277595033,10:09:09.277,31.5000,100
36549564324341,10:09:09.564,31.5000,100
36673388540849,10:11:13.388,31.5000,100
36673390419539,10:11:13.390,31.4400,100
36673390419539,10:11:13.390,31.4400,112
36673392933887,10:11:13.392,31.4700,15
36673392943676,10:11:13.392,31.4700,70
36673392987909,10:11:13.392,31.4700,100
36673393032863,10:11:13.393,31.4700,15
36673395977426,10:11:13.395,31.4900,70
36673395977426,10:11:13.395,31.4700,100
36673395977426,10:11:13.395,31.4700,30
36673508148145,10:11:13.508,31.4700,70
36676374688323,10:11:16.374,31.5000,100
36676374688323,10:11:16.374,31.5000,100
36819137470961,10:13:39.137,31.5000,100
36819137470961,10:13:39.137,31.5000,10
37092241358999,10:18:12.241,31.4600,100
37194253978099,10:19:54.253,31.5200,100
37203216117174,10:20:03.216,31.5200,18
37205334404856,10:20:05.334,31.5100,18
37221136873953,10:20:21.136,31.5000,100
37221136873953,10:20:21.136,31.5000,18
37368148966370,10:22:48.148,31.5600,18
37368243227149,10:22:48.243,31.5600,18
37516366969371,10:25:16.366,31.5300,100
37516366969371,10:25:16.366,31.5100,18
37517354107957,10:25:17.354,31.5200,18
37563230391089,10:26:03.230,31.5200,18
37563281415012,10:26:03.281,31.5000,18
38036911907290,10:33:56.911,31.5000,82
38036911907290,10:33:56.911,31.4800,20
38036911907290,10:33:56.911,31.4800,18
38036912214962,10:33:56.912,31.4800,82
38036912214962,10:33:56.912,31.4800,18
38036912268253,10:33:56.912,31.4800,82
38036913418723,10:33:56.913,31.5000,100
38212427868774,10:36:52.427,31.5000,29
38316483861308,10:38:36.483,31.5000,50
38367141540240,10:39:27.141,31.5000,21
38367141540240,10:39:27.141,31.4500,1
38367141540240,10:39:27.141,31.4400,26
38367149512358,10:39:27.149,31.4900,100
38367157754667,10:39:27.157,31.5000,100
38367157757777,10:39:27.157,31.5000,30
38367157797657,10:39:27.157,31.5000,50
38369727591088,10:39:29.727,31.5100,202
38369732392124,10:39:29.732,31.5100,98
38369732392124,10:39:29.732,31.5200,2
38369732392124,10:39:29.732,31.5200,100
38369732392124,10:39:29.732,31.5200,2
38369732451677,10:39:29.732,31.5200,98
38369732522193,10:39:29.732,31.5300,100
38369733484130,10:39:29.733,31.5300,100
38380171944415,10:39:40.171,31.5300,29
38380171944415,10:39:40.171,31.5300,16
38410239618659,10:40:10.239,31.5000,100
38427137697276,10:40:27.137,31.5000,100
38529225413683,10:42:09.225,31.5000,100
38665939655661,10:44:25.939,31.5400,100
38665939697961,10:44:25.939,31.5400,89
38665939704425,10:44:25.939,31.5400,11
38665939704425,10:44:25.939,31.5400,1
38665941409355,10:44:25.941,31.5300,100
38665941409355,10:44:25.941,31.5200,100
38752164159009,10:45:52.164,31.5100,2
38908037324202,10:48:28.037,31.5100,98
38908038141325,10:48:28.038,31.5000,100
38908038141325,10:48:28.038,31.5000,2
38908038197497,10:48:28.038,31.5000,98
38908038197497,10:48:28.038,31.5000,2
38908038272433,10:48:28.038,31.5000,98
38928519882734,10:48:48.519,31.5300,66
38928519920191,10:48:48.519,31.5300,7
38928520111319,10:48:48.520,31.5300,27
38928522420442,10:48:48.522,31.5100,50
39015970166508,10:50:15.970,31.5500,100
39161135714139,10:52:41.135,31.5300,200
39161136091044,10:52:41.136,31.5300,100
39183013092326,10:53:03.013,31.5300,1
39340468135349,10:55:40.468,31.5400,100
39342523251056,10:55:42.523,31.5400,100
39344900131348,10:55:44.900,31.5300,100
39445970540078,10:57:25.970,31.6000,100
39468570380863,10:57:48.570,31.6000,1
39582393251225,10:59:42.393,31.5400,100
39584831259866,10:59:44.831,31.5400,100
39587004894074,10:59:47.004,31.5300,100
39692590719593,11:01:32.590,31.5200,100
39692590719593,11:01:32.590,31.5200,100
40040506071056,11:07:20.506,31.5400,200
40045166929600,11:07:25.166,31.5000,100
40045635386717,11:07:25.635,31.5000,100
40045635386717,11:07:25.635,31.5000,100
40051135934892,11:07:31.135,31.5000,200
40051135934892,11:07:31.135,31.5000,100
40051146854655,11:07:31.146,31.5000,100
40080637607716,11:08:00.637,31.5000,100
40143106039657,11:09:03.106,31.5000,100
40163371307029,11:09:23.371,31.4800,100
40354023040131,11:12:34.023,31.5000,100
40397591533549,11:13:17.591,31.5200,100
40397611685448,11:13:17.611,31.5100,100
40400916967324,11:13:20.916,31.4800,100
40400921985354,11:13:20.921,31.5300,100
40400922072088,11:13:20.922,31.5300,8
40400922075083,11:13:20.922,31.5300,92
40400922075083,11:13:20.922,31.5300,8
40400922086850,11:13:20.922,31.5300,100
40400922123177,11:13:20.922,31.5300,92
40400924338957,11:13:20.924,31.5400,100
40400925998798,11:13:20.925,31.5400,100
40400945449183,11:13:20.945,31.5700,100
40794633096686,11:19:54.633,31.6200,200
40863498369059,11:21:03.498,31.6300,100
41170650491875,11:26:10.650,31.6500,100
41170650583220,11:26:10.650,31.6600,32
41246027718261,11:27:26.027,31.6400,100
41246027718261,11:27:26.027,31.6300,325
41247645697579,11:27:27.645,31.6400,100
41247645697579,11:27:27.645,31.6300,200
41270289114059,11:27:50.289,31.6300,38
41270289153716,11:27:50.289,31.6300,24
41270289167205,11:27:50.289,31.6300,38
41332603022027,11:28:52.603,31.6400,68
41332603391089,11:28:52.603,31.6400,100
41332604938296,11:28:52.604,31.6300,100
41683202535690,11:34:43.202,31.6300,2
42118063276042,11:41:58.063,31.6500,8
42118066552579,11:41:58.066,31.6700,23
42118066561775,11:41:58.066,31.6300,40
42118066561775,11:41:58.066,31.6700,19
42118066566218,11:41:58.066,31.6700,18
42118066573258,11:41:58.066,31.6700,18
42118066598521,11:41:58.066,31.6700,22
42489530517015,11:48:09.530,31.6700,100
42489531143591,11:48:09.531,31.6800,2
42489531143591,11:48:09.531,31.6800,55
42489531212646,11:48:09.531,31.6800,45
42489531245828,11:48:09.531,31.6900,100
42489531255063,11:48:09.531,31.6400,200
42491853075445,11:48:11.853,31.6900,20
42491853075445,11:48:11.853,31.7100,60
42909506320506,11:55:09.506,31.6200,30
42909506320506,11:55:09.506,31.6200,33
42909506320506,11:55:09.506,31.6200,37
43005917018986,11:56:45.917,31.5900,50
43221762791642,12:00:21.762,31.6200,63
43221762791642,12:00:21.762,31.6400,37
44381761253704,12:19:41.761,31.6600,1
44381761363028,12:19:41.761,31.6600,1
44381763277560,12:19:41.763,31.6400,100
44387556630363,12:19:47.556,31.6500,100
44387556630363,12:19:47.556,31.6500,20
44389736566930,12:19:49.736,31.6500,20
44389736566930,12:19:49.736,31.6500,80
44389736650643,12:19:49.736,31.6500,20
44390115984000,12:19:50.115,31.6300,200
44410913775496,12:20:10.913,31.6500,20
44410913775496,12:20:10.913,31.6500,80
44418464129824,12:20:18.464,31.6500,20
44418464129824,12:20:18.464,31.6500,80
44418464208224,12:20:18.464,31.6500,20
44419623870355,12:20:19.623,31.6500,20
44419623870355,12:20:19.623,31.6500,80
44533857989281,12:22:13.857,31.6500,20
44553863192692,12:22:33.863,31.6300,70
44592783382843,12:23:12.783,31.6350,300
44592783382843,12:23:12.783,31.6400,220
44592783382843,12:23:12.783,31.6500,20
44592783382843,12:23:12.783,31.6500,200
44592783382843,12:23:12.783,31.6500,100
44592783427747,12:23:12.783,31.6500,330
44592783476353,12:23:12.783,31.6500,30
44656600878805,12:24:16.600,31.6500,20
44656633072281,12:24:16.633,31.6300,30
44670564190326,12:24:30.564,31.6500,100
44672223032574,12:24:32.223,31.6300,100
44689073723033,12:24:49.073,31.6300,100
44788718996280,12:26:28.718,31.5800,20
44788726672121,12:26:28.726,31.5800,70
44973842895605,12:29:33.842,31.6500,1
45200168956802,12:33:20.168,31.6100,100
45260237030086,12:34:20.237,31.6100,100
45547237825187,12:39:07.237,31.6000,100
45567242552055,12:39:27.242,31.6000,50
45567242552055,12:39:27.242,31.5900,50
45582261112662,12:39:42.261,31.5900,50
45582261112662,12:39:42.261,31.5700,50
45749000610672,12:42:29.000,31.5600,100
45749043336942,12:42:29.043,31.5500,10
45749043830294,12:42:29.043,31.5400,10
45749043830294,12:42:29.043,31.5400,10
45749048486707,12:42:29.048,31.5400,100
45776641259124,12:42:56.641,31.5600,2527
45776641295634,12:42:56.641,31.5600,12
45776641303327,12:42:56.641,31.5600,5
45776641584554,12:42:56.641,31.5600,5
45776641670490,12:42:56.641,31.5600,2251
45776641670490,12:42:56.641,31.5600,6
46983697608453,13:03:03.697,31.6100,2
47176429260747,13:06:16.429,31.6500,1
47176429260747,13:06:16.429,31.6500,63
47176430457100,13:06:16.430,31.6300,300
47176430517847,13:06:16.430,31.6200,30
47176431004433,13:06:16.431,31.6200,100
47176431060050,13:06:16.431,31.6100,100
47176431060050,13:06:16.431,31.6100,100
47242625563818,13:07:22.625,31.6200,20
47360174203273,13:09:20.174,31.6100,100
48028334006954,13:20:28.334,31.6100,100
48028334006954,13:20:28.334,31.6100,2
48028334050393,13:20:28.334,31.6000,48
48028336023472,13:20:28.336,31.5900,20
48028336023472,13:20:28.336,31.5900,100
48201239998747,13:23:21.239,31.5300,5
48201240038324,13:23:21.240,31.5300,5
48201240038324,13:23:21.240,31.5300,10
48201240102785,13:23:21.240,31.5200,1
48447323499905,13:27:27.323,31.5600,100
48650517738295,13:30:50.517,31.5700,59
48650517748676,13:30:50.517,31.5700,45
48650517751855,13:30:50.517,31.5700,44
48650517773301,13:30:50.517,31.5700,160
48650517820786,13:30:50.517,31.5700,722
48667652627974,13:31:07.652,31.5800,45
48667652637178,13:31:07.652,31.5800,44
48715172293301,13:31:55.172,31.5700,98
49339681044352,13:42:19.681,31.5400,100
49339681044352,13:42:19.681,31.5300,1
49339681044352,13:42:19.681,31.5300,100
49339681044352,13:42:19.681,31.5300,100
49584720836724,13:46:24.720,31.5400,1
49607093886531,13:46:47.093,31.5400,100
49626583601521,13:47:06.583,31.5300,2
49626586363253,13:47:06.586,31.5200,2
49639896808230,13:47:19.896,31.5200,100
49792779599962,13:49:52.779,31.5100,10
49792779599962,13:49:52.779,31.5100,100
49792782025633,13:49:52.782,31.5000,100
49792782025633,13:49:52.782,31.5000,100
49792782025633,13:49:52.782,31.5000,10
49792783996251,13:49:52.783,31.5000,100
49792783996251,13:49:52.783,31.5000,28
49799851771453,13:49:59.851,31.5400,100
49799851771453,13:49:59.851,31.5400,1
50301939094165,13:58:21.939,31.5200,3
50301939094165,13:58:21.939,31.5100,78
50402696914626,14:00:02.696,31.5000,100
50402696914626,14:00:02.696,31.5000,74
50402697065126,14:00:02.697,31.5000,26
50402697079537,14:00:02.697,31.4900,10
50402697079537,14:00:02.697,31.4900,10
50402697194529,14:00:02.697,31.4800,33
50640438329940,14:04:00.438,31.5500,41
50640438337806,14:04:00.438,31.5500,40
50640438341990,14:04:00.438,31.5500,52
50709163094606,14:05:09.163,31.5500,100
50991792570205,14:09:51.792,31.5600,100
50991792570205,14:09:51.792,31.5600,100
51191483205361,14:13:11.483,31.6500,17
51191483205361,14:13:11.483,31.6500,25
51191483881636,14:13:11.483,31.6500,75
51191483881636,14:13:11.483,31.6500,25
51191484176892,14:13:11.484,31.6500,75
51191484214957,14:13:11.484,31.6300,200
51246484756266,14:14:06.484,31.7100,51
51246484822108,14:14:06.484,31.6300,500
51246484882688,14:14:06.484,31.6300,100
51248374209510,14:14:08.374,31.6400,200
51314202731962,14:15:14.202,31.6600,30
51373436972346,14:16:13.436,31.6500,100
51373437012236,14:16:13.437,31.6500,100
51373437074742,14:16:13.437,31.6400,50
51373437182115,14:16:13.437,31.6400,50
51473525070347,14:17:53.525,31.6500,39
51635683115427,14:20:35.683,31.6100,100
51888331543068,14:24:48.331,31.6100,244
51888331543619,14:24:48.331,31.6100,155
51888331736093,14:24:48.331,31.6100,101
51888332778079,14:24:48.332,31.6000,19
52065160875663,14:27:45.160,31.5300,4
52065173985210,14:27:45.173,31.5200,29
52084761227468,14:28:04.761,31.5200,22
52084761795595,14:28:04.761,31.5200,40
52505093826121,14:35:05.093,31.5600,2
52642645985693,14:37:22.645,31.6100,3
52716307048458,14:38:36.307,31.5900,100
52766276599580,14:39:26.276,31.5900,100
52804629496419,14:40:04.629,31.5800,100
52804629496419,14:40:04.629,31.5800,100
52804630301955,14:40:04.630,31.5700,100
52804633995010,14:40:04.633,31.5500,100
52804634086039,14:40:04.634,31.5500,100
52804634273959,14:40:04.634,31.5500,100
52804634763449,14:40:04.634,31.5500,100
52804634763449,14:40:04.634,31.5500,100
52804634951125,14:40:04.634,31.5500,100
52809032240018,14:40:09.032,31.5400,100
52809032240018,14:40:09.032,31.5400,100
52811916008419,14:40:11.916,31.5500,100
52811916008419,14:40:11.916,31.5500,100
52811916053509,14:40:11.916,31.5600,100
52820551013076,14:40:20.551,31.5500,100
52820551013076,14:40:20.551,31.5500,100
52820552386747,14:40:20.552,31.5500,40
52823416365922,14:40:23.416,31.5500,60
52823416365922,14:40:23.416,31.5500,40
52823416858454,14:40:23.416,31.5500,60
52823416858454,14:40:23.416,31.5500,40
52835799353156,14:40:35.799,31.5500,60
52835799353156,14:40:35.799,31.5500,40
52835799379231,14:40:35.799,31.5500,60
52835799434356,14:40:35.799,31.5500,60
52835799548344,14:40:35.799,31.5500,100
52835799548344,14:40:35.799,31.5500,100
52835801091481,14:40:35.801,31.5500,100
52835802180325,14:40:35.802,31.5500,100
52835802180325,14:40:35.802,31.5500,100
52835802297281,14:40:35.802,31.5500,100
52835802297281,14:40:35.802,31.5500,100
52836915589078,14:40:36.915,31.5500,16
52836915598280,14:40:36.915,31.5500,24
52838024159128,14:40:38.024,31.5400,100
52838024183129,14:40:38.024,31.5400,100
52838046079549,14:40:38.046,31.5400,100
52838067682670,14:40:38.067,31.5400,100
52838087493447,14:40:38.087,31.5400,100
52838087598277,14:40:38.087,31.5400,100
52838103937516,14:40:38.103,31.5300,100
52838104043415,14:40:38.104,31.5100,10
52838104484929,14:40:38.104,31.5300,13
52843048180946,14:40:43.048,31.5300,100
52843048225619,14:40:43.048,31.5300,13
52843048413740,14:40:43.048,31.5300,10
52848136897619,14:40:48.136,31.5300,1677
52853065079944,14:40:53.065,31.5400,20
52853065800832,14:40:53.065,31.5300,100
52853065800832,14:40:53.065,31.5300,100
52853066529663,14:40:53.066,31.5000,100
52853066529663,14:40:53.066,31.5000,100
52853066529663,14:40:53.066,31.5000,100
52853066529663,14:40:53.066,31.5000,100
52853067720679,14:40:53.067,31.5000,20
52853067720679,14:40:53.067,31.5000,20
52853069120690,14:40:53.069,31.5000,17
52869610008205,14:41:09.610,31.5700,100
52869610008205,14:41:09.610,31.5800,100
52869610008205,14:41:09.610,31.5800,100
52869610008205,14:41:09.610,31.5800,100
52869610008205,14:41:09.610,31.5800,100
52874273119490,14:41:14.273,31.5000,100
52874273212476,14:41:14.273,31.5000,20
52874273223589,14:41:14.273,31.5000,37
52874274891762,14:41:14.274,31.5000,43
52874274891762,14:41:14.274,31.5000,57
52874379211549,14:41:14.379,31.4900,100
52875550897523,14:41:15.550,31.5000,43
52875550897523,14:41:15.550,31.5000,86
52875552180515,14:41:15.552,31.5000,14
52875552180515,14:41:15.552,31.5000,100
52875552230705,14:41:15.552,31.5000,100
52875552337900,14:41:15.552,31.5000,100
52875552337900,14:41:15.552,31.5000,100
52980924666964,14:43:00.924,31.5000,100
52980924666964,14:43:00.924,31.5000,100
52980925002104,14:43:00.925,31.5000,100
52980925003302,14:43:00.925,31.5000,100
52980926374657,14:43:00.926,31.5000,200
52980939394281,14:43:00.939,31.5100,100
52996005680800,14:43:16.005,31.5000,100
53032678498041,14:43:52.678,31.5300,100
53049249082715,14:44:09.249,31.5100,100
53534795006820,14:52:14.795,31.5200,31
53534795938873,14:52:14.795,31.5500,30
53538628385092,14:52:18.628,31.5800,100
53596572445479,14:53:16.572,31.5500,100
53626871769487,14:53:46.871,31.6000,100
53661030290269,14:54:21.030,31.5900,30
54136150335617,15:02:16.150,31.5900,100
54326609427188,15:05:26.609,31.6200,100
54343823289586,15:05:43.823,31.5800,4
54343823289586,15:05:43.823,31.5800,9
54343823289586,15:05:43.823,31.5800,1
54343823289586,15:05:43.823,31.5800,1
54343823289586,15:05:43.823,31.5800,1
54343826025595,15:05:43.826,31.5700,100
54622642918263,15:10:22.642,31.5600,100
54676757423717,15:11:16.757,31.5500,29
54676757423717,15:11:16.757,31.5500,1
54676757423717,15:11:16.757,31.5500,1
54676757423717,15:11:16.757,31.5500,1
54676757423717,15:11:16.757,31.5500,2
54676757423717,15:11:16.757,31.5500,1
54676757423717,15:11:16.757,31.5500,1
54676757423717,15:11:16.757,31.5500,60
54676757423717,15:11:16.757,31.5500,2
54676758495946,15:11:16.758,31.5500,54
54676758766686,15:11:16.758,31.5500,54
54676758853504,15:11:16.758,31.5500,8
54676758853504,15:11:16.758,31.5400,100
54676758853504,15:11:16.758,31.5400,92
54676758860575,15:11:16.758,31.5400,8
54748104355896,15:12:28.104,31.5400,33
54748104355896,15:12:28.104,31.5400,100
54763335705518,15:12:43.335,31.5500,100
54769233911845,15:12:49.233,31.5500,10
54769233911845,15:12:49.233,31.5500,90
54769234016538,15:12:49.234,31.5500,10
54819102118485,15:13:39.102,31.5700,100
54926720640179,15:15:26.720,31.5800,100
55060474352715,15:17:40.474,31.5800,1
55060474352715,15:17:40.474,31.5800,10
55060474352715,15:17:40.474,31.5800,1
55060475339453,15:17:40.475,31.5700,38
55060475421292,15:17:40.475,31.5700,24
55060475455221,15:17:40.475,31.5700,14
55060475488482,15:17:40.475,31.5700,10
55060475520853,15:17:40.475,31.5700,4
55060475553086,15:17:40.475,31.5700,6
55071470372235,15:17:51.470,31.5700,4
55212423337936,15:20:12.423,31.6100,100
55212423337936,15:20:12.423,31.6100,63
55212423391567,15:20:12.423,31.6100,37
55222859332079,15:20:22.859,31.6200,1
55222859332079,15:20:22.859,31.6200,99
55222859431701,15:20:22.859,31.6200,1
55275064458049,15:21:15.064,31.6000,100
55275064515653,15:21:15.064,31.6000,10
55275064515653,15:21:15.064,31.6000,90
55275064532292,15:21:15.064,31.6000,10
55331490002183,15:22:11.490,31.5900,100
55389502125289,15:23:09.502,31.5800,100
55411778848358,15:23:31.778,31.5700,100
55411778848358,15:23:31.778,31.5700,1
55411778848358,15:23:31.778,31.5700,1
55411778848358,15:23:31.778,31.5700,1
55411778848358,15:23:31.778,31.5700,1
55411778848358,15:23:31.778,31.5700,1
55411778848358,15:23:31.778,31.5700,100
55411801006180,15:23:31.801,31.5600,24
55411801006180,15:23:31.801,31.5500,421
55519891627343,15:25:19.891,31.5900,100
55577848675210,15:26:17.848,31.6000,100
55581490476166,15:26:21.490,31.6000,100
55581490476166,15:26:21.490,31.6000,100
55663855867634,15:27:43.855,31.6200,100
55678025607191,15:27:58.025,31.6200,100
55678027245126,15:27:58.027,31.6400,15
55760430537207,15:29:20.430,31.6100,10
55764854900549,15:29:24.854,31.6000,38
55783321102475,15:29:43.321,31.6000,100
55783321102475,15:29:43.321,31.6000,100
55783321102475,15:29:43.321,31.5900,100
55783321102475,15:29:43.321,31.5900,7
55800402203190,15:30:00.402,31.5900,1
55800402203190,15:30:00.402,31.5900,1
55800402279769,15:30:00.402,31.5800,20
55800402279769,15:30:00.402,31.5800,28
55820347411172,15:30:20.347,31.5800,72
55820347411172,15:30:20.347,31.5800,28
55841009799912,15:30:41.009,31.5900,1
55841019987301,15:30:41.019,31.5800,2
55841019987301,15:30:41.019,31.5800,2
55841019987301,15:30:41.019,31.5800,1
55841022996827,15:30:41.022,31.5700,100
55841022996827,15:30:41.022,31.5700,100
55841025087867,15:30:41.025,31.5600,20
55841025087867,15:30:41.025,31.5600,80
55841025087867,15:30:41.025,31.5600,64
55887220974591,15:31:27.220,31.5900,100
55887222012962,15:31:27.222,31.5900,90
55887222494254,15:31:27.222,31.5900,10
55887222494254,15:31:27.222,31.5900,45
55937544952350,15:32:17.544,31.6000,100
56072480406708,15:34:32.480,31.5800,100
56072480406708,15:34:32.480,31.5800,100
56072480406708,15:34:32.480,31.5800,177
56072480491627,15:34:32.480,31.5800,100
56072484679578,15:34:32.484,31.5700,100
56072484679578,15:34:32.484,31.5700,100
56072486767331,15:34:32.486,31.5600,100
56072486767331,15:34:32.486,31.5600,36
56072489481887,15:34:32.489,31.5500,479
56072489481887,15:34:32.489,31.5500,20
56072489481887,15:34:32.489,31.5500,100
56072489481887,15:34:32.489,31.5500,100
56072491659314,15:34:32.491,31.5500,12
56072491659314,15:34:32.491,31.5500,10
56072491659314,15:34:32.491,31.5500,84
56151939486768,15:35:51.939,31.5500,100
56160440883595,15:36:00.440,31.5400,90
56160458362307,15:36:00.458,31.5400,10
56160458362307,15:36:00.458,31.5400,3
56160458362307,15:36:00.458,31.5400,87
56160465253899,15:36:00.465,31.5400,13
56160465253899,15:36:00.465,31.5400,2
56160465253899,15:36:00.465,31.5400,4
56160465253899,15:36:00.465,31.5400,1
56160465253899,15:36:00.465,31.5400,1
56160465253899,15:36:00.465,31.5400,1
56161495746232,15:36:01.495,31.5200,20
56161495746232,15:36:01.495,31.5200,6
56161495746232,15:36:01.495,31.5200,3
56192751855411,15:36:32.751,31.5100,100
56226920991907,15:37:06.920,31.5200,1
56301276447510,15:38:21.276,31.5000,100
56301276447510,15:38:21.276,31.5000,115
56301277478858,15:38:21.277,31.5000,100
56301277478858,15:38:21.277,31.5000,100
56301278113839,15:38:21.278,31.5000,200
56301278138535,15:38:21.278,31.4900,9
56301278138535,15:38:21.278,31.4900,20
56301278138535,15:38:21.278,31.4900,71
56319298558063,15:38:39.298,31.5000,100
56323532807524,15:38:43.532,31.5100,100
56327331569919,15:38:47.331,31.5200,100
56327331597393,15:38:47.331,31.5200,100
56327331597393,15:38:47.331,31.5200,3
56361546633201,15:39:21.546,31.5400,459
56361546633201,15:39:21.546,31.5400,1
56361546875900,15:39:21.546,31.5400,70
56361546943389,15:39:21.546,31.5400,30
56361547211366,15:39:21.547,31.5500,70
56371511520218,15:39:31.511,31.5500,30
56371511520218,15:39:31.511,31.5500,100
56371511520218,15:39:31.511,31.5500,100
56477858279935,15:41:17.858,31.5800,100
56645231513345,15:44:05.231,31.5700,100
56667668845502,15:44:27.668,31.5700,10
56720172862032,15:45:20.172,31.5600,100
56810313727567,15:46:50.313,31.5900,100
56862782625759,15:47:42.782,31.5700,1
56878252746223,15:47:58.252,31.5800,100
56914031419726,15:48:34.031,31.5700,100
56914031419726,15:48:34.031,31.5700,30
56914031438321,15:48:34.031,31.5700,70
56914031438321,15:48:34.031,31.5700,30
56914031439566,15:48:34.031,31.5700,50
56926586723817,15:48:46.586,31.5700,20
56926587407140,15:48:46.587,31.5600,100
56926587999575,15:48:46.587,31.5600,7
56943053040562,15:49:03.053,31.5600,40
56943053040562,15:49:03.053,31.5600,4
56944054872694,15:49:04.054,31.5450,100
56987736161008,15:49:47.736,31.5450,100
56987781674274,15:49:47.781,31.5600,6
57016311925008,15:50:16.311,31.5400,100
57053635998632,15:50:53.635,31.5300,9
57063635110844,15:51:03.635,31.5300,100
57066554753245,15:51:06.554,31.5300,100
57068573684838,15:51:08.573,31.5300,100
57091571304617,15:51:31.571,31.5300,100
57097650834191,15:51:37.650,31.5350,100
57100896399580,15:51:40.896,31.5200,100
57126504839648,15:52:06.504,31.5200,9
57144940323159,15:52:24.940,31.5100,100
57148253410685,15:52:28.253,31.5050,9
57151514143353,15:52:31.514,31.5100,4
57151641359604,15:52:31.641,31.5100,14
57151641479570,15:52:31.641,31.5100,100
57151641511202,15:52:31.641,31.5100,50
57156277605673,15:52:36.277,31.5050,100
57161531121335,15:52:41.531,31.5050,91
57163641957705,15:52:43.641,31.5050,9
57164285259996,15:52:44.285,31.5050,91
57164285259996,15:52:44.285,31.5100,41
57164285376312,15:52:44.285,31.5100,91
57196534627555,15:53:16.534,31.5250,100
57229638704545,15:53:49.638,31.5250,100
57256511070683,15:54:16.511,31.5100,100
57256511070683,15:54:16.511,31.5100,100
57256517712987,15:54:16.517,31.5150,9
57270917267194,15:54:30.917,31.5150,91
57272751817123,15:54:32.751,31.5200,30
57294831511033,15:54:54.831,31.5100,100
57300121582464,15:55:00.121,31.5100,40
57300144759746,15:55:00.144,31.5100,30
57300144761396,15:55:00.144,31.5100,30
57300162025779,15:55:00.162,31.5400,100
57330617648542,15:55:30.617,31.5500,100
57418221371512,15:56:58.221,31.5300,20
57418221371512,15:56:58.221,31.5300,80
57418221604119,15:56:58.221,31.5300,20
57418221604119,15:56:58.221,31.5300,69
57449022849051,15:57:29.022,31.5300,100
57471223867049,15:57:51.223,31.5300,100
57471224099538,15:57:51.224,31.5300,29
57494223318974,15:58:14.223,31.5300,12
57494223318974,15:58:14.223,31.5300,7
57502374056776,15:58:22.374,31.5200,100
57502374056776,15:58:22.374,31.5200,1
57506819896852,15:58:26.819,31.5200,1
57516511230281,15:58:36.511,31.5100,100
57516511230281,15:58:36.511,31.5100,100
57516511877815,15:58:36.511,31.5100,99
57520446225944,15:58:40.446,31.5150,1
57520446313113,15:58:40.446,31.5150,99
57520996345562,15:58:40.996,31.5150,100
57524987748163,15:58:44.987,31.5200,100
57524987748163,15:58:44.987,31.5300,7
57524989213800,15:58:44.989,31.5300,1
57524989213800,15:58:44.989,31.5300,100
57524989213800,15:58:44.989,31.5300,100
57554626215333,15:59:14.626,31.5200,100
57555349225677,15:59:15.349,31.5300,100
57559749734903,15:59:19.749,31.5500,6
57573363933527,15:59:33.363,31.5400,70
57585179456190,15:59:45.179,31.5200,26
57585240872936,15:59:45.240,31.5200,4
57586040030740,15:59:46.040,31.5200,430
57586040162200,15:59:46.040,31.5200,140
57590862579298,15:59:50.862,31.5100,100
57591431594314,15:59:51.431,31.5100,85
57591476187026,15:59:51.476,31.5300,100
57597707573641,15:59:57.707,31.5500,34
57600451083307,16:00:00.451,31.5500,6977
60697995442702,16:51:37.995,31.3400,100
