timestamp,time,price,volume
31391650826687,08:43:11.650,23.6000,225
33534837294919,09:18:54.837,23.6300,50
33579671457490,09:19:39.671,23.5200,100
34200738525391,09:30:00.738,23.5000,25542
34201240981820,09:30:01.240,23.5000,100
34201241400973,09:30:01.241,23.4900,7
34202396976100,09:30:02.396,23.4800,1
34208386558960,09:30:08.386,23.4800,100
34208388941972,09:30:08.388,23.5000,41
34208475947376,09:30:08.475,23.5000,59
34208475947376,09:30:08.475,23.5000,41
34209600429496,09:30:09.600,23.5000,30
34303711724373,09:31:43.711,23.5000,229
34303711724373,09:31:43.711,23.5000,100
34303711847002,09:31:43.711,23.5000,100
34303715020468,09:31:43.715,23.5100,200
34303715049463,09:31:43.715,23.5100,250
34303715371177,09:31:43.715,23.5200,150
34303715371177,09:31:43.715,23.5200,150
34303715408119,09:31:43.715,23.5200,100
34303715410604,09:31:43.715,23.5200,50
34303715410604,09:31:43.715,23.5200,50
34303715443798,09:31:43.715,23.5200,50
34303715445479,09:31:43.715,23.5200,50
34303715448854,09:31:43.715,23.5200,100
34303715454383,09:31:43.715,23.5200,50
34303715465105,09:31:43.715,23.5200,50
34303715536438,09:31:43.715,23.5200,100
34303715544789,09:31:43.715,23.5200,223
34303715548349,09:31:43.715,23.5200,450
34303715809966,09:31:43.715,23.5200,150
34303715954243,09:31:43.715,23.5200,300
34303720652227,09:31:43.720,23.5200,300
34303721152231,09:31:43.721,23.5200,300
34303721152231,09:31:43.721,23.5200,300
34303721152231,09:31:43.721,23.5200,100
34305118636443,09:31:45.118,23.5200,300
34314208768023,09:31:54.208,23.5200,300
34324427540844,09:32:04.427,23.5200,100
34332246411730,09:32:12.246,23.5200,100
34335410521163,09:32:15.410,23.5200,100
34335410864924,09:32:15.410,23.5200,200
34335411255838,09:32:15.411,23.5200,100
34335411255838,09:32:15.411,23.5200,100
34335928641686,09:32:15.928,23.5200,100
34336739304116,09:32:16.739,23.5200,300
34336739840071,09:32:16.739,23.5200,500
34336740148277,09:32:16.740,23.5200,200
34339730515012,09:32:19.730,23.5200,200
34339746677428,09:32:19.746,23.5200,100
34341250528518,09:32:21.250,23.5200,100
34344151668985,09:32:24.151,23.5200,100
34350170654740,09:32:30.170,23.5200,200
34350325909116,09:32:30.325,23.5200,3
34353136038581,09:32:33.136,23.5200,100
34353787340563,09:32:33.787,23.5200,100
34363864987611,09:32:43.864,23.5200,100
34367903488091,09:32:47.903,23.5200,500
34368186878771,09:32:48.186,23.5200,100
34374156510725,09:32:54.156,23.5200,100
34375258948835,09:32:55.258,23.5200,500
34379818417990,09:32:59.818,23.5200,100
34379836046496,09:32:59.836,23.5200,100
34380237148492,09:33:00.237,23.5200,58
34381063095929,09:33:01.063,23.5200,100
34381728247506,09:33:01.728,23.5200,800
34381736745085,09:33:01.736,23.5200,100
34381750220567,09:33:01.750,23.5200,200
34381759095051,09:33:01.759,23.5200,100
34382312387238,09:33:02.312,23.5200,500
34383128142283,09:33:03.128,23.5200,100
34384663250508,09:33:04.663,23.5200,600
34384673393266,09:33:04.673,23.5200,100
34384681164263,09:33:04.681,23.5200,100
34393802565079,09:33:13.802,23.5200,600
34393802596748,09:33:13.802,23.5200,100
34393802596748,09:33:13.802,23.5200,3
34393802758841,09:33:13.802,23.5200,200
34393802871234,09:33:13.802,23.5200,200
34393802882267,09:33:13.802,23.5200,100
34422152170778,09:33:42.152,23.5200,300
34422152170778,09:33:42.152,23.5200,3
34422152173525,09:33:42.152,23.5200,97
34422152173525,09:33:42.152,23.5200,100
34422152173525,09:33:42.152,23.5200,303
34422152225244,09:33:42.152,23.5200,100
34422152271971,09:33:42.152,23.5200,100
34422152330287,09:33:42.152,23.5200,100
34422152330287,09:33:42.152,23.5200,100
34422152419110,09:33:42.152,23.5200,300
34422152419110,09:33:42.152,23.5200,164
34422152581787,09:33:42.152,23.5200,100
34430581083337,09:33:50.581,23.5200,200
34437228116769,09:33:57.228,23.5200,200
34437228223993,09:33:57.228,23.5200,100
34440520800728,09:34:00.520,23.5200,100
34448096933269,09:34:08.096,23.5200,100
34448097489584,09:34:08.097,23.5200,100
34448794745763,09:34:08.794,23.5200,300
34455692037853,09:34:15.692,23.5200,300
34455692497759,09:34:15.692,23.5200,300
34455693520557,09:34:15.693,23.5200,100
34455693520557,09:34:15.693,23.5200,300
34455693520557,09:34:15.693,23.5200,2700
34455696993639,09:34:15.696,23.5200,300
34456542403033,09:34:16.542,23.5200,300
34456542852435,09:34:16.542,23.5200,300
34462117041300,09:34:22.117,23.5200,100
34465568440501,09:34:25.568,23.5200,200
34465568898797,09:34:25.568,23.5200,100
34466015739607,09:34:26.015,23.5200,200
34466015843576,09:34:26.015,23.5200,100
34466016510121,09:34:26.016,23.5200,200
34466016510121,09:34:26.016,23.5200,100
34466016510121,09:34:26.016,23.5200,400
34466017471891,09:34:26.017,23.5200,300
34466017471891,09:34:26.017,23.5200,1120
34466155320967,09:34:26.155,23.5300,200
34745174354994,09:39:05.174,23.6100,200
34766333892339,09:39:26.333,23.6200,3
34770197364865,09:39:30.197,23.6200,200
34770197432847,09:39:30.197,23.6200,200
34770197433479,09:39:30.197,23.6200,200
34770197486854,09:39:30.197,23.6200,200
34770197849353,09:39:30.197,23.6200,197
34770198051138,09:39:30.198,23.6200,120
34770198073698,09:39:30.198,23.6200,80
34770198073698,09:39:30.198,23.6200,5
34770198073698,09:39:30.198,23.6200,15
34770198109970,09:39:30.198,23.6200,50
34770198194779,09:39:30.198,23.6200,200
34770198213909,09:39:30.198,23.6200,35
34770198226898,09:39:30.198,23.6200,35
34770198246137,09:39:30.198,23.6200,35
34770198307946,09:39:30.198,23.6200,100
34770229363456,09:39:30.229,23.6150,100
34777224102663,09:39:37.224,23.6150,100
34787701276274,09:39:47.701,23.6150,100
34791720369455,09:39:51.720,23.6150,100
34814607003465,09:40:14.607,23.6000,100
34814607003465,09:40:14.607,23.6000,100
34814607003465,09:40:14.607,23.6000,100
34815609697164,09:40:15.609,23.5700,100
34815609752069,09:40:15.609,23.5700,200
34815609805492,09:40:15.609,23.5700,100
34815609815953,09:40:15.609,23.5700,100
34815609815953,09:40:15.609,23.5700,100
34815611988242,09:40:15.611,23.5400,100
34833152813746,09:40:33.152,23.5800,200
34834283129886,09:40:34.283,23.5550,100
34834283182786,09:40:34.283,23.5200,5
34834283182786,09:40:34.283,23.5200,17
34834283182786,09:40:34.283,23.5200,11
34859964168863,09:40:59.964,23.5200,89
34956439082064,09:42:36.439,23.4900,100
34956446330102,09:42:36.446,23.4500,500
34956446330102,09:42:36.446,23.4500,100
34956446897092,09:42:36.446,23.4400,100
34957861734197,09:42:37.861,23.4300,25
34957862668478,09:42:37.862,23.4200,42
34999291330597,09:43:19.291,23.4200,100
34999291330597,09:43:19.291,23.4500,100
35014251322479,09:43:34.251,23.4400,100
35029396014790,09:43:49.396,23.4300,100
35032357831393,09:43:52.357,23.4100,100
35032357831393,09:43:52.357,23.4100,100
35032358252849,09:43:52.358,23.4000,1
35032358252849,09:43:52.358,23.4000,100
35032358252849,09:43:52.358,23.4000,99
35032358282422,09:43:52.358,23.4000,1
35032358849671,09:43:52.358,23.3900,3
35032358849671,09:43:52.358,23.3900,50
35032358885478,09:43:52.358,23.3900,250
35032358885478,09:43:52.358,23.3900,200
35049973504465,09:44:09.973,23.3600,100
35049973504465,09:44:09.973,23.3600,100
35049973962617,09:44:09.973,23.3500,100
35098530814912,09:44:58.530,23.3700,200
35098530853793,09:44:58.530,23.3700,200
35098530898223,09:44:58.530,23.3700,100
35098530898223,09:44:58.530,23.3700,100
35098531370662,09:44:58.531,23.3700,29
35098531426327,09:44:58.531,23.3700,71
35098531576265,09:44:58.531,23.3800,148
35098531605577,09:44:58.531,23.3800,152
35110235956613,09:45:10.235,23.4100,100
35129461494983,09:45:29.461,23.4100,100
35135292557540,09:45:35.292,23.4100,100
35153338351960,09:45:53.338,23.4000,100
35153343869780,09:45:53.343,23.4000,758
35194251517134,09:46:34.251,23.4000,100
35196431219002,09:46:36.431,23.4000,42
35196431219002,09:46:36.431,23.4000,58
35224220860484,09:47:04.220,23.4000,142
35224220860484,09:47:04.220,23.4000,58
35224220892705,09:47:04.220,23.4000,942
35245724671095,09:47:25.724,23.4050,100
35288816055090,09:48:08.816,23.4050,100
35288816055090,09:48:08.816,23.3900,85
35288816055090,09:48:08.816,23.3800,100
35288816055090,09:48:08.816,23.3800,100
35288816055090,09:48:08.816,23.3800,100
35288816055090,09:48:08.816,23.3800,15
35288816086268,09:48:08.816,23.3800,185
35288816133244,09:48:08.816,23.3700,243
35288816133244,09:48:08.816,23.3700,100
35427134865695,09:50:27.134,23.4200,200
35427135006675,09:50:27.135,23.4300,94
35427135179092,09:50:27.135,23.4300,415
35427135191695,09:50:27.135,23.4300,200
35427135230272,09:50:27.135,23.4300,100
35427135237257,09:50:27.135,23.4300,91
35427135237257,09:50:27.135,23.4300,58
35427135278190,09:50:27.135,23.4300,4
35427135298782,09:50:27.135,23.4300,100
35427135317062,09:50:27.135,23.4300,6
35427135332664,09:50:27.135,23.4300,32
35427141127636,09:50:27.141,23.4400,100
35427141127636,09:50:27.141,23.4400,100
35427141398644,09:50:27.141,23.4300,100
35427141675117,09:50:27.141,23.4300,100
35457733344253,09:50:57.733,23.4400,100
35457733344253,09:50:57.733,23.4300,15
35457733344253,09:50:57.733,23.4300,100
35457733344253,09:50:57.733,23.4300,100
35457733344253,09:50:57.733,23.4300,100
35457733344253,09:50:57.733,23.4300,8
35457733344253,09:50:57.733,23.4300,100
35457733344253,09:50:57.733,23.4300,100
35457733347322,09:50:57.733,23.4300,100
35457733394233,09:50:57.733,23.4200,100
35508256452378,09:51:48.256,23.4300,200
35522057685065,09:52:02.057,23.4100,11
35522057939021,09:52:02.057,23.4000,87
35522057946445,09:52:02.057,23.4000,13
35522058074280,09:52:02.058,23.4150,100
35522058189980,09:52:02.058,23.4000,50
35522058228503,09:52:02.058,23.4000,50
35535055613232,09:52:15.055,23.4000,200
35535055613232,09:52:15.055,23.4100,100
35563819992708,09:52:43.819,23.3900,100
35563819992708,09:52:43.819,23.3900,100
35563820328956,09:52:43.820,23.3700,100
35563820328956,09:52:43.820,23.3700,100
35563824409148,09:52:43.824,23.3600,100
35563824409148,09:52:43.824,23.3600,100
35604187043304,09:53:24.187,23.3600,71
35654121128474,09:54:14.121,23.3900,100
35654121168665,09:54:14.121,23.3900,200
35654144497026,09:54:14.144,23.4000,200
35764774170693,09:56:04.774,23.3950,100
36030515968976,10:00:30.515,23.4100,100
36030515968976,10:00:30.515,23.4100,100
36063798946314,10:01:03.798,23.4100,200
36063798946314,10:01:03.798,23.4100,100
36063798946314,10:01:03.798,23.4100,300
36063798948395,10:01:03.798,23.4100,200
36063800312845,10:01:03.800,23.4200,200
36063800351765,10:01:03.800,23.4200,100
36073064801923,10:01:13.064,23.4300,100
36073076094497,10:01:13.076,23.4400,5
36073076094497,10:01:13.076,23.4400,95
36073076152559,10:01:13.076,23.4400,5
36074932146866,10:01:14.932,23.4500,100
36104284630576,10:01:44.284,23.4500,100
36104284668895,10:01:44.284,23.4500,15
36104284680554,10:01:44.284,23.4500,141
36104284689208,10:01:44.284,23.4500,44
36104286758705,10:01:44.286,23.4700,200
36109368073364,10:01:49.368,23.5000,100
36116263286262,10:01:56.263,23.5000,100
36132864576818,10:02:12.864,23.5000,100
36132925778856,10:02:12.925,23.5000,33
36132925778856,10:02:12.925,23.5000,67
36136148473351,10:02:16.148,23.4950,100
36136148473351,10:02:16.148,23.4950,100
36136148473351,10:02:16.148,23.4900,100
36136148473351,10:02:16.148,23.4900,100
36136148534681,10:02:16.148,23.4900,100
36136148534681,10:02:16.148,23.4900,49
36136148534681,10:02:16.148,23.4900,94
36136148597991,10:02:16.148,23.4800,100
36136149099808,10:02:16.149,23.4800,100
36149280129324,10:02:29.280,23.5100,100
36166123616718,10:02:46.123,23.5150,100
36166123616718,10:02:46.123,23.5150,100
36166123616718,10:02:46.123,23.5000,100
36166123616718,10:02:46.123,23.5000,100
36166123616718,10:02:46.123,23.5000,100
36166124278167,10:02:46.124,23.5000,100
36166124278167,10:02:46.124,23.5000,100
36166124278167,10:02:46.124,23.5000,100
36166125164128,10:02:46.125,23.4900,100
36166125164128,10:02:46.125,23.4900,100
36166131006119,10:02:46.131,23.4800,200
36166131006119,10:02:46.131,23.4800,100
36166131006119,10:02:46.131,23.4800,100
36218600787256,10:03:38.600,23.4800,45
36218600787256,10:03:38.600,23.4800,19
36357563303316,10:05:57.563,23.4950,100
36357563303316,10:05:57.563,23.4950,100
36386237148227,10:06:26.237,23.5200,100
36386237148227,10:06:26.237,23.5200,100
36386237207295,10:06:26.237,23.5200,200
36386237223947,10:06:26.237,23.5200,100
36386237223947,10:06:26.237,23.5200,37
36386237223947,10:06:26.237,23.5200,63
36386237297253,10:06:26.237,23.5200,37
36386237297253,10:06:26.237,23.5200,63
36388606313614,10:06:28.606,23.5200,100
36390174560877,10:06:30.174,23.5200,37
36390174560877,10:06:30.174,23.5200,63
36390175826222,10:06:30.175,23.5200,100
36431172868898,10:07:11.172,23.5300,100
36486311366377,10:08:06.311,23.5250,100
36489602420798,10:08:09.602,23.5300,970
36489602451995,10:08:09.602,23.5300,826
36489602451995,10:08:09.602,23.5300,39
36489639745698,10:08:09.639,23.5500,100
36556483499020,10:09:16.483,23.5600,100
36556485651006,10:09:16.485,23.5600,100
36556485651006,10:09:16.485,23.5500,100
36556485651006,10:09:16.485,23.5400,4
36556485723587,10:09:16.485,23.5400,100
36556485723587,10:09:16.485,23.5400,100
36556485776700,10:09:16.485,23.5300,42
36556486180525,10:09:16.486,23.5300,158
36556486180525,10:09:16.486,23.5300,100
36556488514986,10:09:16.488,23.5200,100
36556488514986,10:09:16.488,23.5200,100
36556488514986,10:09:16.488,23.5200,100
36556488880780,10:09:16.488,23.5200,100
36684238351210,10:11:24.238,23.5600,100
36684238351210,10:11:24.238,23.5600,100
36684238540112,10:11:24.238,23.5600,100
36692016967807,10:11:32.016,23.5700,39
36708694463750,10:11:48.694,23.5800,82
36708694589995,10:11:48.694,23.5800,141
36708694590587,10:11:48.694,23.5800,141
36708701755371,10:11:48.701,23.5800,200
36708703488178,10:11:48.703,23.5800,200
36708710752652,10:11:48.710,23.5800,236
36708762515542,10:11:48.762,23.5800,135
36708762538755,10:11:48.762,23.5800,65
36708762538755,10:11:48.762,23.5800,100
36793232667680,10:13:13.232,23.5900,100
36793232667680,10:13:13.232,23.5900,100
36859233266656,10:14:19.233,23.5900,100
36874914199761,10:14:34.914,23.5900,100
36874914199761,10:14:34.914,23.5900,38
36874914199761,10:14:34.914,23.5900,62
36875025156637,10:14:35.025,23.5900,79
36875796702061,10:14:35.796,23.5900,100
36879179496682,10:14:39.179,23.5900,100
36880922096878,10:14:40.922,23.5900,500
36880925114930,10:14:40.925,23.5900,100
36881800659018,10:14:41.800,23.5900,200
36884167747076,10:14:44.167,23.5900,100
36884178744400,10:14:44.178,23.5900,100
36887530188688,10:14:47.530,23.5900,6
36887725068762,10:14:47.725,23.5900,100
36890003699317,10:14:50.003,23.5900,100
36890010060343,10:14:50.010,23.5900,100
36890013108847,10:14:50.013,23.5900,100
36896381055546,10:14:56.381,23.5900,3
36899390506123,10:14:59.390,23.5900,100
36903175850113,10:15:03.175,23.5900,100
36907572862330,10:15:07.572,23.5900,140
36909179651768,10:15:09.179,23.5900,100
36914165569641,10:15:14.165,23.5900,100
36934242456404,10:15:34.242,23.5800,100
36934242456404,10:15:34.242,23.5800,200
36934242456404,10:15:34.242,23.5800,14
36934242456404,10:15:34.242,23.5800,100
36934242456404,10:15:34.242,23.5800,100
36934243850037,10:15:34.243,23.5700,100
36972492364897,10:16:12.492,23.5600,100
36972492364897,10:16:12.492,23.5500,100
36972492451122,10:16:12.492,23.5500,100
36993147103777,10:16:33.147,23.5600,100
36993147599811,10:16:33.147,23.5400,100
36993147630031,10:16:33.147,23.5400,100
36993147630031,10:16:33.147,23.5400,100
36993147630031,10:16:33.147,23.5400,100
36993147630031,10:16:33.147,23.5400,100
36993147641070,10:16:33.147,23.5400,100
37021191377957,10:17:01.191,23.5700,100
37044345922283,10:17:24.345,23.5700,36
37044345922283,10:17:24.345,23.5700,64
37079145951282,10:17:59.145,23.5700,100
37079151917613,10:17:59.151,23.5700,100
37165532547979,10:19:25.532,23.5700,37
37165532547979,10:19:25.532,23.5700,2
37165532547979,10:19:25.532,23.5700,61
37181316010047,10:19:41.316,23.5700,100
37181316046036,10:19:41.316,23.5700,20
37189265394874,10:19:49.265,23.5700,68
37189305786577,10:19:49.305,23.5700,51
37189305786577,10:19:49.305,23.5800,49
37220125825290,10:20:20.125,23.5700,50
37220125825290,10:20:20.125,23.5800,50
37220125867787,10:20:20.125,23.5800,1
37249228717413,10:20:49.228,23.5900,100
37324314087417,10:22:04.314,23.5700,5
37327162078425,10:22:07.162,23.5900,100
37357402778442,10:22:37.402,23.5900,100
37357410199609,10:22:37.410,23.5900,100
37359225963551,10:22:39.225,23.5900,100
37405274388800,10:23:25.274,23.5900,100
37425402350428,10:23:45.402,23.5900,3
37469924836600,10:24:29.924,23.5900,58
37474720891748,10:24:34.720,23.5900,200
37548987458153,10:25:48.987,23.5900,100
37560618068427,10:26:00.618,23.5900,5
37589227686211,10:26:29.227,23.5900,100
37589227686855,10:26:29.227,23.5900,100
37593231472471,10:26:33.231,23.6000,12
37593231472471,10:26:33.231,23.6000,88
37600025325499,10:26:40.025,23.6000,100
37600768450097,10:26:40.768,23.6000,12
37600768450097,10:26:40.768,23.6000,188
37600816644150,10:26:40.816,23.6000,12
37600816644150,10:26:40.816,23.6000,88
37619783700746,10:26:59.783,23.5950,200
37619783780493,10:26:59.783,23.5950,100
37619783780493,10:26:59.783,23.5900,100
37619783781215,10:26:59.783,23.5900,100
37619785242781,10:26:59.785,23.5800,100
37619785242781,10:26:59.785,23.5800,100
37619785242781,10:26:59.785,23.5800,100
37619785242781,10:26:59.785,23.5800,100
37619788180737,10:26:59.788,23.5800,3
37631064156066,10:27:11.064,23.5700,100
37661232414573,10:27:41.232,23.5700,100
37712249196446,10:28:32.249,23.5700,100
37748235613437,10:29:08.235,23.5700,96
37790193804115,10:29:50.193,23.5700,4
37790193804115,10:29:50.193,23.5700,100
37790193804115,10:29:50.193,23.5700,31
37790193804115,10:29:50.193,23.5700,65
37791253726812,10:29:51.253,23.5700,100
37802872179086,10:30:02.872,23.5700,35
37816219196023,10:30:16.219,23.5800,157
37816219225295,10:30:16.219,23.5800,9
37816219225295,10:30:16.219,23.5800,32
37872297804382,10:31:12.297,23.5950,100
37917557421744,10:31:57.557,23.5950,100
37921820429903,10:32:01.820,23.5950,100
37921820429903,10:32:01.820,23.5950,247
37921820483852,10:32:01.820,23.5950,53
37921820483852,10:32:01.820,23.5900,100
37921820483852,10:32:01.820,23.5900,100
37921820483852,10:32:01.820,23.5900,47
37921820483852,10:32:01.820,23.5900,47
37921820488714,10:32:01.820,23.5900,53
37921820557550,10:32:01.820,23.5800,42
37921820754120,10:32:01.820,23.5800,58
37921820754120,10:32:01.820,23.5800,26
37921820784433,10:32:01.820,23.5800,74
37921821011172,10:32:01.821,23.5800,100
37921824215526,10:32:01.824,23.5800,3
37921826481288,10:32:01.826,23.5800,97
37921826481288,10:32:01.826,23.5800,3
37921836473740,10:32:01.836,23.5800,97
37921836473740,10:32:01.836,23.5800,3
37921836532677,10:32:01.836,23.5800,97
37922660158672,10:32:02.660,23.5800,100
37935024370969,10:32:15.024,23.5800,34
37955237658562,10:32:35.237,23.5900,100
37955237658562,10:32:35.237,23.5900,100
37956154329985,10:32:36.154,23.6000,100
37956154329985,10:32:36.154,23.6000,200
37956154329985,10:32:36.154,23.6000,100
37956154329985,10:32:36.154,23.6000,100
37956154457109,10:32:36.154,23.6100,100
37956154457109,10:32:36.154,23.6100,96
37956154469074,10:32:36.154,23.6100,4
37956154469074,10:32:36.154,23.6100,100
37968862750894,10:32:48.862,23.6200,100
38012230325804,10:33:32.230,23.6300,100
38053716950955,10:34:13.716,23.6200,100
38053716950955,10:34:13.716,23.6200,100
38053716950955,10:34:13.716,23.6100,100
38053716995774,10:34:13.716,23.6100,100
38053716995774,10:34:13.716,23.6100,100
38053717047514,10:34:13.717,23.6100,20
38053717576939,10:34:13.717,23.6100,80
38096183700736,10:34:56.183,23.6100,18
38096183700736,10:34:56.183,23.6100,182
38096183747100,10:34:56.183,23.6100,18
38155584130294,10:35:55.584,23.6200,3
38171222247232,10:36:11.222,23.6400,100
38171222247232,10:36:11.222,23.6400,100
38171222247232,10:36:11.222,23.6400,33
38171225439059,10:36:11.225,23.6500,5
38237361628404,10:37:17.361,23.6550,100
38237361628404,10:37:17.361,23.6550,100
38237361647034,10:37:17.361,23.6550,100
38237361759787,10:37:17.361,23.6500,100
38237361759787,10:37:17.361,23.6500,100
38298341884467,10:38:18.341,23.6500,100
38298341893454,10:38:18.341,23.6500,38
38298341893454,10:38:18.341,23.6500,62
38332309011666,10:38:52.309,23.6400,200
38332309011666,10:38:52.309,23.6400,100
38332309365081,10:38:52.309,23.6400,100
38332309390729,10:38:52.309,23.6400,100
38341381072930,10:39:01.381,23.6500,100
38350040105564,10:39:10.040,23.6500,100
38375864298561,10:39:35.864,23.6500,100
38375864418827,10:39:35.864,23.6500,100
38375864420333,10:39:35.864,23.6400,100
38385275652410,10:39:45.275,23.6500,100
38428305334549,10:40:28.305,23.6500,100
38428305334549,10:40:28.305,23.6500,100
38444011538374,10:40:44.011,23.6350,100
38444012299331,10:40:44.012,23.6350,100
38444104649032,10:40:44.104,23.6300,66
38548341070080,10:42:28.341,23.6200,40
38611676829153,10:43:31.676,23.6400,100
38611676829153,10:43:31.676,23.6400,5
38611676829153,10:43:31.676,23.6400,35
38611676829153,10:43:31.676,23.6400,160
38611676862439,10:43:31.676,23.6400,140
38622222110958,10:43:42.222,23.6500,200
38622222110958,10:43:42.222,23.6500,100
38640036803664,10:44:00.036,23.6600,100
38657473795036,10:44:17.473,23.6700,36
38657473795036,10:44:17.473,23.6700,47
38657483397131,10:44:17.483,23.6700,53
38657483397131,10:44:17.483,23.6700,100
38657548522583,10:44:17.548,23.6800,1
38657548522583,10:44:17.548,23.6800,2000
38657548522583,10:44:17.548,23.6800,644
38657548522583,10:44:17.548,23.6800,100
38657548522583,10:44:17.548,23.6800,100
38657548522583,10:44:17.548,23.6800,100
38657548522583,10:44:17.548,23.6800,100
38657548697837,10:44:17.548,23.6900,100
38657548697837,10:44:17.548,23.6900,100
38664015412645,10:44:24.015,23.7000,181
38664015412645,10:44:24.015,23.7000,19
38666272290281,10:44:26.272,23.7000,81
38666272290281,10:44:26.272,23.7000,19
38666272621005,10:44:26.272,23.7000,181
38666272621005,10:44:26.272,23.7000,1
38666272621005,10:44:26.272,23.7000,100
38666272621005,10:44:26.272,23.7000,100
38666272621005,10:44:26.272,23.7000,200
38666388241600,10:44:26.388,23.7000,100
38666388241600,10:44:26.388,23.7000,200
38667944027280,10:44:27.944,23.6950,100
38672570743653,10:44:32.570,23.7000,100
38672622623219,10:44:32.622,23.7000,100
38672622623219,10:44:32.622,23.7000,100
38672622623219,10:44:32.622,23.7000,100
38673175067309,10:44:33.175,23.7000,100
38673175067309,10:44:33.175,23.7000,100
38673175147821,10:44:33.175,23.7000,1
38674225148697,10:44:34.225,23.6900,100
38674225148697,10:44:34.225,23.6900,100
38674225148697,10:44:34.225,23.6900,100
38674225491103,10:44:34.225,23.6800,100
38674225491103,10:44:34.225,23.6800,100
38674225491103,10:44:34.225,23.6800,100
38817281134551,10:46:57.281,23.6800,56
38822316534394,10:47:02.316,23.6900,100
38822316537919,10:47:02.316,23.6800,44
38822316537919,10:47:02.316,23.6800,53
38822316708391,10:47:02.316,23.6900,100
38822316708391,10:47:02.316,23.6800,28
38855019863165,10:47:35.019,23.6850,146
38855019907320,10:47:35.019,23.6850,146
38855019943094,10:47:35.019,23.6850,133
38855019970411,10:47:35.019,23.6800,13
38855020002441,10:47:35.020,23.6800,6
38855020002441,10:47:35.020,23.6800,16
38855020155602,10:47:35.020,23.6800,8
38855020179700,10:47:35.020,23.6850,75
38855020179700,10:47:35.020,23.6800,3
38855020179700,10:47:35.020,23.6800,22
38855020182658,10:47:35.020,23.6800,38
38855020213590,10:47:35.020,23.6850,100
38855020213590,10:47:35.020,23.6800,40
38855020213590,10:47:35.020,23.6700,322
38855021789056,10:47:35.021,23.6800,40
38855021789056,10:47:35.021,23.6800,60
38857123639743,10:47:37.123,23.6800,100
38892282613269,10:48:12.282,23.6800,40
38892282613269,10:48:12.282,23.6800,600
38897985205286,10:48:17.985,23.6850,100
38897985205286,10:48:17.985,23.6850,100
38897985205286,10:48:17.985,23.6800,100
38943690635034,10:49:03.690,23.6750,100
38943691123430,10:49:03.691,23.6750,178
38953843058957,10:49:13.843,23.6750,100
38957204972735,10:49:17.204,23.6800,84
38966204082239,10:49:26.204,23.6800,616
38966204082239,10:49:26.204,23.6800,200
38966204082239,10:49:26.204,23.6800,37
39039180902099,10:50:39.180,23.6900,100
39057887683453,10:50:57.887,23.6850,100
39057887683453,10:50:57.887,23.6850,100
39057887683453,10:50:57.887,23.6800,1
39057887721073,10:50:57.887,23.6800,100
39057887721073,10:50:57.887,23.6800,100
39059901595942,10:50:59.901,23.6550,100
39059901595942,10:50:59.901,23.6500,100
39059909925628,10:50:59.909,23.6500,100
39059910008925,10:50:59.910,23.6500,100
39059910008925,10:50:59.910,23.6500,100
39059912258037,10:50:59.912,23.6500,100
39059912258037,10:50:59.912,23.6500,100
39059912258037,10:50:59.912,23.6500,100
39060937459034,10:51:00.937,23.6400,100
39061990126042,10:51:01.990,23.6250,100
39061990126042,10:51:01.990,23.6100,600
39061990126042,10:51:01.990,23.6100,200
39061990901736,10:51:01.990,23.6400,100
39062001128269,10:51:02.001,23.6100,100
39062001128269,10:51:02.001,23.6100,100
39063089744918,10:51:03.089,23.6100,100
39063089744918,10:51:03.089,23.6000,5
39063089823410,10:51:03.089,23.6000,100
39121031958882,10:52:01.031,23.6100,200
39121031958882,10:52:01.031,23.6100,200
39121031958882,10:52:01.031,23.6100,100
39121033036085,10:52:01.033,23.6200,100
39129774132225,10:52:09.774,23.6300,100
39154037062408,10:52:34.037,23.6400,31
39154037078087,10:52:34.037,23.6400,3
39191199882990,10:53:11.199,23.6500,100
39191199882990,10:53:11.199,23.6500,100
39191200016844,10:53:11.200,23.6400,100
39191200016844,10:53:11.200,23.6400,100
39191200862986,10:53:11.200,23.6400,200
39305766758281,10:55:05.766,23.6350,100
39305766758281,10:55:05.766,23.6350,100
39305766758281,10:55:05.766,23.6200,3
39305766758281,10:55:05.766,23.6200,197
39305772476073,10:55:05.772,23.6100,100
39305772517744,10:55:05.772,23.6100,100
39305772554554,10:55:05.772,23.6100,419
39305772565521,10:55:05.772,23.6100,134
39305772572730,10:55:05.772,23.6100,47
39334418632676,10:55:34.418,23.6100,300
39334418632676,10:55:34.418,23.6100,36
39334418712112,10:55:34.418,23.6200,100
39371148004711,10:56:11.148,23.6400,100
39569820128980,10:59:29.820,23.6150,100
39569820128980,10:59:29.820,23.6150,100
39569820489536,10:59:29.820,23.6000,100
39569820489536,10:59:29.820,23.6000,100
39569822678280,10:59:29.822,23.5900,100
39570146137455,10:59:30.146,23.5600,100
39661132163313,11:01:01.132,23.5700,28
39661132163313,11:01:01.132,23.5700,226
39661132204767,11:01:01.132,23.5700,74
39661132204767,11:01:01.132,23.5700,200
39661132233995,11:01:01.132,23.5700,200
39661134320978,11:01:01.134,23.5800,22
39662824882331,11:01:02.824,23.5800,78
39662947021161,11:01:02.947,23.5900,100
39662947021161,11:01:02.947,23.5900,22
39662947390004,11:01:02.947,23.5900,78
39663467111196,11:01:03.467,23.6000,186
39663473250314,11:01:03.473,23.6000,285
39663473315999,11:01:03.473,23.6000,189
39663485429770,11:01:03.485,23.6000,340
39663491821676,11:01:03.491,23.6000,200
39663493874013,11:01:03.493,23.6000,100
39663494806740,11:01:03.494,23.6000,200
39663505716528,11:01:03.505,23.6000,400
39664103919458,11:01:04.103,23.6000,86
39677265799689,11:01:17.265,23.5900,100
39744792777471,11:02:24.792,23.5950,100
39744793299004,11:02:24.793,23.6000,14
39744793299004,11:02:24.793,23.6000,1000
39744793299004,11:02:24.793,23.6000,27
39744793333440,11:02:24.793,23.6000,200
39744817876963,11:02:24.817,23.6000,100
39744817876963,11:02:24.817,23.6000,100
39748534665585,11:02:28.534,23.6250,200
39754022216018,11:02:34.022,23.6300,200
39754022271561,11:02:34.022,23.6300,100
39778958123812,11:02:58.958,23.6450,100
39778958123812,11:02:58.958,23.6450,100
39801300739009,11:03:21.300,23.6450,100
39801300761613,11:03:21.300,23.6450,100
39801300761613,11:03:21.300,23.6300,100
39801300761613,11:03:21.300,23.6300,100
39801300761613,11:03:21.300,23.6300,100
39801300761613,11:03:21.300,23.6300,45
39801300804868,11:03:21.300,23.6300,100
39801301207749,11:03:21.301,23.6300,100
39801301286054,11:03:21.301,23.6300,48
39801301302977,11:03:21.301,23.6300,52
39801496048803,11:03:21.496,23.6200,100
39802042766627,11:03:22.042,23.6100,100
39878239043882,11:04:38.239,23.6100,19
39878239043882,11:04:38.239,23.6100,29
39922291652423,11:05:22.291,23.6000,7
39922291652423,11:05:22.291,23.6000,100
39922291652423,11:05:22.291,23.6000,100
39922291694782,11:05:22.291,23.6000,100
39922291695359,11:05:22.291,23.6000,100
40005175688890,11:06:45.175,23.6100,100
40118684089853,11:08:38.684,23.6000,25
40129279552421,11:08:49.279,23.6100,200
40172838673637,11:09:32.838,23.6000,5
40213305686808,11:10:13.305,23.6050,100
40213305686808,11:10:13.305,23.6000,62
40213305742513,11:10:13.305,23.6000,8
40213305742513,11:10:13.305,23.6000,5
40213305742513,11:10:13.305,23.6000,3
40213305778609,11:10:13.305,23.6050,100
40213305778609,11:10:13.305,23.6000,13
40213306099942,11:10:13.306,23.6000,84
40225552369224,11:10:25.552,23.6000,100
40225552375688,11:10:25.552,23.6000,100
40225552404904,11:10:25.552,23.6000,200
40230467531922,11:10:30.467,23.6050,100
40231691954752,11:10:31.691,23.6000,97
40231691985244,11:10:31.691,23.6000,3
40268477928066,11:11:08.477,23.5950,100
40271211681524,11:11:11.211,23.5950,100
40287362973687,11:11:27.362,23.5950,100
40287362973687,11:11:27.362,23.5900,100
40287362973687,11:11:27.362,23.5900,100
40287362973687,11:11:27.362,23.5900,100
40287363026301,11:11:27.363,23.5900,100
40287374809032,11:11:27.374,23.5900,100
40287374809032,11:11:27.374,23.5900,100
40303281804271,11:11:43.281,23.5900,5
40303281804271,11:11:43.281,23.5900,95
40434177859905,11:13:54.177,23.6100,100
40434177868229,11:13:54.177,23.6100,100
40445265135435,11:14:05.265,23.6100,100
40466289442494,11:14:26.289,23.6000,100
40466289939735,11:14:26.289,23.6000,100
40468079382536,11:14:28.079,23.5900,43
40468079382536,11:14:28.079,23.5900,100
40468079382536,11:14:28.079,23.5900,57
40468079414313,11:14:28.079,23.5900,43
40515430867095,11:15:15.430,23.5950,100
40515430867095,11:15:15.430,23.5900,5
40515430867095,11:15:15.430,23.5900,100
40515430867095,11:15:15.430,23.5900,100
40608143118024,11:16:48.143,23.5900,100
40608143118024,11:16:48.143,23.5900,100
40608143121178,11:16:48.143,23.5900,60
40608143149427,11:16:48.143,23.5900,340
40608143149427,11:16:48.143,23.5900,31
40608143149427,11:16:48.143,23.5900,60
40608143178823,11:16:48.143,23.5900,40
40616159903199,11:16:56.159,23.6000,200
40624146348688,11:17:04.146,23.6050,100
40624146348688,11:17:04.146,23.6050,100
40624165374441,11:17:04.165,23.6100,100
40641260372663,11:17:21.260,23.6100,100
40658771393669,11:17:38.771,23.6100,100
40658771393669,11:17:38.771,23.6100,200
40658771393669,11:17:38.771,23.6100,100
40659171448244,11:17:39.171,23.6200,100
40760013336778,11:19:20.013,23.6200,100
40760013336778,11:19:20.013,23.6200,100
40760013336778,11:19:20.013,23.6100,100
40760013367783,11:19:20.013,23.6100,100
40760025606003,11:19:20.025,23.6000,100
40760025966929,11:19:20.025,23.6000,9
40760025998129,11:19:20.025,23.6000,24
40760026002999,11:19:20.026,23.6000,67
40787864559302,11:19:47.864,23.5800,33
40787864622922,11:19:47.864,23.5850,100
40787864622922,11:19:47.864,23.5850,100
40787864622922,11:19:47.864,23.5800,11
40787865279499,11:19:47.865,23.5800,56
40787865279499,11:19:47.865,23.5800,11
40787865279499,11:19:47.865,23.5800,100
40844898135816,11:20:44.898,23.5400,87
40844898187431,11:20:44.898,23.5400,5
40844898254061,11:20:44.898,23.5450,100
40844898254061,11:20:44.898,23.5400,8
40844898254061,11:20:44.898,23.5400,16
40844898347579,11:20:44.898,23.5400,84
40862910415609,11:21:02.910,23.5300,100
40862910415609,11:21:02.910,23.5300,32
40862910415609,11:21:02.910,23.5300,100
40875290560278,11:21:15.290,23.5000,10
40875290560278,11:21:15.290,23.5000,1
40875290560278,11:21:15.290,23.5000,2
40875291032152,11:21:15.291,23.5000,98
41028208761663,11:23:48.208,23.5000,100
41028208762688,11:23:48.208,23.5000,100
41028208904169,11:23:48.208,23.5000,26
41028208904169,11:23:48.208,23.5000,100
41028208904169,11:23:48.208,23.5000,285
41028208905885,11:23:48.208,23.5000,115
41028208905885,11:23:48.208,23.5000,11
41028209034045,11:23:48.209,23.5000,89
41028209334130,11:23:48.209,23.5000,20
41028209370849,11:23:48.209,23.5000,80
41028209370849,11:23:48.209,23.5000,100
41028210197043,11:23:48.210,23.5000,30
41030099357088,11:23:50.099,23.5000,100
41030099357088,11:23:50.099,23.5000,100
41038454692812,11:23:58.454,23.4950,100
41038454692812,11:23:58.454,23.4950,100
41038454692812,11:23:58.454,23.4900,100
41038454692812,11:23:58.454,23.4900,5
41038455888556,11:23:58.455,23.4900,100
41038981829149,11:23:58.981,23.4900,100
41038981829149,11:23:58.981,23.4900,100
41048462718056,11:24:08.462,23.4850,100
41054507320042,11:24:14.507,23.4900,100
41061154487409,11:24:21.154,23.4900,26
41061154487409,11:24:21.154,23.4900,74
41061154549109,11:24:21.154,23.4900,26
41067145195301,11:24:27.145,23.4900,100
41069250308269,11:24:29.250,23.4900,100
41069513025105,11:24:29.513,23.4900,100
41070826915360,11:24:30.826,23.4900,100
41098019158713,11:24:58.019,23.4850,100
41098019207279,11:24:58.019,23.4850,100
41098019563310,11:24:58.019,23.4700,100
41185538340848,11:26:25.538,23.4600,98
41199241838238,11:26:39.241,23.4700,100
41199241876840,11:26:39.241,23.4700,24
41206022365556,11:26:46.022,23.4800,100
41220032641599,11:27:00.032,23.4900,100
41220032678968,11:27:00.032,23.4900,22
41220032707557,11:27:00.032,23.4900,44
41220032727249,11:27:00.032,23.4900,56
41220032727249,11:27:00.032,23.4900,22
41220033079487,11:27:00.033,23.4900,100
41257292101942,11:27:37.292,23.4850,100
41257292101942,11:27:37.292,23.4850,100
41257292101942,11:27:37.292,23.4800,100
41257292101942,11:27:37.292,23.4800,100
41257292101942,11:27:37.292,23.4800,133
41257292133732,11:27:37.292,23.4800,167
41257292133732,11:27:37.292,23.4800,33
41262336707135,11:27:42.336,23.4700,100
41307345947678,11:28:27.345,23.4600,100
41307346008130,11:28:27.346,23.4600,100
41307346008130,11:28:27.346,23.4600,7
41307915185517,11:28:27.915,23.4500,100
41307915185517,11:28:27.915,23.4500,100
41307915185517,11:28:27.915,23.4500,78
41307915194783,11:28:27.915,23.4500,132
41307916467908,11:28:27.916,23.4400,36
41307916476037,11:28:27.916,23.4400,64
41346983613956,11:29:06.983,23.4200,200
41451334690726,11:30:51.334,23.4350,100
41484261123296,11:31:24.261,23.4500,100
41484261285761,11:31:24.261,23.4500,200
41484261285761,11:31:24.261,23.4500,24
41484261285761,11:31:24.261,23.4500,300
41484261383838,11:31:24.261,23.4500,100
41484261793712,11:31:24.261,23.4500,100
41484261920301,11:31:24.261,23.4500,5
41484290422000,11:31:24.290,23.4600,100
41484290422000,11:31:24.290,23.4600,100
41484290422000,11:31:24.290,23.4600,100
41490896562836,11:31:30.896,23.4650,100
41490896562836,11:31:30.896,23.4650,100
41490896562836,11:31:30.896,23.4600,100
41490896562836,11:31:30.896,23.4600,100
41490896749676,11:31:30.896,23.4600,54
41501090624326,11:31:41.090,23.4600,39
41501091482419,11:31:41.091,23.4600,61
41526987991159,11:32:06.987,23.4600,39
41528443434258,11:32:08.443,23.4550,100
41541026191206,11:32:21.026,23.4500,36
41541026220430,11:32:21.026,23.4550,100
41541026220430,11:32:21.026,23.4500,100
41541026240039,11:32:21.026,23.4500,100
41559314736889,11:32:39.314,23.4400,26
41559314736889,11:32:39.314,23.4400,74
41564232280538,11:32:44.232,23.4400,100
41568434501963,11:32:48.434,23.4200,100
41568434501963,11:32:48.434,23.4200,100
41568434501963,11:32:48.434,23.4200,100
41568434501963,11:32:48.434,23.4200,100
41568435135385,11:32:48.435,23.4300,100
41568435701930,11:32:48.435,23.4300,100
41568435701930,11:32:48.435,23.4200,100
41568435701930,11:32:48.435,23.4200,100
41568435701930,11:32:48.435,23.4200,100
41568936200444,11:32:48.936,23.4200,100
41587643233720,11:33:07.643,23.4200,100
41627727238059,11:33:47.727,23.4200,100
41627727419986,11:33:47.727,23.4200,23
41627727419986,11:33:47.727,23.4200,100
41627727419986,11:33:47.727,23.4200,200
41627727546892,11:33:47.727,23.4200,35
41632254842548,11:33:52.254,23.4200,65
41632254842548,11:33:52.254,23.4200,1
41632263383405,11:33:52.263,23.4200,70
41632314677369,11:33:52.314,23.4200,29
41632314677369,11:33:52.314,23.4200,11
41635020414408,11:33:55.020,23.4200,89
41635020414408,11:33:55.020,23.4200,11
41635020454806,11:33:55.020,23.4200,89
41635020474394,11:33:55.020,23.4200,89
41635020503939,11:33:55.020,23.4200,11
41635020520074,11:33:55.020,23.4200,11
41635020536456,11:33:55.020,23.4200,13
41635021056272,11:33:55.021,23.4200,87
41635021056272,11:33:55.021,23.4200,100
41635021056272,11:33:55.021,23.4200,13
41635021143634,11:33:55.021,23.4200,100
41639275350180,11:33:59.275,23.4200,100
41639288904199,11:33:59.288,23.4200,100
41639292068914,11:33:59.292,23.4200,100
41640335867088,11:34:00.335,23.4200,100
41640652306138,11:34:00.652,23.4200,100
41642001975016,11:34:02.001,23.4200,100
41642233789503,11:34:02.233,23.4200,200
41643355816623,11:34:03.355,23.4200,100
41657187128005,11:34:17.187,23.4200,100
41657187309579,11:34:17.187,23.4200,100
41657187316814,11:34:17.187,23.4200,100
41657187331384,11:34:17.187,23.4200,100
41673273619016,11:34:33.273,23.4200,82
41673273619016,11:34:33.273,23.4300,18
41673439273962,11:34:33.439,23.4300,82
41673439273962,11:34:33.439,23.4300,22
41673439273962,11:34:33.439,23.4300,100
41708315348811,11:35:08.315,23.4500,100
41714982883575,11:35:14.982,23.4600,100
41714982883575,11:35:14.982,23.4600,100
41714982883575,11:35:14.982,23.4600,100
41714991041503,11:35:14.991,23.4600,100
41714991041503,11:35:14.991,23.4600,100
41736179258273,11:35:36.179,23.4800,100
41766942486075,11:36:06.942,23.4750,100
41766942486075,11:36:06.942,23.4750,100
41795818766284,11:36:35.818,23.4700,100
41795818766284,11:36:35.818,23.4700,100
41795818766284,11:36:35.818,23.4600,47
41795818794924,11:36:35.818,23.4600,53
41795818794924,11:36:35.818,23.4600,100
41820274672578,11:37:00.274,23.4600,100
41828332799264,11:37:08.332,23.4550,100
41828332799264,11:37:08.332,23.4500,3
41876762851690,11:37:56.762,23.4500,97
41876762851690,11:37:56.762,23.4500,3
41888685473610,11:38:08.685,23.4300,28
41906382383338,11:38:26.382,23.4500,24
41906382383338,11:38:26.382,23.4500,100
41906382383338,11:38:26.382,23.4600,100
41906382383338,11:38:26.382,23.4600,100
41906382383338,11:38:26.382,23.4600,91
41906383837155,11:38:26.383,23.4600,100
41945221601042,11:39:05.221,23.4900,200
41945221636960,11:39:05.221,23.4900,100
41945221659583,11:39:05.221,23.4900,100
41945221688203,11:39:05.221,23.4900,25
41945221847527,11:39:05.221,23.4900,100
41945221849415,11:39:05.221,23.4900,75
41945221858178,11:39:05.221,23.4900,25
41945221858178,11:39:05.221,23.4900,75
41945221880701,11:39:05.221,23.4900,25
41945221880701,11:39:05.221,23.4900,100
41945221880701,11:39:05.221,23.4900,100
41945222038060,11:39:05.222,23.4900,100
41947582747890,11:39:07.582,23.4850,100
41947582747890,11:39:07.582,23.4850,100
41948635873181,11:39:08.635,23.4800,100
41948635879984,11:39:08.635,23.4800,15
41948635879984,11:39:08.635,23.4800,85
41948635935029,11:39:08.635,23.4800,15
41952969367565,11:39:12.969,23.4700,100
41952969367565,11:39:12.969,23.4700,100
41965012432295,11:39:25.012,23.4800,43
41974436119502,11:39:34.436,23.5000,100
42010366338064,11:40:10.366,23.4950,100
42010366338064,11:40:10.366,23.4950,100
42022192691887,11:40:22.192,23.5000,29
42022494576850,11:40:22.494,23.5100,24
42022494587405,11:40:22.494,23.5100,76
42022494587405,11:40:22.494,23.5100,64
42022494606975,11:40:22.494,23.5100,36
42044075542792,11:40:44.075,23.5200,100
42044075542792,11:40:44.075,23.5200,100
42044075542792,11:40:44.075,23.5100,100
42044075542792,11:40:44.075,23.5100,100
42044075542792,11:40:44.075,23.5100,100
42044075542792,11:40:44.075,23.5100,200
42045219843543,11:40:45.219,23.4900,35
42045219843543,11:40:45.219,23.4900,100
42045219843543,11:40:45.219,23.4900,100
42045222458919,11:40:45.222,23.5100,100
42045233499925,11:40:45.233,23.4900,100
42045233499925,11:40:45.233,23.4900,100
42045233499925,11:40:45.233,23.4900,100
42047380021985,11:40:47.380,23.4850,100
42047380021985,11:40:47.380,23.4850,100
42047380021985,11:40:47.380,23.4700,100
42047380021985,11:40:47.380,23.4700,100
42048387816070,11:40:48.387,23.4600,669
42066648757175,11:41:06.648,23.4750,100
42068400894440,11:41:08.400,23.4750,100
42084205434041,11:41:24.205,23.4700,50
42084205434041,11:41:24.205,23.4600,50
42111282252414,11:41:51.282,23.4900,100
42129018270229,11:42:09.018,23.4750,100
42164768267104,11:42:44.768,23.4900,100
42168502546256,11:42:48.502,23.4900,100
42168502546256,11:42:48.502,23.4900,23
42168502546256,11:42:48.502,23.4900,77
42168502579060,11:42:48.502,23.4900,123
42186314942977,11:43:06.314,23.5100,100
42193752379108,11:43:13.752,23.5150,100
42193752379108,11:43:13.752,23.5150,100
42217490755404,11:43:37.490,23.5300,93
42250717612785,11:44:10.717,23.5150,100
42281254506351,11:44:41.254,23.5300,7
42288351651668,11:44:48.351,23.5300,17
42296284010706,11:44:56.284,23.5400,27
42308459390572,11:45:08.459,23.5450,100
42330528472719,11:45:30.528,23.5500,100
42330528472719,11:45:30.528,23.5500,100
42330528929573,11:45:30.528,23.5500,100
42340061816501,11:45:40.061,23.5650,100
42340061816501,11:45:40.061,23.5650,100
42366924440262,11:46:06.924,23.5650,100
42439231444317,11:47:19.231,23.5700,100
42440603495035,11:47:20.603,23.5650,100
42440603495035,11:47:20.603,23.5650,100
42440603495035,11:47:20.603,23.5600,100
42460867774119,11:47:40.867,23.5600,44
42460867774119,11:47:40.867,23.5600,100
42460867774119,11:47:40.867,23.5600,100
42460867774119,11:47:40.867,23.5600,100
42460867774119,11:47:40.867,23.5600,100
42460868230788,11:47:40.868,23.5500,100
42487149544042,11:48:07.149,23.5400,100
42495225847314,11:48:15.225,23.5400,100
42551791616236,11:49:11.791,23.4900,100
42609731700219,11:50:09.731,23.4850,100
42609731700219,11:50:09.731,23.4800,1
42609731720488,11:50:09.731,23.4800,22
42609731722006,11:50:09.731,23.4800,78
42637255077977,11:50:37.255,23.4700,100
42637255213763,11:50:37.255,23.4700,100
42637255241774,11:50:37.255,23.4700,100
42637255325776,11:50:37.255,23.4700,50
42637255334540,11:50:37.255,23.4700,50
42637255334540,11:50:37.255,23.4700,50
42637255492903,11:50:37.255,23.4700,100
42637255872726,11:50:37.255,23.4700,100
42637255872726,11:50:37.255,23.4700,156
42637287012576,11:50:37.287,23.4700,100
42642404957102,11:50:42.404,23.4700,100
42642407981110,11:50:42.407,23.4700,100
42693919818532,11:51:33.919,23.4700,100
42698219787190,11:51:38.219,23.4700,95
42756435898742,11:52:36.435,23.4700,5
42756435898742,11:52:36.435,23.4700,59
42787956183208,11:53:07.956,23.4600,100
42792589453010,11:53:12.589,23.4700,41
42792589453010,11:53:12.589,23.4700,28
42792589453010,11:53:12.589,23.4700,100
42792589453010,11:53:12.589,23.4700,31
42796228355775,11:53:16.228,23.4700,169
42796228355775,11:53:16.228,23.4700,100
42796228546746,11:53:16.228,23.4700,100
42796229008562,11:53:16.229,23.4700,100
42796229051853,11:53:16.229,23.4700,100
42796230258820,11:53:16.230,23.4700,100
42796232087738,11:53:16.232,23.4700,100
42796814136358,11:53:16.814,23.4700,50
42800174152700,11:53:20.174,23.4700,100
42800179205424,11:53:20.179,23.4700,33
42800274899045,11:53:20.274,23.4700,1
42801357189356,11:53:21.357,23.4700,100
42801357189356,11:53:21.357,23.4700,100
42848649678182,11:54:08.649,23.4600,100
42848649678182,11:54:08.649,23.4600,100
42848649678182,11:54:08.649,23.4600,50
42861639462440,11:54:21.639,23.4600,100
42981230227135,11:56:21.230,23.4700,100
42982117328923,11:56:22.117,23.4700,24
42982117328923,11:56:22.117,23.4700,76
42995171210249,11:56:35.171,23.4700,24
42995171210249,11:56:35.171,23.4700,76
42995220579646,11:56:35.220,23.4700,24
42995220579646,11:56:35.220,23.4700,60
43042323476415,11:57:22.323,23.4750,100
43042323476415,11:57:22.323,23.4750,100
43045780473511,11:57:25.780,23.4750,100
43064305434119,11:57:44.305,23.4750,100
43084756834601,11:58:04.756,23.4750,100
43084756834601,11:58:04.756,23.4700,100
43084756834601,11:58:04.756,23.4700,100
43084756834601,11:58:04.756,23.4700,26
43084756834601,11:58:04.756,23.4700,100
43084756834601,11:58:04.756,23.4700,74
43084756879167,11:58:04.756,23.4700,26
43084756879167,11:58:04.756,23.4700,39
43084756935236,11:58:04.756,23.4700,61
43087016283759,11:58:07.016,23.4550,100
43087016283759,11:58:07.016,23.4500,50
43087016283759,11:58:07.016,23.4500,100
43087016283759,11:58:07.016,23.4500,50
43110514363037,11:58:30.514,23.4600,200
43110514407391,11:58:30.514,23.4600,100
43110514407391,11:58:30.514,23.4600,25
43110514407391,11:58:30.514,23.4600,100
43119508099252,11:58:39.508,23.4700,100
43119508099252,11:58:39.508,23.4700,100
43128292118125,11:58:48.292,23.4700,100
43147317249928,11:59:07.317,23.4600,100
43147317249928,11:59:07.317,23.4600,100
43168035827024,11:59:28.035,23.4700,100
43201362880723,12:00:01.362,23.4700,100
43201362880723,12:00:01.362,23.4700,100
43201364053396,12:00:01.364,23.4700,100
43201364053396,12:00:01.364,23.4700,100
43201364053396,12:00:01.364,23.4700,100
43201380933975,12:00:01.380,23.4700,100
43205440387391,12:00:05.440,23.4700,100
43213212578798,12:00:13.212,23.4700,100
43214223066831,12:00:14.223,23.4700,100
43216566741395,12:00:16.566,23.4700,100
43216567886128,12:00:16.567,23.4700,100
43221329062615,12:00:21.329,23.4700,100
43235842791019,12:00:35.842,23.4700,100
43235842791019,12:00:35.842,23.4700,100
43235842791019,12:00:35.842,23.4700,100
43235842791019,12:00:35.842,23.4700,1200
43235842791019,12:00:35.842,23.4700,5
43235844700077,12:00:35.844,23.4800,100
43235844700077,12:00:35.844,23.4800,100
43235844700077,12:00:35.844,23.4800,100
43235844700077,12:00:35.844,23.4800,500
43235846445099,12:00:35.846,23.4900,395
43235847231669,12:00:35.847,23.4900,100
43241173312778,12:00:41.173,23.4950,100
43241173312778,12:00:41.173,23.4950,100
43241173312778,12:00:41.173,23.4900,3
43241173312778,12:00:41.173,23.4900,97
43241173345135,12:00:41.173,23.4900,3
43247506067689,12:00:47.506,23.4900,3
43247506067689,12:00:47.506,23.4900,100
43282302439364,12:01:22.302,23.4900,100
43282302439364,12:01:22.302,23.4900,100
43282302439364,12:01:22.302,23.4900,50
43282302439364,12:01:22.302,23.4800,50
43294429291597,12:01:34.429,23.4800,22
43301308503520,12:01:41.308,23.4800,78
43301308503520,12:01:41.308,23.4800,22
43344583370016,12:02:24.583,23.4950,100
43373205858966,12:02:53.205,23.5000,100
43373205897890,12:02:53.205,23.5000,103
43373205909716,12:02:53.205,23.5000,111
43373205921030,12:02:53.205,23.5000,86
43373205921030,12:02:53.205,23.5000,26
43373907093312,12:02:53.907,23.5100,100
43389995210630,12:03:09.995,23.5200,100
43427260083574,12:03:47.260,23.5300,19
43427260083574,12:03:47.260,23.5300,200
43467401312715,12:04:27.401,23.5400,100
43546171710589,12:05:46.171,23.5400,30
43552200931083,12:05:52.200,23.5500,100
43582327650479,12:06:22.327,23.5450,100
43582329866307,12:06:22.329,23.5400,100
43582329866307,12:06:22.329,23.5350,100
43582329866307,12:06:22.329,23.5300,100
43582329904214,12:06:22.329,23.5300,200
43582329904214,12:06:22.329,23.5300,100
43584764208957,12:06:24.764,23.5200,1
43584764251828,12:06:24.764,23.5200,87
43584764689784,12:06:24.764,23.5200,112
43584764689784,12:06:24.764,23.5200,100
43585403863072,12:06:25.403,23.5300,32
43585403863072,12:06:25.403,23.5300,68
43603142718517,12:06:43.142,23.5400,100
43625178509615,12:07:05.178,23.5400,100
43628194598104,12:07:08.194,23.5300,100
43628194598104,12:07:08.194,23.5300,100
43694303335054,12:08:14.303,23.5300,100
43706124640751,12:08:26.124,23.5500,100
43744524302354,12:09:04.524,23.5500,30
43744524302354,12:09:04.524,23.5500,70
43744524335002,12:09:04.524,23.5500,30
43744524335002,12:09:04.524,23.5500,100
43744524884637,12:09:04.524,23.5500,100
43748082343479,12:09:08.082,23.5650,100
43759311492657,12:09:19.311,23.5600,100
43777750436872,12:09:37.750,23.5600,100
43833146270844,12:10:33.146,23.5550,100
43833146270844,12:10:33.146,23.5550,100
43833150233817,12:10:33.150,23.5600,68
43833156816685,12:10:33.156,23.5500,100
43833156816685,12:10:33.156,23.5500,100
43833156816685,12:10:33.156,23.5500,100
43833156816685,12:10:33.156,23.5500,100
43839251883742,12:10:39.251,23.5500,100
43839257802997,12:10:39.257,23.5500,100
43860862419338,12:11:00.862,23.5500,20
43860862419338,12:11:00.862,23.5500,100
43860862426547,12:11:00.862,23.5500,106
43860862529615,12:11:00.862,23.5500,94
43860862582251,12:11:00.862,23.5500,7
43860862839270,12:11:00.862,23.5500,93
43860862841042,12:11:00.862,23.5500,7
43860862841042,12:11:00.862,23.5500,93
43880667789592,12:11:20.667,23.5500,100
43905153717761,12:11:45.153,23.5500,100
43905153717761,12:11:45.153,23.5500,432
43928811382019,12:12:08.811,23.5500,30
44022275780940,12:13:42.275,23.5600,100
44042113656259,12:14:02.113,23.5600,100
44042113656259,12:14:02.113,23.5600,100
44106446664018,12:15:06.446,23.5500,100
44121382301489,12:15:21.382,23.5500,100
44155327152592,12:15:55.327,23.5500,397
44155327185885,12:15:55.327,23.5500,129
44155327185885,12:15:55.327,23.5500,100
44155327185885,12:15:55.327,23.5500,100
44155327185885,12:15:55.327,23.5500,29
44156000905268,12:15:56.000,23.5400,100
44156000905268,12:15:56.000,23.5400,100
44222486594015,12:17:02.486,23.5400,26
44222486736974,12:17:02.486,23.5400,76
44222486755938,12:17:02.486,23.5400,100
44223318505603,12:17:03.318,23.5500,100
44297980484813,12:18:17.980,23.5600,160
44297981542634,12:18:17.981,23.5600,186
44301146984808,12:18:21.146,23.5600,8
44327652721225,12:18:47.652,23.5550,100
44327652734417,12:18:47.652,23.5500,16
44327663404452,12:18:47.663,23.5500,53
44327663452067,12:18:47.663,23.5550,100
44359010430481,12:19:19.010,23.5500,6
44375439728037,12:19:35.439,23.5600,100
44375439728037,12:19:35.439,23.5600,100
44375439771137,12:19:35.439,23.5600,100
44376093074634,12:19:36.093,23.5600,100
44376094761530,12:19:36.094,23.5600,200
44381496680791,12:19:41.496,23.5600,100
44407852252758,12:20:07.852,23.5550,100
44416252554332,12:20:16.252,23.5600,25
44416252554332,12:20:16.252,23.5600,75
44430190198324,12:20:30.190,23.5600,25
44430190198324,12:20:30.190,23.5600,75
44474465312279,12:21:14.465,23.5550,100
44503879777688,12:21:43.879,23.5550,100
44503879787619,12:21:43.879,23.5500,100
44503879822158,12:21:43.879,23.5500,100
44530019580909,12:22:10.019,23.5600,23
44569112851400,12:22:49.112,23.5700,100
44569112851400,12:22:49.112,23.5700,100
44588851256077,12:23:08.851,23.5600,100
44588851673394,12:23:08.851,23.5600,100
44600972650741,12:23:20.972,23.5500,32
44600972654462,12:23:20.972,23.5500,68
44600972654462,12:23:20.972,23.5500,100
44624073671080,12:23:44.073,23.5500,100
44624073671080,12:23:44.073,23.5500,100
44646458832860,12:24:06.458,23.5500,100
44674160435104,12:24:34.160,23.5600,100
44689079622622,12:24:49.079,23.5500,100
44689079738180,12:24:49.079,23.5500,100
44689080025723,12:24:49.080,23.5500,100
44689080387380,12:24:49.080,23.5500,100
44712040089868,12:25:12.040,23.5400,100
44712040107299,12:25:12.040,23.5400,100
44712040446836,12:25:12.040,23.5400,100
44726464472236,12:25:26.464,23.5400,100
44726464472236,12:25:26.464,23.5400,100
44766645359026,12:26:06.645,23.5400,100
44766645359026,12:26:06.645,23.5300,100
44881460354260,12:28:01.460,23.5350,100
44881460354260,12:28:01.460,23.5300,100
44881460354260,12:28:01.460,23.5300,100
44881460354260,12:28:01.460,23.5300,100
44881460354260,12:28:01.460,23.5300,39
44881460491330,12:28:01.460,23.5300,61
44881460491330,12:28:01.460,23.5300,39
44889397767842,12:28:09.397,23.5200,5
44931370084993,12:28:51.370,23.5300,100
44931370084993,12:28:51.370,23.5300,21
44939297627828,12:28:59.297,23.5400,100
44939297666849,12:28:59.297,23.5400,100
45013449754602,12:30:13.449,23.5500,27
45013449754602,12:30:13.449,23.5500,73
45013449760982,12:30:13.449,23.5500,100
45013449803356,12:30:13.449,23.5500,27
45013449803356,12:30:13.449,23.5500,25
45018830228328,12:30:18.830,23.5600,15
45023242194654,12:30:23.242,23.5600,46
45023242273406,12:30:23.242,23.5600,39
45059951529995,12:30:59.951,23.5700,100
45069472383987,12:31:09.472,23.5650,100
45069472383987,12:31:09.472,23.5600,100
45129967602836,12:32:09.967,23.5650,100
45129967602836,12:32:09.967,23.5650,100
45129967602836,12:32:09.967,23.5600,100
45129967602836,12:32:09.967,23.5600,100
45129967636719,12:32:09.967,23.5600,100
45129967636719,12:32:09.967,23.5600,100
45129967636719,12:32:09.967,23.5600,59
45129967636719,12:32:09.967,23.5600,100
45158272133732,12:32:38.272,23.5600,100
45186096047389,12:33:06.096,23.5600,100
45187918726874,12:33:07.918,23.5500,82
45215729489729,12:33:35.729,23.5500,18
45218230743071,12:33:38.230,23.5500,100
45239275673461,12:33:59.275,23.5600,100
45306357744274,12:35:06.357,23.5500,100
45306357744274,12:35:06.357,23.5500,100
45306357744274,12:35:06.357,23.5400,100
45306357744274,12:35:06.357,23.5400,1
45306357744274,12:35:06.357,23.5400,99
45322228399203,12:35:22.228,23.5500,100
45366254546058,12:36:06.254,23.5500,100
45366254546058,12:36:06.254,23.5400,1
45366254546058,12:36:06.254,23.5400,99
45426942390147,12:37:06.942,23.5450,100
45445964982922,12:37:25.964,23.5500,22
45445964982922,12:37:25.964,23.5500,78
45445965185470,12:37:25.965,23.5500,107
45445965215072,12:37:25.965,23.5500,42
45445965245432,12:37:25.965,23.5500,73
45445965245432,12:37:25.965,23.5500,28
45487175417316,12:38:07.175,23.5550,100
45557971606064,12:39:17.971,23.5550,100
45569303016966,12:39:29.303,23.5600,100
45569303023721,12:39:29.303,23.5600,100
45569303099461,12:39:29.303,23.5600,200
45569303099461,12:39:29.303,23.5600,29
45569303107073,12:39:29.303,23.5600,200
45608131456065,12:40:08.131,23.5650,100
45608131456065,12:40:08.131,23.5650,100
45668161404105,12:41:08.161,23.5650,100
45710910364377,12:41:50.910,23.5650,100
45710910369421,12:41:50.910,23.5600,100
45724947676652,12:42:04.947,23.5650,100
45724947676652,12:42:04.947,23.5600,100
45724947676652,12:42:04.947,23.5600,100
45724947676652,12:42:04.947,23.5600,100
45724947676652,12:42:04.947,23.5600,100
45724947676652,12:42:04.947,23.5600,100
45724947676652,12:42:04.947,23.5600,100
45724947676652,12:42:04.947,23.5600,61
45724947731797,12:42:04.947,23.5600,100
45726379336149,12:42:06.379,23.5500,100
45726379336149,12:42:06.379,23.5500,100
45726379704537,12:42:06.379,23.5500,179
45726379704537,12:42:06.379,23.5500,100
45785696471615,12:43:05.696,23.5600,31
45785696471615,12:43:05.696,23.5600,69
45826247181684,12:43:46.247,23.5600,31
45849041564619,12:44:09.041,23.5550,100
45908104407810,12:45:08.104,23.5550,100
45944783723536,12:45:44.783,23.5600,179
45944783723536,12:45:44.783,23.5600,21
45964174290775,12:46:04.174,23.5600,200
45966281544617,12:46:06.281,23.5550,100
45966281544617,12:46:06.281,23.5550,100
46025822974096,12:47:05.822,23.5600,100
46025822980927,12:47:05.822,23.5600,30
46025823084085,12:47:05.823,23.5600,30
46025823282877,12:47:05.823,23.5600,70
46053686610563,12:47:33.686,23.5650,100
46070029443601,12:47:50.029,23.5650,100
46070029443601,12:47:50.029,23.5600,100
46070029443601,12:47:50.029,23.5600,6
46070029507606,12:47:50.029,23.5600,77
46070029541986,12:47:50.029,23.5600,17
46070029541986,12:47:50.029,23.5600,100
46087521671059,12:48:07.521,23.5600,100
46087521671059,12:48:07.521,23.5500,191
46087521671059,12:48:07.521,23.5500,100
46087521777142,12:48:07.521,23.5500,100
46188276829181,12:49:48.276,23.5700,100
46339221622394,12:52:19.221,23.5600,100
46356453826593,12:52:36.453,23.5700,100
46356453826593,12:52:36.453,23.5700,200
46356453826593,12:52:36.453,23.5700,30
46356453826593,12:52:36.453,23.5700,70
46356453869131,12:52:36.453,23.5700,30
46393404307151,12:53:13.404,23.5800,100
46393404307151,12:53:13.404,23.5800,100
46528942794073,12:55:28.942,23.5800,90
46532062083610,12:55:32.062,23.5850,100
46532062145790,12:55:32.062,23.5800,100
46534969217668,12:55:34.969,23.5750,100
46534969217668,12:55:34.969,23.5700,200
46534969217668,12:55:34.969,23.5700,2
46534969259366,12:55:34.969,23.5700,97
46565242597606,12:56:05.242,23.5800,36
46614724747275,12:56:54.724,23.5900,100
46614724855882,12:56:54.724,23.5900,30
46614724855882,12:56:54.724,23.5900,76
46614724962672,12:56:54.724,23.5900,4
46614727699777,12:56:54.727,23.5900,20
46614727699777,12:56:54.727,23.5900,80
46624979549907,12:57:04.979,23.5900,100
46663330925267,12:57:43.330,23.5900,20
46663330925267,12:57:43.330,23.5900,100
46663330925267,12:57:43.330,23.5900,80
46675629426735,12:57:55.629,23.5900,100
46685633429361,12:58:05.633,23.5900,100
46685676588222,12:58:05.676,23.5900,35
46690839369818,12:58:10.839,23.5900,65
46690839369818,12:58:10.839,23.5900,3
46690849768555,12:58:10.849,23.5900,100
46704119842378,12:58:24.119,23.5900,28
46704121298825,12:58:24.121,23.5900,100
46704121298825,12:58:24.121,23.5900,100
46725795980907,12:58:45.795,23.5900,100
46725796020602,12:58:45.796,23.5900,100
46728279261440,12:58:48.279,23.5900,100
46728279684516,12:58:48.279,23.5900,100
46777307160211,12:59:37.307,23.6000,300
46777307195118,12:59:37.307,23.6000,100
46777307195118,12:59:37.307,23.6000,100
46777307195118,12:59:37.307,23.6000,100
46777895409647,12:59:37.895,23.6000,100
46802837100031,13:00:02.837,23.6000,1
46806562354810,13:00:06.562,23.6050,100
46830119073021,13:00:30.119,23.6000,99
46830119073021,13:00:30.119,23.6000,1
46830119106790,13:00:30.119,23.6000,99
46830119106790,13:00:30.119,23.6000,200
46830119106790,13:00:30.119,23.6000,100
46830119106790,13:00:30.119,23.6000,6
46830119106790,13:00:30.119,23.6000,100
46831120327123,13:00:31.120,23.6000,100
46833149085513,13:00:33.149,23.5900,100
46872771458028,13:01:12.771,23.5800,100
46872771458028,13:01:12.771,23.5800,100
46872771458028,13:01:12.771,23.5700,100
46904282675386,13:01:44.282,23.5900,37
46904282675386,13:01:44.282,23.5900,63
46904283194742,13:01:44.283,23.5900,8
46921122936837,13:02:01.122,23.5900,71
46927609505777,13:02:07.609,23.5950,100
46927609505777,13:02:07.609,23.5900,29
46927609505777,13:02:07.609,23.5900,71
46942842822750,13:02:22.842,23.5900,129
46942842822750,13:02:22.842,23.5900,71
46948770223786,13:02:28.770,23.5900,100
46993260068790,13:03:13.260,23.5900,100
47005808401049,13:03:25.808,23.5900,100
47038016060408,13:03:58.016,23.5800,74
47141247259885,13:05:41.247,23.5800,100
47141247259885,13:05:41.247,23.5800,79
47141247353622,13:05:41.247,23.5850,100
47141247353622,13:05:41.247,23.5800,21
47141247353622,13:05:41.247,23.5800,5
47141250446776,13:05:41.250,23.5850,100
47141250446776,13:05:41.250,23.5800,95
47141250446776,13:05:41.250,23.5800,5
47141250470579,13:05:41.250,23.5800,95
47141250470579,13:05:41.250,23.5800,5
47145210355846,13:05:45.210,23.5700,79
47167734041070,13:06:07.734,23.5750,100
47178936464335,13:06:18.936,23.5700,100
47268681702879,13:07:48.681,23.5800,649
47297582957188,13:08:17.582,23.5750,100
47346406450037,13:09:06.406,23.5750,100
47362020119837,13:09:22.020,23.5800,100
47362020126791,13:09:22.020,23.5800,100
47362021166136,13:09:22.021,23.5800,253
47362021205008,13:09:22.021,23.5800,98
47362021205008,13:09:22.021,23.5800,94
47362021257084,13:09:22.021,23.5800,6
47362021257084,13:09:22.021,23.5800,300
47362021257084,13:09:22.021,23.5800,31
47362022098788,13:09:22.022,23.5800,100
47362022098788,13:09:22.022,23.5800,100
47369241511247,13:09:29.241,23.5900,100
47369243850503,13:09:29.243,23.5900,50
47369493773978,13:09:29.493,23.5900,100
47371257388315,13:09:31.257,23.5900,50
47376136003160,13:09:36.136,23.6000,200
47376136003160,13:09:36.136,23.6000,200
47376136003160,13:09:36.136,23.6000,44
47376136043406,13:09:36.136,23.6000,56
47376136043406,13:09:36.136,23.6000,39
47376136134318,13:09:36.136,23.6000,5
47376148400663,13:09:36.148,23.6000,200
47376148400663,13:09:36.148,23.6000,100
47376148400663,13:09:36.148,23.6000,82
47376148400663,13:09:36.148,23.6000,100
47376148400663,13:09:36.148,23.6000,100
47376148400663,13:09:36.148,23.6000,100
47376161527944,13:09:36.161,23.5900,86
47408832454461,13:10:08.832,23.6050,100
47408832454461,13:10:08.832,23.6050,100
47408832454461,13:10:08.832,23.6000,100
47408832454461,13:10:08.832,23.6000,100
47476084829749,13:11:16.084,23.6100,100
47476084916959,13:11:16.084,23.6100,100
47476085232646,13:11:16.085,23.6000,100
47489274077836,13:11:29.274,23.6100,100
47489274077836,13:11:29.274,23.6100,100
47489274112975,13:11:29.274,23.6100,5
47521399315608,13:12:01.399,23.6100,19
47523021580314,13:12:03.021,23.6100,76
47527916642334,13:12:07.916,23.6050,100
47527916642334,13:12:07.916,23.6050,100
47591157601317,13:13:11.157,23.6000,100
47591157609524,13:13:11.157,23.6000,100
47591157640058,13:13:11.157,23.6000,500
47591157640058,13:13:11.157,23.6000,100
47591157640058,13:13:11.157,23.6000,200
47591159496331,13:13:11.159,23.5900,100
47591159496331,13:13:11.159,23.5900,100
47591159496331,13:13:11.159,23.5900,100
47596024705611,13:13:16.024,23.5800,100
47645895158664,13:14:05.895,23.5800,31
47648803739936,13:14:08.803,23.5750,100
47648803762160,13:14:08.803,23.5750,100
47718152521218,13:15:18.152,23.5750,100
47745307990309,13:15:45.307,23.5800,100
47745307990309,13:15:45.307,23.5800,100
47745308021564,13:15:45.308,23.5800,200
47766271399014,13:16:06.271,23.5850,100
47841875375912,13:17:21.875,23.5850,100
47936079461171,13:18:56.079,23.5900,35
47936079461171,13:18:56.079,23.5900,30
47946949529753,13:19:06.949,23.5850,100
48018141874924,13:20:18.141,23.5900,100
48045791983266,13:20:45.791,23.5850,100
48045791983266,13:20:45.791,23.5850,100
48045791983266,13:20:45.791,23.5800,100
48045791983266,13:20:45.791,23.5800,36
48045792006097,13:20:45.792,23.5800,95
48045792012445,13:20:45.792,23.5800,69
48045792012445,13:20:45.792,23.5800,27
48045792022935,13:20:45.792,23.5800,73
48045792022935,13:20:45.792,23.5800,100
48045792022935,13:20:45.792,23.5800,100
48045846832738,13:20:45.846,23.5600,100
48046162189460,13:20:46.162,23.5500,700
48046162225360,13:20:46.162,23.5500,360
48047086827923,13:20:47.086,23.5400,100
48047137776925,13:20:47.137,23.5400,17
48078822821709,13:21:18.822,23.5300,100
48078823053396,13:21:18.823,23.5300,100
48079597640898,13:21:19.597,23.5400,100
48079597640898,13:21:19.597,23.5400,38
48079597640898,13:21:19.597,23.5400,62
48081004230137,13:21:21.004,23.5400,338
48081004230137,13:21:21.004,23.5400,62
48081004261914,13:21:21.004,23.5400,38
48186822424034,13:23:06.822,23.5450,100
48186822424034,13:23:06.822,23.5450,100
48238164561009,13:23:58.164,23.5500,78
48238164568181,13:23:58.164,23.5500,122
48238164568181,13:23:58.164,23.5500,200
48238164568181,13:23:58.164,23.5500,21
48238164578097,13:23:58.164,23.5500,14
48238164578097,13:23:58.164,23.5500,81
48238164589100,13:23:58.164,23.5500,19
48238191613835,13:23:58.191,23.5600,200
48249793469901,13:24:09.793,23.5700,100
48257040355165,13:24:17.040,23.5700,100
48277260834770,13:24:37.260,23.5800,100
48277260838351,13:24:37.260,23.5800,43
48277260838351,13:24:37.260,23.5800,57
48277260928248,13:24:37.260,23.5800,43
48292780092969,13:24:52.780,23.5900,100
48292780092969,13:24:52.780,23.5900,100
48292780092969,13:24:52.780,23.5800,200
48292780719862,13:24:52.780,23.5700,100
48367009549540,13:26:07.009,23.5550,100
48430219672696,13:27:10.219,23.5550,100
48489720453158,13:28:09.720,23.5500,100
48499263581521,13:28:19.263,23.5600,100
48552217143278,13:29:12.217,23.5650,100
48552217552649,13:29:12.217,23.5650,100
48552217568319,13:29:12.217,23.5600,100
48552220078581,13:29:12.220,23.5600,100
48594856929926,13:29:54.856,23.5650,100
48594856929926,13:29:54.856,23.5650,100
48594856929926,13:29:54.856,23.5600,100
48594856975384,13:29:54.856,23.5600,100
48594857435014,13:29:54.857,23.5600,100
48602254419682,13:30:02.254,23.5700,100
48606872784222,13:30:06.872,23.5600,100
48606872784222,13:30:06.872,23.5600,100
48606872784222,13:30:06.872,23.5500,100
48606872784222,13:30:06.872,23.5500,1
48636271052195,13:30:36.271,23.5700,100
48678218695433,13:31:18.218,23.5700,100
48678218695433,13:31:18.218,23.5700,36
48678218695433,13:31:18.218,23.5700,300
48678218695433,13:31:18.218,23.5700,100
48728743654817,13:32:08.743,23.5800,100
48854222024983,13:34:14.222,23.5900,100
48978168264756,13:36:18.168,23.5900,19
48978168264756,13:36:18.168,23.5900,81
49041868667794,13:37:21.868,23.5850,100
49041868667794,13:37:21.868,23.5850,100
49041868667794,13:37:21.868,23.5800,24
49041868740494,13:37:21.868,23.5800,100
49041868740494,13:37:21.868,23.5800,100
49087041547886,13:38:07.041,23.5800,100
49087041621839,13:38:07.041,23.5700,36
49101708717844,13:38:21.708,23.5750,100
49221719467337,13:40:21.719,23.5700,64
49221719467337,13:40:21.719,23.5700,36
49236227920902,13:40:36.227,23.5900,300
49236227920902,13:40:36.227,23.5900,43
49236227963187,13:40:36.227,23.5900,43
49236228279031,13:40:36.228,23.5900,57
49236228279031,13:40:36.228,23.5900,100
49236228406243,13:40:36.228,23.5900,200
49280094761066,13:41:20.094,23.5950,100
49285188515169,13:41:25.188,23.5950,100
49330536439423,13:42:10.536,23.5900,100
49350128854053,13:42:30.128,23.5900,43
49350128883871,13:42:30.128,23.5950,100
49350128883871,13:42:30.128,23.5900,57
49350128883871,13:42:30.128,23.5900,100
49350128883871,13:42:30.128,23.5900,100
49350128883871,13:42:30.128,23.5900,100
49350128883871,13:42:30.128,23.5900,100
49350128883871,13:42:30.128,23.5900,100
49350128941409,13:42:30.128,23.5900,100
49350130680823,13:42:30.130,23.5800,100
49388722615803,13:43:08.722,23.5600,100
49388722615803,13:43:08.722,23.5600,100
49417017301306,13:43:37.017,23.5700,500
49417017301306,13:43:37.017,23.5700,100
49417017301306,13:43:37.017,23.5700,200
49417017301306,13:43:37.017,23.5700,44
49421464747762,13:43:41.464,23.5800,100
49468603841650,13:44:28.603,23.6000,300
49468603841650,13:44:28.603,23.6000,47
49468603841650,13:44:28.603,23.6000,100
49472790195597,13:44:32.790,23.6100,100
49472790195597,13:44:32.790,23.6100,100
49503255931572,13:45:03.255,23.6150,100
49503255944982,13:45:03.255,23.6150,100
49503255945697,13:45:03.255,23.6100,77
49503255975912,13:45:03.255,23.6100,23
49503255999864,13:45:03.255,23.6150,100
49503256046278,13:45:03.256,23.6100,23
49520267518777,13:45:20.267,23.6100,200
49529913981144,13:45:29.913,23.6100,78
49529914248541,13:45:29.914,23.6100,5
49529915194947,13:45:29.915,23.6100,17
49529915194947,13:45:29.915,23.6100,83
49529915239880,13:45:29.915,23.6100,17
49532297397974,13:45:32.297,23.6100,100
49570436233528,13:46:10.436,23.6100,200
49570436233528,13:46:10.436,23.6100,300
49586258646276,13:46:26.258,23.6200,200
49586259183139,13:46:26.259,23.6200,52
49669513208773,13:47:49.513,23.6400,1167
49669513208773,13:47:49.513,23.6400,100
49669513208773,13:47:49.513,23.6400,200
49669513668584,13:47:49.513,23.6500,100
49669513668584,13:47:49.513,23.6500,43
49669513687658,13:47:49.513,23.6500,33
49669515098541,13:47:49.515,23.6500,24
49679272962164,13:47:59.272,23.6600,100
49691297625373,13:48:11.297,23.6600,59
49698378897919,13:48:18.378,23.6600,100
49733468147286,13:48:53.468,23.6700,200
49733468165176,13:48:53.468,23.6700,200
49733468200979,13:48:53.468,23.6700,200
49736871763213,13:48:56.871,23.6700,300
49742293239140,13:49:02.293,23.6650,300
49742303387216,13:49:02.303,23.6650,100
49742303387216,13:49:02.303,23.6650,100
49806877001666,13:50:06.877,23.6700,1100
49806877001666,13:50:06.877,23.6700,300
49806877001666,13:50:06.877,23.6700,65
49806885476101,13:50:06.885,23.6800,100
49806885476101,13:50:06.885,23.6800,100
49806885476101,13:50:06.885,23.6800,169
49806885476101,13:50:06.885,23.6800,100
49814263186831,13:50:14.263,23.6900,100
49823769551011,13:50:23.769,23.6850,200
49845700702702,13:50:45.700,23.6850,200
49845700702702,13:50:45.700,23.6850,200
49845701009919,13:50:45.701,23.6850,200
49845701009919,13:50:45.701,23.6800,100
49845701009919,13:50:45.701,23.6800,100
49845701047120,13:50:45.701,23.6800,178
49845701054264,13:50:45.701,23.6800,22
49845710905795,13:50:45.710,23.6750,100
49845710905795,13:50:45.710,23.6800,223
49866395155639,13:51:06.395,23.6800,100
49881102889675,13:51:21.102,23.6900,200
49881102889675,13:51:21.102,23.6900,65
49881102890577,13:51:21.102,23.6900,264
49881102896995,13:51:21.102,23.6900,71
49881102913561,13:51:21.102,23.6900,5
49891193146392,13:51:31.193,23.7000,1
49891193146392,13:51:31.193,23.7000,5
49891193146392,13:51:31.193,23.7000,94
49919239455736,13:51:59.239,23.7000,6
49919239455736,13:51:59.239,23.7000,1000
49919239455736,13:51:59.239,23.7000,400
49919239455736,13:51:59.239,23.7000,200
49956287360125,13:52:36.287,23.7200,60
49956287360125,13:52:36.287,23.7200,40
49969552631927,13:52:49.552,23.7150,100
49969552631927,13:52:49.552,23.7150,100
49969552631927,13:52:49.552,23.7100,100
49969552631927,13:52:49.552,23.7100,100
49969552631927,13:52:49.552,23.7100,100
49979585759480,13:52:59.585,23.7200,100
49979585856272,13:52:59.585,23.7200,100
49983665411888,13:53:03.665,23.7200,400
49983665411888,13:53:03.665,23.7200,67
49983665411888,13:53:03.665,23.7200,100
50030388341540,13:53:50.388,23.7200,100
50091282788070,13:54:51.282,23.7300,10
50091282788070,13:54:51.282,23.7300,90
50111198442135,13:55:11.198,23.7200,100
50111748413220,13:55:11.748,23.7200,100
50134313821401,13:55:34.313,23.7150,500
50134313821401,13:55:34.313,23.7100,2
50136089896077,13:55:36.089,23.7200,2
50139876008166,13:55:39.876,23.7150,400
50205724554967,13:56:45.724,23.7200,998
50205724554967,13:56:45.724,23.7200,200
50205724554967,13:56:45.724,23.7200,67
50205724554967,13:56:45.724,23.7200,35
50205724588304,13:56:45.724,23.7200,65
50225789230109,13:57:05.789,23.7300,86
50272798775746,13:57:52.798,23.7250,100
50273348696612,13:57:53.348,23.7250,100
50274978689134,13:57:54.978,23.7250,100
50286522260704,13:58:06.522,23.7250,100
50286522260704,13:58:06.522,23.7250,600
50286522505141,13:58:06.522,23.7250,100
50286522505141,13:58:06.522,23.7200,100
50286522505141,13:58:06.522,23.7200,100
50286522505141,13:58:06.522,23.7200,100
50286522505141,13:58:06.522,23.7200,100
50286522505141,13:58:06.522,23.7200,100
50286522505141,13:58:06.522,23.7200,102
50286522609176,13:58:06.522,23.7200,98
50286522609176,13:58:06.522,23.7200,2
50286523326166,13:58:06.523,23.7200,100
50286523326166,13:58:06.523,23.7200,100
50286530789571,13:58:06.530,23.7100,100
50286530789571,13:58:06.530,23.7100,100
50337604831863,13:58:57.604,23.7200,100
50337604831863,13:58:57.604,23.7200,100
50341668455701,13:59:01.668,23.7200,41
50341698472955,13:59:01.698,23.7200,59
50341698472955,13:59:01.698,23.7200,100
50341698472955,13:59:01.698,23.7200,1000
50346712127273,13:59:06.712,23.7150,100
50350657064264,13:59:10.657,23.7150,200
50350657064264,13:59:10.657,23.7150,100
50402696720284,14:00:02.696,23.7100,200
50407397780614,14:00:07.397,23.7200,70
50407397780614,14:00:07.397,23.7200,100
50408996502611,14:00:08.996,23.7300,200
50408996653842,14:00:08.996,23.7300,141
50408996706202,14:00:08.996,23.7300,483
50408996706202,14:00:08.996,23.7300,400
50408996706202,14:00:08.996,23.7300,100
50408996706202,14:00:08.996,23.7300,100
50408996706202,14:00:08.996,23.7300,141
50408997675198,14:00:08.997,23.7300,59
50409007730291,14:00:09.007,23.7300,100
50409008231903,14:00:09.008,23.7300,100
50409008568517,14:00:09.008,23.7300,100
50409008745183,14:00:09.008,23.7400,100
50411220461062,14:00:11.220,23.7500,25
50411220461062,14:00:11.220,23.7500,10
50411220461062,14:00:11.220,23.7500,100
50411220461062,14:00:11.220,23.7500,65
50411220521568,14:00:11.220,23.7500,200
50411220543308,14:00:11.220,23.7500,200
50412066978534,14:00:12.066,23.7500,234
50412066986805,14:00:12.066,23.7500,121
50412067304922,14:00:12.067,23.7500,121
50429026276046,14:00:29.026,23.7400,100
50430807936705,14:00:30.807,23.7500,159
50457630233545,14:00:57.630,23.7600,200
50471971101605,14:01:11.971,23.7700,100
50471971101605,14:01:11.971,23.7800,100
50471971101605,14:01:11.971,23.7800,100
50471977830435,14:01:11.977,23.7800,200
50471978106429,14:01:11.978,23.7800,26
50475875835706,14:01:15.875,23.7800,115
50475876327983,14:01:15.876,23.7800,218
50475876812090,14:01:15.876,23.7800,356
50475877301227,14:01:15.877,23.7800,111
50483272897529,14:01:23.272,23.7900,100
50487122208601,14:01:27.122,23.7900,200
50487122677624,14:01:27.122,23.7900,100
50491207862212,14:01:31.207,23.7900,100
50491208132886,14:01:31.208,23.7800,100
50513227447202,14:01:53.227,23.7900,100
50534787508761,14:02:14.787,23.7800,200
50535839657221,14:02:15.839,23.7800,200
50535839687565,14:02:15.839,23.7700,5
50535839967684,14:02:15.839,23.7700,95
50535839967684,14:02:15.839,23.7700,68
50535840002528,14:02:15.840,23.7700,32
50535840090589,14:02:15.840,23.7600,100
50538194649500,14:02:18.194,23.7700,100
50546532334809,14:02:26.532,23.7900,200
50546532334809,14:02:26.532,23.7900,100
50546532439294,14:02:26.532,23.7900,200
50548267742448,14:02:28.267,23.7900,100
50566400161387,14:02:46.400,23.8000,200
50566400201213,14:02:46.400,23.8000,100
50566400201213,14:02:46.400,23.8000,67
50566400209600,14:02:46.400,23.8000,33
50566400209600,14:02:46.400,23.8000,100
50566400209600,14:02:46.400,23.8000,67
50566400221808,14:02:46.400,23.8000,33
50566400221808,14:02:46.400,23.8000,47
50566400222737,14:02:46.400,23.8000,53
50593260023278,14:03:13.260,23.8200,100
50593260023278,14:03:13.260,23.8200,100
50593260023278,14:03:13.260,23.8200,100
50593260023278,14:03:13.260,23.8200,65
50625142414096,14:03:45.142,23.8400,18
50625142414096,14:03:45.142,23.8400,200
50626389806210,14:03:46.389,23.8400,100
50626389806210,14:03:46.389,23.8400,100
50626389806210,14:03:46.389,23.8400,100
50626389806210,14:03:46.389,23.8400,200
50648299001781,14:04:08.299,23.8400,400
50648299067005,14:04:08.299,23.8400,3
50648300789653,14:04:08.300,23.8400,97
50648300789653,14:04:08.300,23.8400,3
50648302094893,14:04:08.302,23.8400,57
50649166500661,14:04:09.166,23.8600,100
50649216537865,14:04:09.216,23.8600,100
50651364497376,14:04:11.364,23.8600,200
50651364497376,14:04:11.364,23.8700,100
50697969724200,14:04:57.969,23.8900,200
50723880800958,14:05:23.880,23.8900,200
50723880800958,14:05:23.880,23.8900,700
50732366065528,14:05:32.366,23.8900,100
50732366076244,14:05:32.366,23.8900,100
50738750473557,14:05:38.750,23.8850,200
50738750473557,14:05:38.750,23.8850,200
50738750473557,14:05:38.750,23.8800,100
50771798819652,14:06:11.798,23.8700,100
50771798982672,14:06:11.798,23.8600,49
50771799005172,14:06:11.799,23.8600,40
50771799031214,14:06:11.799,23.8600,11
50771799065185,14:06:11.799,23.8700,100
50771799646179,14:06:11.799,23.8600,100
50787727430259,14:06:27.727,23.8500,100
50836401922110,14:07:16.401,23.8500,100
50875912629187,14:07:55.912,23.8500,300
50924431971826,14:08:44.431,23.8500,200
50924431971826,14:08:44.431,23.8500,100
50926239019499,14:08:46.239,23.8500,200
50926239019499,14:08:46.239,23.8400,100
50926239112106,14:08:46.239,23.8400,100
50926239112106,14:08:46.239,23.8400,200
50926239112106,14:08:46.239,23.8400,1
50926239515000,14:08:46.239,23.8400,100
50926239591663,14:08:46.239,23.8400,100
50926253266186,14:08:46.253,23.8500,100
50944464356926,14:09:04.464,23.8600,38
50944464356926,14:09:04.464,23.8600,62
50944464368574,14:09:04.464,23.8600,38
50944464368574,14:09:04.464,23.8600,62
50963647036512,14:09:23.647,23.8550,100
50966288779695,14:09:26.288,23.8550,100
50966288787555,14:09:26.288,23.8550,100
50966290177723,14:09:26.290,23.8550,200
50966294018570,14:09:26.294,23.8500,100
50966294018570,14:09:26.294,23.8500,100
50968244932966,14:09:28.244,23.8500,100
50968320941541,14:09:28.320,23.8500,100
51007084062864,14:10:07.084,23.8600,100
51007084062864,14:10:07.084,23.8600,400
51007084062864,14:10:07.084,23.8600,52
51007084093124,14:10:07.084,23.8600,200
51007092241978,14:10:07.092,23.8700,100
51007123548489,14:10:07.123,23.8700,100
51017247602869,14:10:17.247,23.8700,100
51020765265581,14:10:20.765,23.8700,100
51020765786385,14:10:20.765,23.8700,200
51043202039221,14:10:43.202,23.8800,100
51045513618940,14:10:45.513,23.8800,100
51053567934312,14:10:53.567,23.8750,100
51061011382832,14:11:01.011,23.8800,100
51062919473535,14:11:02.919,23.8900,300
51067842800147,14:11:07.842,23.8850,100
51067898764095,14:11:07.898,23.8850,100
51069684204861,14:11:09.684,23.8850,100
51069745141828,14:11:09.745,23.8850,100
51080443938843,14:11:20.443,23.8900,100
51080443938843,14:11:20.443,23.8900,238
51080444431255,14:11:20.444,23.8950,100
51081923487998,14:11:21.923,23.9000,300
51088229048032,14:11:28.229,23.9000,200
51093872081786,14:11:33.872,23.8950,100
51137627312698,14:12:17.627,23.8950,400
51137627312698,14:12:17.627,23.8950,100
51137627312698,14:12:17.627,23.8900,100
51137627312698,14:12:17.627,23.8900,100
51137627387978,14:12:17.627,23.8900,64
51137627414831,14:12:17.627,23.8900,36
51137627414831,14:12:17.627,23.8900,200
51137627414831,14:12:17.627,23.8900,100
51137627414831,14:12:17.627,23.8900,100
51137627414831,14:12:17.627,23.8900,64
51137627669717,14:12:17.627,23.8900,36
51137627669717,14:12:17.627,23.8900,100
51137628033310,14:12:17.628,23.8900,100
51137628033310,14:12:17.628,23.8900,100
51137628701533,14:12:17.628,23.8900,100
51137628701533,14:12:17.628,23.8900,100
51137629181962,14:12:17.629,23.8900,100
51138726890318,14:12:18.726,23.8900,100
51138726890318,14:12:18.726,23.8900,34
51160196870698,14:12:40.196,23.8900,66
51160196870698,14:12:40.196,23.8900,200
51160198802400,14:12:40.198,23.9000,100
51160198802400,14:12:40.198,23.9000,100
51160198802400,14:12:40.198,23.9000,200
51160198802400,14:12:40.198,23.9000,34
51160198930856,14:12:40.198,23.9000,66
51160198930856,14:12:40.198,23.9000,100
51162136338044,14:12:42.136,23.9100,100
51162136338044,14:12:42.136,23.9100,100
51162137121659,14:12:42.137,23.9000,100
51162816777375,14:12:42.816,23.9100,100
51162816777375,14:12:42.816,23.9100,100
51168665043718,14:12:48.665,23.9500,100
51168837934640,14:12:48.837,23.9500,81
51168837934640,14:12:48.837,23.9500,19
51172999107094,14:12:52.999,23.9400,100
51184266288928,14:13:04.266,23.9400,100
51192243641138,14:13:12.243,23.9500,100
51203474262985,14:13:23.474,23.9500,181
51212865672707,14:13:32.865,23.9550,100
51212865685409,14:13:32.865,23.9500,1
51212865685409,14:13:32.865,23.9500,45
51212865763850,14:13:32.865,23.9550,100
51212865771730,14:13:32.865,23.9500,55
51212865771730,14:13:32.865,23.9500,45
51224180223401,14:13:44.180,23.9400,100
51267297863087,14:14:27.297,23.9450,200
51267297968301,14:14:27.297,23.9450,100
51267297968301,14:14:27.297,23.9450,100
51267297972493,14:14:27.297,23.9400,25
51267298007995,14:14:27.298,23.9450,100
51267298007995,14:14:27.298,23.9400,75
51267298007995,14:14:27.298,23.9400,25
51267298047716,14:14:27.298,23.9400,75
51272209507611,14:14:32.209,23.9400,100
51272209891379,14:14:32.209,23.9400,100
51272209891379,14:14:32.209,23.9400,100
51282915410821,14:14:42.915,23.9500,200
51300165619603,14:15:00.165,23.9550,100
51300165849166,14:15:00.165,23.9550,100
51300290108499,14:15:00.290,23.9550,100
51300290108499,14:15:00.290,23.9500,100
51300290108499,14:15:00.290,23.9500,2
51300290161929,14:15:00.290,23.9500,98
51300290161929,14:15:00.290,23.9500,2
51300292270413,14:15:00.292,23.9400,100
51305838175597,14:15:05.838,23.9400,55
51318026860316,14:15:18.026,23.9350,100
51318026860316,14:15:18.026,23.9350,191
51371268168151,14:16:11.268,23.9300,100
51371273917328,14:16:11.273,23.9300,100
51371273917328,14:16:11.273,23.9300,100
51371273917328,14:16:11.273,23.9200,100
51371274099192,14:16:11.274,23.9200,100
51372470540113,14:16:12.470,23.9100,100
51372470646617,14:16:12.470,23.9100,47
51373125522001,14:16:13.125,23.9100,53
51382420698816,14:16:22.420,23.9100,87
51382420736534,14:16:22.420,23.9100,13
51385483882120,14:16:25.483,23.9200,100
51385483891834,14:16:25.483,23.9200,100
51385484252313,14:16:25.484,23.9200,100
51385484252313,14:16:25.484,23.9200,100
51385484252313,14:16:25.484,23.9200,10
51385484268389,14:16:25.484,23.9200,37
51385484268389,14:16:25.484,23.9200,43
51385484369297,14:16:25.484,23.9200,9
51385484369297,14:16:25.484,23.9200,72
51393359677121,14:16:33.359,23.9300,100
51393359677121,14:16:33.359,23.9300,100
51393359677121,14:16:33.359,23.9200,10
51400218210679,14:16:40.218,23.9400,100
51400220808475,14:16:40.220,23.9400,100
51400306305537,14:16:40.306,23.9400,100
51406738094478,14:16:46.738,23.9400,100
51406788652251,14:16:46.788,23.9400,100
51433883479979,14:17:13.883,23.9500,100
51433885562801,14:17:13.885,23.9500,100
51433907863077,14:17:13.907,23.9300,100
51433910040456,14:17:13.910,23.9200,100
51435198789773,14:17:15.198,23.9200,93
51435198789773,14:17:15.198,23.9200,100
51435468694076,14:17:15.468,23.9150,100
51435468694076,14:17:15.468,23.9100,46
51474196905969,14:17:54.196,23.9200,100
51474355129325,14:17:54.355,23.9200,100
51474355493409,14:17:54.355,23.9200,100
51481738497518,14:18:01.738,23.9300,100
51503584373314,14:18:23.584,23.9250,100
51523160219788,14:18:43.160,23.9300,100
51523160219788,14:18:43.160,23.9300,49
51523160219788,14:18:43.160,23.9300,51
51527627704300,14:18:47.627,23.9250,100
51548856783802,14:19:08.856,23.9300,200
51548856878122,14:19:08.856,23.9300,49
51548856878122,14:19:08.856,23.9300,200
51549205806588,14:19:09.205,23.9400,100
51556219771989,14:19:16.219,23.9350,400
51556219771989,14:19:16.219,23.9350,400
51556219771989,14:19:16.219,23.9300,100
51556219771989,14:19:16.219,23.9300,100
51556219771989,14:19:16.219,23.9300,100
51556219771989,14:19:16.219,23.9300,100
51568272714354,14:19:28.272,23.9400,100
51579256193414,14:19:39.256,23.9400,49
51579257359626,14:19:39.257,23.9400,151
51601361428070,14:20:01.361,23.9600,61
51604168435921,14:20:04.168,23.9400,5
51634952748324,14:20:34.952,23.9400,400
51634952779706,14:20:34.952,23.9400,140
51637955253256,14:20:37.955,23.9350,260
51637955253256,14:20:37.955,23.9300,16
51645204574505,14:20:45.204,23.9400,100
51646254236523,14:20:46.254,23.9500,100
51646254236523,14:20:46.254,23.9500,100
51654018801156,14:20:54.018,23.9500,100
51654018801156,14:20:54.018,23.9500,100
51654083190120,14:20:54.083,23.9500,100
51664815518541,14:21:04.815,23.9600,39
51664815518541,14:21:04.815,23.9600,100
51664815518541,14:21:04.815,23.9600,200
51664815518541,14:21:04.815,23.9600,52
51672881058426,14:21:12.881,23.9600,100
51672881058426,14:21:12.881,23.9600,800
51699064034262,14:21:39.064,23.9800,200
51699064041719,14:21:39.064,23.9800,200
51702723771027,14:21:42.723,23.9800,100
51702723771027,14:21:42.723,23.9800,100
51715268488168,14:21:55.268,23.9900,100
51715268488168,14:21:55.268,23.9900,100
51715268548028,14:21:55.268,23.9900,100
51715605796342,14:21:55.605,23.9900,50
51715605796342,14:21:55.605,23.9900,50
51721980256476,14:22:01.980,23.9900,100
51722496870508,14:22:02.496,23.9900,100
51725230422867,14:22:05.230,23.9900,100
51735323179355,14:22:15.323,23.9950,100
51735323260465,14:22:15.323,23.9950,100
51735323334292,14:22:15.323,23.9950,100
51735323749841,14:22:15.323,23.9950,100
51750378356582,14:22:30.378,23.9950,100
51750380073341,14:22:30.380,23.9900,26
51750383107569,14:22:30.383,23.9900,74
51750384987328,14:22:30.384,23.9950,100
51759083378060,14:22:39.083,23.9800,100
51759094806508,14:22:39.094,23.9900,32
51775775502880,14:22:55.775,23.9850,100
51775838661560,14:22:55.838,23.9850,100
51785181010031,14:23:05.181,23.9900,100
51786719203146,14:23:06.719,23.9850,100
51797868965679,14:23:17.868,23.9900,2
51797869358231,14:23:17.869,23.9900,100
51797869418564,14:23:17.869,23.9900,100
51797869418564,14:23:17.869,23.9900,100
51799322845050,14:23:19.322,23.9950,100
51799429084459,14:23:19.429,23.9950,100
51799595156959,14:23:19.595,23.9900,100
51799596867855,14:23:19.596,23.9900,100
51799596867855,14:23:19.596,23.9900,72
51799596867855,14:23:19.596,23.9900,28
51803806243045,14:23:23.806,24.0000,100
51803806243045,14:23:23.806,24.0000,1
51803806243045,14:23:23.806,24.0000,12
51803815569651,14:23:23.815,24.0000,10
51803815569651,14:23:23.815,24.0000,8
51803815569651,14:23:23.815,24.0000,100
51803815569651,14:23:23.815,24.0000,20
51803815569651,14:23:23.815,24.0000,62
51808290558516,14:23:28.290,24.0000,188
51808290558516,14:23:28.290,24.0000,30
51808290558516,14:23:28.290,24.0000,200
51808290558516,14:23:28.290,24.0000,48
51808290558516,14:23:28.290,24.0000,1770
51808291273843,14:23:28.291,24.0000,3230
51822614338960,14:23:42.614,24.0000,100
51846227701415,14:24:06.227,24.0100,300
51846227701415,14:24:06.227,24.0100,100
51846227701415,14:24:06.227,24.0100,200
51846227743784,14:24:06.227,24.0100,55
51856720507737,14:24:16.720,24.0050,100
51856720507737,14:24:16.720,24.0050,200
51856720507737,14:24:16.720,24.0000,100
51856720507737,14:24:16.720,24.0000,100
51856720558935,14:24:16.720,24.0000,200
51856720585877,14:24:16.720,24.0000,100
51859508538244,14:24:19.508,23.9950,100
51859508538244,14:24:19.508,23.9950,100
51865704957744,14:24:25.704,24.0000,126
51892000064000,14:24:52.000,24.0050,100
51892000064000,14:24:52.000,24.0050,100
51892001184655,14:24:52.001,24.0050,100
51895517795899,14:24:55.517,24.0000,59
51895517935862,14:24:55.517,24.0050,100
51895517935862,14:24:55.517,24.0050,162
51895560825805,14:24:55.560,24.0100,100
51895560825805,14:24:55.560,24.0100,100
51895560825805,14:24:55.560,24.0100,200
51895560825805,14:24:55.560,24.0100,100
51899618834118,14:24:59.618,24.0150,100
51904787228734,14:25:04.787,24.0200,45
51904787640943,14:25:04.787,24.0200,55
51906976876334,14:25:06.976,24.0300,50
51909492346658,14:25:09.492,24.0400,100
51909492346658,14:25:09.492,24.0400,400
51909542376719,14:25:09.542,24.0400,100
51909542376719,14:25:09.542,24.0400,100
51909542376719,14:25:09.542,24.0400,100
51910312959329,14:25:10.312,24.0400,100
51919133441340,14:25:19.133,24.0400,100
51919133441340,14:25:19.133,24.0400,100
51919144610480,14:25:19.144,24.0400,100
51919144610480,14:25:19.144,24.0400,100
51919145886942,14:25:19.145,24.0400,100
51934598253179,14:25:34.598,24.0400,100
51934598253179,14:25:34.598,24.0400,100
51934598666259,14:25:34.598,24.0300,100
51934598666259,14:25:34.598,24.0300,100
51966181191896,14:26:06.181,24.0300,100
51975054563840,14:26:15.054,24.0200,100
51975054563840,14:26:15.054,24.0100,100
51975054563840,14:26:15.054,24.0100,100
51975054610404,14:26:15.054,24.0100,62
51975922479910,14:26:15.922,24.0000,100
51975922479910,14:26:15.922,24.0000,100
51977190909573,14:26:17.190,23.9900,100
51977329607683,14:26:17.329,23.9850,100
51982215055203,14:26:22.215,23.9900,100
51982215055203,14:26:22.215,23.9900,64
51982219326977,14:26:22.219,24.0000,2
51983038739552,14:26:23.038,24.0000,98
52020277842257,14:27:00.277,24.0000,100
52020277842257,14:27:00.277,24.0000,100
52020403403048,14:27:00.403,24.0200,50
52020403403048,14:27:00.403,24.0300,50
52034503774046,14:27:14.503,24.0150,300
52034509144087,14:27:14.509,24.0150,100
52034527633197,14:27:14.527,24.0000,52
52034527705038,14:27:14.527,24.0000,48
52039549954024,14:27:19.549,24.0050,100
52039562636916,14:27:19.562,24.0000,700
52039562636916,14:27:19.562,24.0000,100
52039562636916,14:27:19.562,24.0000,78
52039563461073,14:27:19.563,24.0000,22
52039563461073,14:27:19.563,24.0000,100
52039563461073,14:27:19.563,24.0000,78
52039565788266,14:27:19.565,24.0000,100
52039565788266,14:27:19.565,23.9900,300
52039565788266,14:27:19.565,23.9900,100
52039565788266,14:27:19.565,23.9900,500
52052859647282,14:27:32.859,23.9900,100
52053646143116,14:27:33.646,23.9900,100
52084290793884,14:28:04.290,24.0000,127
52106475520850,14:28:26.475,23.9900,100
52115912807958,14:28:35.912,23.9900,100
52115912807958,14:28:35.912,23.9800,1
52115912900481,14:28:35.912,23.9900,100
52115913176232,14:28:35.913,23.9800,99
52115913176232,14:28:35.913,23.9800,1
52115917906880,14:28:35.917,23.9600,95
52115917929340,14:28:35.917,23.9600,5
52125476363817,14:28:45.476,23.9600,100
52125476363817,14:28:45.476,23.9500,100
52125864871424,14:28:45.864,23.9200,100
52129474206977,14:28:49.474,23.9400,100
52138678792865,14:28:58.678,23.9350,100
52138678792865,14:28:58.678,23.9200,100
52138678792865,14:28:58.678,23.9200,100
52138678792865,14:28:58.678,23.9200,200
52138678792865,14:28:58.678,23.9200,100
52138678792865,14:28:58.678,23.9200,100
52138678792865,14:28:58.678,23.9200,100
52138679116011,14:28:58.679,23.9300,200
52138679135378,14:28:58.679,23.9300,42
52138679145208,14:28:58.679,23.9300,80
52138679258495,14:28:58.679,23.9300,100
52167496811124,14:29:27.496,23.9450,100
52176798019032,14:29:36.798,23.9450,100
52176798019032,14:29:36.798,23.9400,100
52176798019032,14:29:36.798,23.9400,100
52176798019032,14:29:36.798,23.9400,100
52176798019032,14:29:36.798,23.9400,100
52176800589072,14:29:36.800,23.9300,100
52198305846828,14:29:58.305,23.9300,100
52245631191073,14:30:45.631,23.9300,75
52245631191073,14:30:45.631,23.9400,100
52245631191073,14:30:45.631,23.9400,300
52245631191073,14:30:45.631,23.9400,100
52245631191073,14:30:45.631,23.9400,43
52245631191073,14:30:45.631,23.9400,100
52245631191073,14:30:45.631,23.9400,682
52245632144142,14:30:45.632,23.9400,300
52245632144142,14:30:45.632,23.9400,100
52245633837941,14:30:45.633,23.9400,100
52261253264193,14:31:01.253,23.9400,200
52275211506787,14:31:15.211,23.9400,300
52275212813256,14:31:15.212,23.9400,100
52281355742843,14:31:21.355,23.9350,100
52281355754587,14:31:21.355,23.9350,100
52338632252807,14:32:18.632,23.9400,200
52338632252807,14:32:18.632,23.9400,100
52338632252807,14:32:18.632,23.9400,49
52338632252807,14:32:18.632,23.9400,451
52338633173537,14:32:18.633,23.9400,300
52338633173537,14:32:18.633,23.9400,100
52338633173537,14:32:18.633,23.9400,100
52338633173537,14:32:18.633,23.9400,900
52338633343942,14:32:18.633,23.9400,100
52338633343942,14:32:18.633,23.9400,100
52338633343942,14:32:18.633,23.9400,200
52338633343942,14:32:18.633,23.9400,200
52338633370632,14:32:18.633,23.9400,100
52338633370632,14:32:18.633,23.9400,67
52338633488809,14:32:18.633,23.9400,33
52338633488809,14:32:18.633,23.9400,100
52338633488809,14:32:18.633,23.9400,100
52341647599423,14:32:21.647,23.9400,100
52341647599423,14:32:21.647,23.9400,33
52341652268517,14:32:21.652,23.9500,67
52348495880093,14:32:28.495,23.9500,33
52348495880093,14:32:28.495,23.9500,167
52348495925186,14:32:28.495,23.9500,33
52348495925186,14:32:28.495,23.9500,100
52348495925186,14:32:28.495,23.9500,67
52430590775579,14:33:50.590,23.9500,100
52430590775579,14:33:50.590,23.9500,100
52440647074834,14:34:00.647,23.9500,100
52440647074834,14:34:00.647,23.9500,21
52440653296266,14:34:00.653,23.9500,100
52440653296266,14:34:00.653,23.9500,100
52440653296266,14:34:00.653,23.9500,100
52440653296266,14:34:00.653,23.9500,100
52440653296266,14:34:00.653,23.9500,100
52440653296266,14:34:00.653,23.9500,100
52482271562742,14:34:42.271,23.9600,200
52496845736993,14:34:56.845,23.9600,200
52500847055807,14:35:00.847,23.9550,200
52500847055807,14:35:00.847,23.9600,200
52502629108916,14:35:02.629,23.9550,100
52502629108916,14:35:02.629,23.9550,100
52502629108916,14:35:02.629,23.9500,100
52510911278237,14:35:10.911,23.9600,400
52510911278237,14:35:10.911,23.9600,100
52521764743220,14:35:21.764,23.9600,52
52521764743220,14:35:21.764,23.9600,248
52542707521504,14:35:42.707,23.9550,100
52542707521504,14:35:42.707,23.9550,100
52542707521504,14:35:42.707,23.9500,200
52542707555287,14:35:42.707,23.9500,100
52542707555287,14:35:42.707,23.9500,100
52542707555287,14:35:42.707,23.9500,100
52542712293327,14:35:42.712,23.9400,100
52542712619831,14:35:42.712,23.9300,2
52545025560101,14:35:45.025,23.9400,100
52558013548334,14:35:58.013,23.9450,100
52558997665032,14:35:58.997,23.9400,100
52558997665032,14:35:58.997,23.9400,92
52558997678459,14:35:58.997,23.9400,8
52558997678459,14:35:58.997,23.9400,15
52559003036846,14:35:59.003,23.9300,100
52564384643058,14:36:04.384,23.9250,100
52568271155710,14:36:08.271,23.9100,100
52568271463375,14:36:08.271,23.9100,50
52576065786143,14:36:16.065,23.9000,15
52579071910678,14:36:19.071,23.9000,100
52579071920872,14:36:19.071,23.9000,100
52579101824215,14:36:19.101,23.9100,42
52595304279530,14:36:35.304,23.9300,100
52694833863995,14:38:14.833,23.9250,100
52694833863995,14:38:14.833,23.9250,100
52694833863995,14:38:14.833,23.9100,100
52694833863995,14:38:14.833,23.9100,100
52694833863995,14:38:14.833,23.9100,100
52694911677878,14:38:14.911,23.9100,36
52694911677878,14:38:14.911,23.9100,100
52694911677878,14:38:14.911,23.9100,100
52694911677878,14:38:14.911,23.9100,100
52694911677878,14:38:14.911,23.9100,100
52694964423314,14:38:14.964,23.9000,100
52694964423314,14:38:14.964,23.9000,100
52695195209180,14:38:15.195,23.9000,100
52703973277774,14:38:23.973,23.9000,100
52703973277774,14:38:23.973,23.9000,100
52703973277774,14:38:23.973,23.8900,100
52703973277774,14:38:23.973,23.8900,100
52708427607829,14:38:28.427,23.8900,183
52708427618698,14:38:28.427,23.8900,17
52710030947455,14:38:30.030,23.8700,100
52710030954064,14:38:30.030,23.8700,100
52710030983276,14:38:30.030,23.8700,8
52710450502259,14:38:30.450,23.8700,92
52713003301584,14:38:33.003,23.8600,100
52718941146996,14:38:38.941,23.8600,200
52719019208290,14:38:39.019,23.8600,100
52719019208290,14:38:39.019,23.8600,100
52720043657991,14:38:40.043,23.8700,100
52720043663150,14:38:40.043,23.8700,100
52720043720066,14:38:40.043,23.8700,100
52720728895679,14:38:40.728,23.8700,200
52720729329186,14:38:40.729,23.8700,200
52720729363976,14:38:40.729,23.8700,43
52720730499434,14:38:40.730,23.8800,100
52720730499434,14:38:40.730,23.8800,100
52722738912173,14:38:42.738,23.8850,100
52724496281097,14:38:44.496,23.8700,200
52726121492348,14:38:46.121,23.8800,100
52726121492348,14:38:46.121,23.8700,100
52727491607968,14:38:47.491,23.8700,100
52727491607968,14:38:47.491,23.8700,100
52729286175165,14:38:49.286,23.8800,100
52729286175165,14:38:49.286,23.8700,100
52731683636063,14:38:51.683,23.8900,9
52731686256778,14:38:51.686,23.8850,100
52731686256778,14:38:51.686,23.8800,100
52733372201315,14:38:53.372,23.8850,100
52733372201315,14:38:53.372,23.8800,100
52735132401866,14:38:55.132,23.8850,100
52735132401866,14:38:55.132,23.8800,46
52735132411532,14:38:55.132,23.8800,73
52735132433637,14:38:55.132,23.8850,100
52735132433637,14:38:55.132,23.8800,154
52735132444605,14:38:55.132,23.8800,27
52737243631063,14:38:57.243,23.8650,100
52737243631063,14:38:57.243,23.8500,100
52738486204226,14:38:58.486,23.8500,200
52740424479556,14:39:00.424,23.8500,100
52740516414509,14:39:00.516,23.8500,200
52740517846562,14:39:00.517,23.8500,100
52740517846562,14:39:00.517,23.8500,100
52740517846562,14:39:00.517,23.8500,203
52748826612131,14:39:08.826,23.8800,100
52887908309624,14:41:27.908,23.8700,100
52894416117103,14:41:34.416,23.8600,100
52936262331498,14:42:16.262,23.8900,100
52936262372331,14:42:16.262,23.8900,32
52941316585366,14:42:21.316,23.9000,100
52941316585366,14:42:21.316,23.9000,100
52941316585366,14:42:21.316,23.9000,100
52973589853967,14:42:53.589,23.9100,50
52993607987262,14:43:13.607,23.9150,100
52993607987262,14:43:13.607,23.9150,100
52993607987262,14:43:13.607,23.9100,74
52993608021935,14:43:13.608,23.9100,26
52993608021935,14:43:13.608,23.9100,100
52993608021935,14:43:13.608,23.9100,100
52995042609544,14:43:15.042,23.9000,69
52995877915223,14:43:15.877,23.9000,100
52995877958587,14:43:15.877,23.9000,73
52995878002753,14:43:15.878,23.9000,27
53052058270910,14:44:12.058,23.9100,13
53069032558703,14:44:29.032,23.9100,17
53069032905680,14:44:29.032,23.9100,70
53069032905680,14:44:29.032,23.9100,30
53069593643037,14:44:29.593,23.9050,100
53105249900125,14:45:05.249,23.9200,10
53105249900125,14:45:05.249,23.9200,100
53105249900125,14:45:05.249,23.9200,90
53130248132326,14:45:30.248,23.9200,110
53130248132326,14:45:30.248,23.9200,90
53189273791383,14:46:29.273,23.9200,100
53189274093735,14:46:29.274,23.9200,200
53189274406921,14:46:29.274,23.9200,94
53189434578552,14:46:29.434,23.9200,100
53189434578552,14:46:29.434,23.9200,100
53189436543933,14:46:29.436,23.9300,50
53189436572468,14:46:29.436,23.9300,1
53189436583347,14:46:29.436,23.9300,49
53189436583347,14:46:29.436,23.9300,1
53189734738696,14:46:29.734,23.9400,10
53189734738696,14:46:29.734,23.9500,100
53189734738696,14:46:29.734,23.9500,90
53205686526726,14:46:45.686,23.9500,83
53212469068442,14:46:52.469,23.9500,43
53212469068442,14:46:52.469,23.9500,57
53212477742904,14:46:52.477,23.9500,43
53220040194478,14:47:00.040,23.9600,10
53220040194478,14:47:00.040,23.9600,190
53220040943934,14:47:00.040,23.9600,10
53220040943934,14:47:00.040,23.9600,99
53220133369870,14:47:00.133,23.9600,1
53220133369870,14:47:00.133,23.9700,10
53220134471795,14:47:00.134,23.9800,89
53237472427570,14:47:17.472,23.9750,100
53237472427570,14:47:17.472,23.9750,100
53237532052466,14:47:17.532,23.9800,100
53238533015819,14:47:18.533,23.9800,100
53239534030294,14:47:19.534,23.9800,100
53239534066279,14:47:19.534,23.9800,100
53245321331192,14:47:25.321,23.9600,100
53245321331192,14:47:25.321,23.9600,100
53245321408851,14:47:25.321,23.9600,100
53245321437459,14:47:25.321,23.9600,100
53293788257967,14:48:13.788,23.9600,100
53293788305981,14:48:13.788,23.9600,100
53293788305981,14:48:13.788,23.9600,1
53306538174180,14:48:26.538,23.9500,100
53311354281411,14:48:31.354,23.9400,100
53325456591061,14:48:45.456,23.9300,200
53325456591061,14:48:45.456,23.9300,100
53356766263028,14:49:16.766,23.9450,100
53386194930378,14:49:46.194,23.9600,100
53446770135212,14:50:46.770,23.9450,100
53446770135212,14:50:46.770,23.9400,100
53446770288410,14:50:46.770,23.9400,94
53446770972161,14:50:46.770,23.9400,6
53446771290825,14:50:46.771,23.9400,7
53446771624527,14:50:46.771,23.9400,93
53446938832619,14:50:46.938,23.9300,40
53456252374293,14:50:56.252,23.9200,50
53467277821670,14:51:07.277,23.9200,100
53489548293241,14:51:29.548,23.9200,100
53489548293241,14:51:29.548,23.9200,31
53489548293241,14:51:29.548,23.9200,69
53489548325954,14:51:29.548,23.9200,50
53511098520744,14:51:51.098,23.9300,100
53526811891901,14:52:06.811,23.9300,100
53526811891901,14:52:06.811,23.9300,100
53526812051361,14:52:06.812,23.9300,30
53536522122359,14:52:16.522,23.9400,100
53552678126465,14:52:32.678,23.9550,100
53557797309356,14:52:37.797,23.9500,100
53557797309356,14:52:37.797,23.9500,100
53574541102229,14:52:54.541,23.9600,50
53612545528979,14:53:32.545,23.9600,100
53612545528979,14:53:32.545,23.9600,40
53650561070011,14:54:10.561,23.9650,100
53650561070011,14:54:10.561,23.9600,92
53650561286191,14:54:10.561,23.9600,8
53650561286191,14:54:10.561,23.9600,100
53650561286191,14:54:10.561,23.9600,200
53661023683829,14:54:21.023,23.9400,100
53667293074455,14:54:27.293,23.9400,100
53681103422798,14:54:41.103,23.9400,10
53681103422798,14:54:41.103,23.9400,52
53717214469974,14:55:17.214,23.9400,300
53717214469974,14:55:17.214,23.9400,100
53772712830108,14:56:12.712,23.9450,100
53789709294124,14:56:29.709,23.9600,100
53789709326718,14:56:29.709,23.9600,100
53789709642990,14:56:29.709,23.9600,200
53804124434322,14:56:44.124,23.9600,100
53804158493083,14:56:44.158,23.9600,100
53811203500174,14:56:51.203,23.9650,100
53811203500174,14:56:51.203,23.9600,100
53812322750579,14:56:52.322,23.9700,10
53812322750579,14:56:52.322,23.9700,90
53882766241032,14:58:02.766,23.9600,100
53882766241032,14:58:02.766,23.9500,100
53882766241032,14:58:02.766,23.9500,200
53918299246354,14:58:38.299,23.9700,10
53918299246354,14:58:38.299,23.9700,100
53918299246354,14:58:38.299,23.9700,90
53976674087927,14:59:36.674,23.9550,100
53986030154317,14:59:46.030,23.9500,200
53986030543871,14:59:46.030,23.9500,125
54000439905103,15:00:00.439,23.9500,100
54000439905103,15:00:00.439,23.9500,18
54004292787719,15:00:04.292,23.9500,100
54018827141859,15:00:18.827,23.9400,100
54019486058861,15:00:19.486,23.9300,100
54181147487862,15:03:01.147,23.9200,100
54261628913620,15:04:21.628,23.9100,200
54261628913620,15:04:21.628,23.9100,100
54261628913620,15:04:21.628,23.9100,100
54261628913620,15:04:21.628,23.9100,100
54261628913620,15:04:21.628,23.9100,100
54261628913620,15:04:21.628,23.9100,4
54261630112179,15:04:21.630,23.9000,100
54261630190698,15:04:21.630,23.9000,100
54268191222011,15:04:28.191,23.8850,100
54268191712749,15:04:28.191,23.8850,100
54302372441536,15:05:02.372,23.8900,100
54302372441536,15:05:02.372,23.8900,46
54302372493557,15:05:02.372,23.8900,200
54302372540548,15:05:02.372,23.8900,54
54302372540548,15:05:02.372,23.8900,94
54302373051709,15:05:02.373,23.8900,6
54302373051709,15:05:02.373,23.8900,100
54309262172542,15:05:09.262,23.8950,100
54352702757792,15:05:52.702,23.8900,7
54408429960103,15:06:48.429,23.9000,100
54410204861278,15:06:50.204,23.9000,100
54410204861278,15:06:50.204,23.9000,100
54424294278565,15:07:04.294,23.9000,100
54470299543608,15:07:50.299,23.9000,100
54470299543608,15:07:50.299,23.9000,100
54481462079921,15:08:01.462,23.8900,6
54485506808533,15:08:05.506,23.9000,7
54486043476743,15:08:06.043,23.9000,193
54486043476743,15:08:06.043,23.9000,5
54545652652491,15:09:05.652,23.9050,100
54545652652491,15:09:05.652,23.9000,100
54557056800298,15:09:17.056,23.9050,100
54557056800298,15:09:17.056,23.9000,100
54557056800298,15:09:17.056,23.9000,100
54557058667796,15:09:17.058,23.8900,100
54557058667796,15:09:17.058,23.8900,100
