timestamp,time,price,volume
34200890498950,09:30:00.890,0.0000,0
34338872502856,09:32:18.872,34.4800,5
34338872502856,09:32:18.872,34.4800,100
34338873040172,09:32:18.873,34.5000,100
34338873076031,09:32:18.873,34.4800,100
34338873076031,09:32:18.873,34.5000,87
34338874079018,09:32:18.874,34.5000,30
34338874824878,09:32:18.874,34.5000,20
34423671202554,09:33:43.671,34.4600,100
34423671207365,09:33:43.671,34.4600,100
34423671218805,09:33:43.671,34.4600,100
34423671218805,09:33:43.671,34.4500,100
34492288881430,09:34:52.288,34.3800,13
34549881234853,09:35:49.881,34.4700,100
34679160834962,09:37:59.160,34.4800,100
34679161083285,09:37:59.161,34.4900,66
34679161095778,09:37:59.161,34.4900,34
34679161663219,09:37:59.161,34.4900,15
34761994744615,09:39:21.994,34.4600,100
34761994765150,09:39:21.994,34.4500,100
34796268905758,09:39:56.268,34.4400,21
34796268931050,09:39:56.268,34.4400,79
34796268931050,09:39:56.268,34.4400,100
34796269546613,09:39:56.269,34.4400,100
35029613267526,09:43:49.613,34.4000,100
35154051174964,09:45:54.051,34.3900,100
35154061578651,09:45:54.061,34.3900,100
35227072898288,09:47:07.072,34.3700,100
35324350234828,09:48:44.350,34.3500,300
35324350543916,09:48:44.350,34.3500,100
35324350543916,09:48:44.350,34.3500,100
35324351185303,09:48:44.351,34.3400,100
35368234310735,09:49:28.234,34.2900,200
35434175270514,09:50:34.175,34.3400,100
35434175528531,09:50:34.175,34.3500,100
35625641543964,09:53:45.641,34.3400,200
35625641562459,09:53:45.641,34.3300,100
35625641562459,09:53:45.641,34.3300,100
35625641575919,09:53:45.641,34.3200,100
35815852370112,09:56:55.852,34.3900,300
35815852384941,09:56:55.852,34.4100,100
35911511264971,09:58:31.511,34.4000,100
35911511304793,09:58:31.511,34.3800,100
35963632927070,09:59:23.632,34.3500,400
36166705080077,10:02:46.705,34.3900,6
36166705131243,10:02:46.705,34.3900,79
36168698017484,10:02:48.698,34.3800,17
36168698070987,10:02:48.698,34.3800,83
36314995017758,10:05:14.995,34.3600,63
36314999332158,10:05:14.999,34.3600,77
36315001114685,10:05:15.001,34.3500,2
36335540024082,10:05:35.540,34.3600,2
36337023700297,10:05:37.023,34.3600,2
36340656627537,10:05:40.656,34.3700,2
36340656665036,10:05:40.656,34.3700,294
36408164056976,10:06:48.164,34.3200,100
36533992091296,10:08:53.992,34.4000,100
36533992091296,10:08:53.992,34.4000,100
36620192713091,10:10:20.192,34.4000,100
36675999289591,10:11:15.999,34.3600,100
36689681987040,10:11:29.681,34.3800,200
36689681987040,10:11:29.681,34.3800,100
36689682183567,10:11:29.682,34.3800,21
36689682209438,10:11:29.682,34.3800,79
36689682850193,10:11:29.682,34.3800,96
36691263900525,10:11:31.263,34.4000,100
36691263918147,10:11:31.263,34.4100,100
36693852332446,10:11:33.852,34.3800,1
36698240097988,10:11:38.240,34.3800,99
36701788450389,10:11:41.788,34.3800,100
36701788495475,10:11:41.788,34.3800,15
36745483931737,10:12:25.483,34.4200,2
36814435133863,10:13:34.435,34.4500,124
36814435158213,10:13:34.435,34.4500,72
36923318447468,10:15:23.318,34.4800,100
36923320799670,10:15:23.320,34.4800,100
36930762621545,10:15:30.762,34.4600,100
36937347716583,10:15:37.347,34.4400,100
36937347799806,10:15:37.347,34.4300,100
36974605753362,10:16:14.605,34.4600,60
36974605892497,10:16:14.605,34.4600,20
36974606018082,10:16:14.606,34.4600,20
36974606018082,10:16:14.606,34.4600,42
36974606817278,10:16:14.606,34.4600,30
36974606892260,10:16:14.606,34.4600,28
37058037419382,10:17:38.037,34.4400,100
37058037426680,10:17:38.037,34.4400,7
37058037430541,10:17:38.037,34.4400,100
37108354749297,10:18:28.354,34.4400,25
37108355061694,10:18:28.355,34.4400,7
37115226006954,10:18:35.226,34.4400,2
37115226039494,10:18:35.226,34.4400,66
37115226039494,10:18:35.226,34.4400,376
37128014663390,10:18:48.014,34.4300,65
37155880903495,10:19:15.880,34.4300,25
37155880997712,10:19:15.880,34.4300,75
37155880997712,10:19:15.880,34.4300,25
37155880998910,10:19:15.880,34.4300,10
37155881004771,10:19:15.881,34.4000,49
37192851095366,10:19:52.851,34.4100,43
37192851138374,10:19:52.851,34.4200,200
37192851138374,10:19:52.851,34.4200,100
37192852060339,10:19:52.852,34.4200,50
37192852095128,10:19:52.852,34.4200,50
37192856960256,10:19:52.856,34.4200,100
37192858140921,10:19:52.858,34.4200,2
37192858863483,10:19:52.858,34.4200,100
37194436107458,10:19:54.436,34.4200,6
37194436988042,10:19:54.436,34.4200,2
37194440768107,10:19:54.440,34.4200,4
37194441713645,10:19:54.441,34.4200,2
37195434799665,10:19:55.434,34.4200,6
37196436158299,10:19:56.436,34.4200,6
37196437010040,10:19:56.437,34.4200,2
37215962479794,10:20:15.962,34.4400,100
37215962729672,10:20:15.962,34.4400,100
37215962729672,10:20:15.962,34.4400,3
37236694269047,10:20:36.694,34.4600,100
37240418214986,10:20:40.418,34.4600,7
37262422040145,10:21:02.422,34.4900,100
37297201266738,10:21:37.201,34.4800,70
37297201266738,10:21:37.201,34.4800,100
37311298534951,10:21:51.298,34.4500,100
37334439614946,10:22:14.439,34.4400,19
37355200590722,10:22:35.200,34.4500,100
37355200621145,10:22:35.200,34.4500,81
37355232512525,10:22:35.232,34.4400,47
37355232512525,10:22:35.232,34.4400,100
37355232512525,10:22:35.232,34.4400,53
37355232627681,10:22:35.232,34.4400,47
37356234498875,10:22:36.234,34.4400,100
37356237844557,10:22:36.237,34.4400,100
37356237844557,10:22:36.237,34.4400,100
37356237844557,10:22:36.237,34.4400,100
37356238571147,10:22:36.238,34.4400,100
37356238571147,10:22:36.238,34.4400,100
37357167622761,10:22:37.167,34.4400,100
37359677435687,10:22:39.677,34.4300,58
37359677495805,10:22:39.677,34.4300,42
37362638520894,10:22:42.638,34.4200,100
37362646571295,10:22:42.646,34.4300,100
37362646571295,10:22:42.646,34.4400,200
37362650566914,10:22:42.650,34.4500,200
37362650566914,10:22:42.650,34.4500,100
37362650566914,10:22:42.650,34.4500,89
37362654271546,10:22:42.654,34.4600,139
37362743820533,10:22:42.743,34.4500,200
37370162373043,10:22:50.162,34.4500,100
37371068780534,10:22:51.068,34.4600,200
37371068817771,10:22:51.068,34.4600,561
37371068817771,10:22:51.068,34.4600,100
37402096152751,10:23:22.096,34.4500,100
37402096192589,10:23:22.096,34.4500,100
37402112377560,10:23:22.112,34.4500,100
37402140348950,10:23:22.140,34.4500,100
37402143202998,10:23:22.143,34.4500,100
37402143202998,10:23:22.143,34.4500,100
37402177493721,10:23:22.177,34.4500,100
37402180358926,10:23:22.180,34.4500,200
37402180358926,10:23:22.180,34.4500,100
37402240113991,10:23:22.240,34.4500,100
37402245649738,10:23:22.245,34.4500,100
37413273671610,10:23:33.273,34.4500,100
37413273674172,10:23:33.273,34.4400,100
37413406940140,10:23:33.406,34.4600,20
37413406951525,10:23:33.406,34.4600,80
37413406951525,10:23:33.406,34.4600,20
37413406996655,10:23:33.406,34.4600,12
37421140834099,10:23:41.140,34.4800,200
37471312581529,10:24:31.312,34.4900,1
37471312608172,10:24:31.312,34.4900,99
37471312608172,10:24:31.312,34.4900,1
37471312654486,10:24:31.312,34.4900,89
37484105569872,10:24:44.105,34.4700,100
37484231921676,10:24:44.231,34.4900,200
37575213466702,10:26:15.213,34.4600,58
37576428222746,10:26:16.428,34.4600,6
37576429262140,10:26:16.429,34.4600,20
37576430533536,10:26:16.430,34.4600,2
37576431828232,10:26:16.431,34.4600,6
37576433276090,10:26:16.433,34.4600,6
37576433979714,10:26:16.433,34.4600,2
37576433979714,10:26:16.433,34.4600,4
37590386858846,10:26:30.386,34.4600,50
37590387024910,10:26:30.387,34.4600,34
37590387964298,10:26:30.387,34.4600,2
37591092094066,10:26:31.092,34.4600,14
37597508376671,10:26:37.508,34.4600,56
37597508376671,10:26:37.508,34.4500,2
37626745722292,10:27:06.745,34.4600,38
37626747370886,10:27:06.747,34.4600,2
37631017590463,10:27:11.017,34.4600,58
37632462058598,10:27:12.462,34.4600,2
37632462058598,10:27:12.462,34.4600,38
37679780574224,10:27:59.780,34.4500,56
37709907269384,10:28:29.907,34.4600,100
37709907646409,10:28:29.907,34.4600,12
37709907646409,10:28:29.907,34.4600,29
37733251900221,10:28:53.251,34.4500,6
37733253197017,10:28:53.253,34.4500,6
37733254117523,10:28:53.254,34.4500,34
37735961259115,10:28:55.961,34.4500,54
37735961259115,10:28:55.961,34.4500,40
37735962405632,10:28:55.962,34.4500,2
37735962985882,10:28:55.962,34.4500,58
37735966728299,10:28:55.966,34.4500,84
37735966897460,10:28:55.966,34.4500,16
37737450006710,10:28:57.450,34.4700,100
37737462533238,10:28:57.462,34.4600,100
37737462533238,10:28:57.462,34.4500,100
37737462533238,10:28:57.462,34.4500,100
37737462533238,10:28:57.462,34.4500,100
37737462533238,10:28:57.462,34.4500,100
37737462533238,10:28:57.462,34.4500,100
37737467923794,10:28:57.467,34.4700,100
37737467923794,10:28:57.467,34.4700,57
37737475134753,10:28:57.475,34.4600,100
37737475134753,10:28:57.475,34.4600,20
37737500527401,10:28:57.500,34.4600,100
37753075948620,10:29:13.075,34.4500,16
37753078352285,10:29:13.078,34.4500,58
37754849126139,10:29:14.849,34.4500,100
37763344170461,10:29:23.344,34.4500,8
37763344393114,10:29:23.344,34.4500,6
37793859818200,10:29:53.859,34.4600,15
37793859818200,10:29:53.859,34.4600,43
37800082820127,10:30:00.082,34.4800,92
37800082823893,10:30:00.082,34.4800,8
37800082829659,10:30:00.082,34.4900,41
37800082836698,10:30:00.082,34.4900,59
37800089082009,10:30:00.089,34.5100,100
37815764705651,10:30:15.764,34.5400,100
37849418258123,10:30:49.418,34.5100,6
37849418346547,10:30:49.418,34.5100,68
37849420580686,10:30:49.420,34.5100,4
37849420608379,10:30:49.420,34.5100,22
37939160114260,10:32:19.160,34.5300,60
37940427723171,10:32:20.427,34.5200,100
37940427723171,10:32:20.427,34.5100,100
37940434948890,10:32:20.434,34.5100,100
37941150852235,10:32:21.150,34.5100,6
37941150906730,10:32:21.150,34.5100,34
37941152027537,10:32:21.152,34.5100,2
38016427946688,10:33:36.427,34.5300,73
38016427946688,10:33:36.427,34.5400,27
38016427979680,10:33:36.427,34.5400,73
38016427979680,10:33:36.427,34.5400,23
38016428949918,10:33:36.428,34.5400,49
38016527262220,10:33:36.527,34.5400,100
38016578715473,10:33:36.578,34.5500,100
38017016375902,10:33:37.016,34.5300,18
38017017877546,10:33:37.017,34.5300,2
38017018077621,10:33:37.018,34.5500,100
38122840068493,10:35:22.840,34.6000,100
38123082949587,10:35:23.082,34.5900,100
38138657632749,10:35:38.657,34.5700,83
38138657638690,10:35:38.657,34.5700,17
38138666025278,10:35:38.666,34.5700,100
38153172438082,10:35:53.172,34.5700,100
38153173129844,10:35:53.173,34.5700,200
38153173129844,10:35:53.173,34.5700,100
38153173129844,10:35:53.173,34.5700,100
38153174353896,10:35:53.174,34.5600,11
38153175127162,10:35:53.175,34.5600,54
38154181387403,10:35:54.181,34.5200,20
38154181573764,10:35:54.181,34.5200,80
38154181573764,10:35:54.181,34.5200,42
38154184841266,10:35:54.184,34.5200,39
38181119477355,10:36:21.119,34.5000,73
38181119477355,10:36:21.119,34.5000,427
38181119509385,10:36:21.119,34.5000,137
38181119509385,10:36:21.119,34.5000,156
38181119509385,10:36:21.119,34.5000,162
38181119734607,10:36:21.119,34.5100,100
38231657563664,10:37:11.657,34.5300,100
38231657586564,10:37:11.657,34.5400,100
38231657615695,10:37:11.657,34.5500,100
38255559891394,10:37:35.559,34.5400,100
38255559913149,10:37:35.559,34.5300,41
38289733106227,10:38:09.733,34.5400,100
38321430685398,10:38:41.430,34.5400,12
38345425633104,10:39:05.425,34.5500,58
38367428900483,10:39:27.428,34.5700,100
38367428900483,10:39:27.428,34.5700,100
38385801939713,10:39:45.801,34.5600,100
38474128911371,10:41:14.128,34.5800,2
38474128958287,10:41:14.128,34.5800,60
38474855882891,10:41:14.855,34.5800,4
38474855934080,10:41:14.855,34.5800,2
38498845671955,10:41:38.845,34.5700,100
38498845677589,10:41:38.845,34.5600,100
38498845690549,10:41:38.845,34.5500,7
38498845749887,10:41:38.845,34.5500,93
38498845749887,10:41:38.845,34.5500,7
38498845890102,10:41:38.845,34.5500,7
38498845894557,10:41:38.845,34.5500,93
38498845894557,10:41:38.845,34.5500,35
38498845894557,10:41:38.845,34.5400,72
38498846275964,10:41:38.846,34.5800,200
38498846275964,10:41:38.846,34.5800,100
38498846275964,10:41:38.846,34.5800,100
38498846275964,10:41:38.846,34.5800,100
38498846275964,10:41:38.846,34.5800,100
38498846378783,10:41:38.846,34.5800,100
38498847464722,10:41:38.847,34.5700,58
38498847664576,10:41:38.847,34.5700,8
38498847690210,10:41:38.847,34.5700,34
38498847966276,10:41:38.847,34.5600,100
38498848978266,10:41:38.848,34.5500,16
38498849128706,10:41:38.849,34.5500,76
38498849357960,10:41:38.849,34.5500,6
38498849580918,10:41:38.849,34.5500,2
38498850050925,10:41:38.850,34.5400,6
38498850638450,10:41:38.850,34.5400,58
38498850888976,10:41:38.850,34.5400,36
38498850888976,10:41:38.850,34.5400,22
38498855519758,10:41:38.855,34.5400,33
38498855615095,10:41:38.855,34.5200,100
38498855615095,10:41:38.855,34.5200,29
38498862158586,10:41:38.862,34.5400,12
38498867897345,10:41:38.867,34.5400,33
38501575569158,10:41:41.575,34.5400,200
38501576122782,10:41:41.576,34.5400,100
38522050439868,10:42:02.050,34.5500,214
38522050460431,10:42:02.050,34.5500,201
38522050466707,10:42:02.050,34.5500,7
38522050474927,10:42:02.050,34.5500,263
38522050476643,10:42:02.050,34.5500,79
38522050488463,10:42:02.050,34.5500,459
38582024358123,10:43:02.024,34.5600,100
38599743591273,10:43:19.743,34.5500,100
38599743611337,10:43:19.743,34.5400,7
38599743613597,10:43:19.743,34.5400,93
38649017347638,10:44:09.017,34.5500,31
38657511473835,10:44:17.511,34.5700,59
38692527581989,10:44:52.527,34.5800,50
38692528813895,10:44:52.528,34.5800,2
38704698246671,10:45:04.698,34.5800,48
38704698246671,10:45:04.698,34.5800,100
38713490208859,10:45:13.490,34.5500,58
38789316233302,10:46:29.316,34.5700,100
38851114435359,10:47:31.114,34.5600,100
38851119520876,10:47:31.119,34.5400,100
38906872826492,10:48:26.872,34.5100,31
38906872852801,10:48:26.872,34.5100,69
38906872852801,10:48:26.872,34.5100,100
38972726829231,10:49:32.726,34.5100,58
39136214853089,10:52:16.214,34.5200,58
39136216242182,10:52:16.216,34.5200,42
39163879531680,10:52:43.879,34.5100,2
39163879943858,10:52:43.879,34.5100,124
39163880192776,10:52:43.880,34.5100,40
39163880367728,10:52:43.880,34.5100,14
39163880527658,10:52:43.880,34.5100,20
39163880527658,10:52:43.880,34.5100,6
39163880670257,10:52:43.880,34.5100,8
39163881698712,10:52:43.881,34.5100,6
39163881813925,10:52:43.881,34.5100,8
39163882325392,10:52:43.882,34.5100,4
39163882704620,10:52:43.882,34.5100,40
39163883956152,10:52:43.883,34.5100,2
39267650730955,10:54:27.650,34.5400,100
39267770642887,10:54:27.770,34.5400,100
39378768770764,10:56:18.768,34.5200,17
39378768773436,10:56:18.768,34.5200,83
39378919547747,10:56:18.919,34.5400,100
39441192084107,10:57:21.192,34.5500,100
39467249399345,10:57:47.249,34.5600,54
39467249632571,10:57:47.249,34.5600,32
39467249632571,10:57:47.249,34.5600,88
39467249747642,10:57:47.249,34.5600,134
39467249913467,10:57:47.249,34.5600,178
39550276185285,10:59:10.276,34.5900,100
39671535403266,11:01:11.535,34.6700,100
39703872720982,11:01:43.872,34.6500,100
39722471948647,11:02:02.471,34.6500,78
39742730405456,11:02:22.730,34.6800,100
39754659210308,11:02:34.659,34.6800,100
39754659210308,11:02:34.659,34.6800,100
39801195917285,11:03:21.195,34.6700,100
39801200959899,11:03:21.200,34.6700,100
39930281362914,11:05:30.281,34.6800,100
39930365309873,11:05:30.365,34.6800,100
39930374358409,11:05:30.374,34.6800,100
40068379263261,11:07:48.379,34.7100,100
40079397681704,11:07:59.397,34.7100,61
40079399153538,11:07:59.399,34.7100,39
40168875819118,11:09:28.875,34.7700,100
40201390984055,11:10:01.390,34.7700,100
40266566512693,11:11:06.566,34.7800,21
40266567040107,11:11:06.567,34.7800,79
40317678468711,11:11:57.678,34.7800,46
40317679426251,11:11:57.679,34.7800,2
40361052943454,11:12:41.052,34.7800,4
40361053699805,11:12:41.053,34.7800,2
40365350228162,11:12:45.350,34.7800,90
40365364805242,11:12:45.364,34.7800,100
40365368193912,11:12:45.368,34.7800,100
40365368193912,11:12:45.368,34.7800,100
40382692756798,11:13:02.692,34.7700,200
40385214990875,11:13:05.214,34.7600,100
40385486214343,11:13:05.486,34.7200,100
40385486214343,11:13:05.486,34.7200,100
40385486972446,11:13:05.486,34.7300,100
40385778001207,11:13:05.778,34.7100,66
40399574492818,11:13:19.574,34.7100,14
40399574496028,11:13:19.574,34.7100,86
40399574496028,11:13:19.574,34.7100,94
40399574498776,11:13:19.574,34.7100,6
40410991454242,11:13:30.991,34.7000,100
40410991454242,11:13:30.991,34.7000,32
40410991543520,11:13:30.991,34.7000,68
40445879526605,11:14:05.879,34.7100,100
40472180651285,11:14:32.180,34.7200,16
40719035117124,11:18:39.035,34.7600,100
40719035142642,11:18:39.035,34.7600,200
40719035210853,11:18:39.035,34.7500,46
40719035221653,11:18:39.035,34.7500,54
40719113040293,11:18:39.113,34.7600,100
40719117379921,11:18:39.117,34.7600,100
40719121660017,11:18:39.121,34.7600,100
40739795307099,11:18:59.795,34.7650,100
40739795601178,11:18:59.795,34.7700,100
40782735675713,11:19:42.735,34.8100,6
40782735846414,11:19:42.735,34.8100,4
40782735904303,11:19:42.735,34.8100,90
40782735904303,11:19:42.735,34.8100,100
40782737094378,11:19:42.737,34.7900,8
40782738261620,11:19:42.738,34.7900,2
40782741257199,11:19:42.741,34.7900,52
40785586305875,11:19:45.586,34.7800,100
40785587687283,11:19:45.587,34.7600,58
40785589086897,11:19:45.589,34.7600,42
40785589086897,11:19:45.589,34.7600,16
40785590766627,11:19:45.590,34.7600,58
40785590817702,11:19:45.590,34.7600,26
40785709996992,11:19:45.709,34.7600,100
40800229688958,11:20:00.229,34.7600,100
40802071110725,11:20:02.071,34.7600,100
40837385706898,11:20:37.385,34.7600,100
40889754523852,11:21:29.754,34.7800,56
40889754530252,11:21:29.754,34.7800,44
40911657282556,11:21:51.657,34.7600,100
40935021988874,11:22:15.021,34.7500,6
40935051486810,11:22:15.051,34.7500,100
40935051486810,11:22:15.051,34.7500,100
40935106027550,11:22:15.106,34.7500,100
40935147982834,11:22:15.147,34.7500,100
40935147982834,11:22:15.147,34.7500,100
40935147982834,11:22:15.147,34.7500,100
40947783184130,11:22:27.783,34.7500,100
40960558251854,11:22:40.558,34.7600,100
40986690310242,11:23:06.690,34.7700,100
41089743782872,11:24:49.743,34.7900,4
41143247669992,11:25:43.247,34.7900,44
41143247671385,11:25:43.247,34.7900,156
41143247688888,11:25:43.247,34.7900,44
41143248810722,11:25:43.248,34.7900,66
41143248982587,11:25:43.248,34.7900,34
41143253299295,11:25:43.253,34.7900,100
41143353457148,11:25:43.353,34.8000,100
41149626417391,11:25:49.626,34.8100,100
41149629812302,11:25:49.629,34.8100,100
41149631246976,11:25:49.631,34.8100,100
41163452135180,11:26:03.452,34.8200,100
41165128668022,11:26:05.128,34.8100,100
41175038456873,11:26:15.038,34.8000,100
41175536314760,11:26:15.536,34.8000,100
41181714876171,11:26:21.714,34.7900,100
41199067920823,11:26:39.067,34.7800,100
41199067920823,11:26:39.067,34.7800,100
41240666633228,11:27:20.666,34.7900,72
41240666633228,11:27:20.666,34.7900,28
41268399613304,11:27:48.399,34.7900,68
41268399613304,11:27:48.399,34.7900,132
41268399892064,11:27:48.399,34.7900,40
41268403948001,11:27:48.403,34.8000,100
41340583191119,11:29:00.583,34.7900,10
41340583285639,11:29:00.583,34.7900,20
41340583384967,11:29:00.583,34.7900,32
41340583504209,11:29:00.583,34.7900,38
41340893482633,11:29:00.893,34.8000,6
41340893515022,11:29:00.893,34.8000,94
41341153182010,11:29:01.153,34.7900,6
41341153999136,11:29:01.153,34.7900,2
41341196802852,11:29:01.196,34.8000,100
41372204532556,11:29:32.204,34.8000,134
41372204564461,11:29:32.204,34.8100,119
41407843409950,11:30:07.843,34.8300,1
41416161003534,11:30:16.161,34.8500,100
41416278746210,11:30:16.278,34.8500,100
41416280056021,11:30:16.280,34.8500,100
41416460840920,11:30:16.460,34.8700,100
41430105177083,11:30:30.105,34.8600,100
41442142572345,11:30:42.142,34.8500,100
41442142572345,11:30:42.142,34.8500,100
41512141845729,11:31:52.141,34.8300,63
41512141850321,11:31:52.141,34.8300,37
41512141850321,11:31:52.141,34.8300,222
41512141920269,11:31:52.141,34.8300,178
41512170090336,11:31:52.170,34.8400,100
41519149027767,11:31:59.149,34.8300,67
41608464472361,11:33:28.464,34.8400,100
41710050511253,11:35:10.050,34.8500,30
41740750608048,11:35:40.750,34.8500,21
41793388121587,11:36:33.388,34.8400,100
41793388121587,11:36:33.388,34.8400,200
41793388121587,11:36:33.388,34.8400,100
41793390350491,11:36:33.390,34.8400,100
41793390369290,11:36:33.390,34.8400,100
41793390954086,11:36:33.390,34.8300,100
41793390954086,11:36:33.390,34.8300,90
41793391132858,11:36:33.391,34.8300,110
41794411339843,11:36:34.411,34.8300,58
41882227362244,11:38:02.227,34.8400,100
41882227362244,11:38:02.227,34.8400,100
41926584459836,11:38:46.584,34.8300,14
41934500056157,11:38:54.500,34.8300,200
41934500056157,11:38:54.500,34.8300,38
41934500056157,11:38:54.500,34.8300,2
41986611981261,11:39:46.611,34.8300,100
42097807190933,11:41:37.807,34.8500,100
42125008964229,11:42:05.008,34.8600,100
42125094404327,11:42:05.094,34.8700,100
42131259983956,11:42:11.259,34.8700,100
42131259983956,11:42:11.259,34.8700,100
42147362679678,11:42:27.362,34.8700,100
42147382511241,11:42:27.382,34.8700,100
42160099984301,11:42:40.099,34.8700,100
42167328620920,11:42:47.328,34.8600,100
42167572712764,11:42:47.572,34.8600,100
42169985145636,11:42:49.985,34.8600,1
42177401489275,11:42:57.401,34.8600,1
42182838265945,11:43:02.838,34.8600,1
42185426637163,11:43:05.426,34.8600,1
42186101953002,11:43:06.101,34.8600,1
42188159192562,11:43:08.159,34.8600,1
42188159565055,11:43:08.159,34.8600,194
42188159565055,11:43:08.159,34.8600,100
42287659355283,11:44:47.659,34.8900,100
42287745154179,11:44:47.745,34.8900,100
42287751148024,11:44:47.751,34.8900,100
42304250324604,11:45:04.250,34.8900,100
42304376704224,11:45:04.376,34.9000,100
42330533365826,11:45:30.533,34.8900,171
42330533412206,11:45:30.533,34.8900,129
42333247581510,11:45:33.247,34.8900,100
42333247581510,11:45:33.247,34.8900,100
42333247581510,11:45:33.247,34.8900,100
42355306573499,11:45:55.306,34.8800,100
42441546905126,11:47:21.546,34.9000,100
42441548999187,11:47:21.548,34.9000,100
42510406063550,11:48:30.406,34.8900,100
42535616289687,11:48:55.616,34.8900,90
42575065699199,11:49:35.065,34.8800,100
42575164743609,11:49:35.164,34.8800,100
42725160617941,11:52:05.160,34.8800,200
42725160617941,11:52:05.160,34.8800,100
42781218103703,11:53:01.218,34.8900,200
42781218103703,11:53:01.218,34.8900,100
42808035333417,11:53:28.035,34.9100,200
42808035333417,11:53:28.035,34.9100,100
42857535352204,11:54:17.535,34.9100,100
42857617888571,11:54:17.617,34.9100,100
42857621908864,11:54:17.621,34.9100,100
42912106275904,11:55:12.106,34.9100,100
42922917022909,11:55:22.917,34.9000,300
42923016285926,11:55:23.016,34.9000,100
42923190115403,11:55:23.190,34.8900,100
42923190115403,11:55:23.190,34.8900,100
43023316689330,11:57:03.316,34.8900,65
43142088713124,11:59:02.088,34.9000,100
43142088738935,11:59:02.088,34.9000,100
43210648520501,12:00:10.648,34.9100,100
43230653069476,12:00:30.653,34.9200,100
43279005677172,12:01:19.005,34.9000,100
43279005710616,12:01:19.005,34.9000,100
43279005866870,12:01:19.005,34.9000,56
43279040940329,12:01:19.040,34.8900,100
43279058722865,12:01:19.058,34.8900,25
43279108320064,12:01:19.108,34.8900,100
43279111761331,12:01:19.111,34.8900,100
43280013028956,12:01:20.013,34.8900,200
43280013028956,12:01:20.013,34.8900,100
43280050383863,12:01:20.050,34.8900,100
43306181984386,12:01:46.181,34.8800,15
43307470884282,12:01:47.470,34.8800,58
43307470912255,12:01:47.470,34.8800,27
43356668177982,12:02:36.668,34.9000,22
43356668179933,12:02:36.668,34.9000,66
43356668429970,12:02:36.668,34.9000,12
43386309328505,12:03:06.309,34.9200,100
43465003757461,12:04:25.003,34.9100,100
43474838363543,12:04:34.838,34.9000,100
43474938707559,12:04:34.938,34.9000,100
43475127862042,12:04:35.127,34.9000,100
43481917797783,12:04:41.917,34.9000,42
43481917797783,12:04:41.917,34.8900,100
43481917797783,12:04:41.917,34.8900,100
43481917797783,12:04:41.917,34.8800,100
43484917716270,12:04:44.917,34.8800,100
43511407231223,12:05:11.407,34.9000,100
43511408268333,12:05:11.408,34.9100,99
43511408372536,12:05:11.408,34.9100,1
43511409253727,12:05:11.409,34.9200,100
43511409253727,12:05:11.409,34.9200,90
43511410283325,12:05:11.410,34.9200,10
43511410283325,12:05:11.410,34.9200,48
43545343916216,12:05:45.343,34.9100,50
43563389232060,12:06:03.389,34.9000,100
43614482339946,12:06:54.482,34.9100,100
43722544920312,12:08:42.544,34.9200,100
43746921708827,12:09:06.921,34.9300,100
43752314370788,12:09:12.314,34.9300,100
43752314370788,12:09:12.314,34.9300,93
43776201739752,12:09:36.201,34.9300,100
43776300892064,12:09:36.300,34.9300,100
43776308627914,12:09:36.308,34.9300,100
43821076927467,12:10:21.076,34.9400,100
43880508157038,12:11:20.508,34.9300,29
43880582607544,12:11:20.582,34.9300,100
43880664371965,12:11:20.664,34.9300,100
43880668562266,12:11:20.668,34.9300,164
43880679783763,12:11:20.679,34.9300,100
43883960281306,12:11:23.960,34.9400,100
43885587773812,12:11:25.587,34.9400,100
43905112622918,12:11:45.112,34.9500,2
43913492889633,12:11:53.492,34.9500,100
43913495051452,12:11:53.495,34.9500,30
43913495343671,12:11:53.495,34.9500,25
43921520387843,12:12:01.520,34.9600,2
43921528176850,12:12:01.528,34.9600,18
43921528176850,12:12:01.528,34.9600,82
43960962476829,12:12:40.962,34.9500,100
43965078263290,12:12:45.078,34.9500,100
44011858662365,12:13:31.858,34.9600,2
44012925824269,12:13:32.925,34.9600,14
44013042947141,12:13:33.042,34.9700,2
44013042947141,12:13:33.042,34.9700,20
44013042947141,12:13:33.042,34.9700,78
44023699344312,12:13:43.699,34.9700,2
44045276491605,12:14:05.276,34.9800,100
44045283677073,12:14:05.283,34.9800,100
44045284240927,12:14:05.284,34.9800,200
44048118758248,12:14:08.118,34.9900,100
44048121556331,12:14:08.121,34.9800,100
44048121556331,12:14:08.121,34.9800,100
44050316569798,12:14:10.316,34.9800,2
44050318202454,12:14:10.318,34.9800,100
44050318202454,12:14:10.318,34.9800,100
44050869534875,12:14:10.869,34.9900,100
44058394840112,12:14:18.394,34.9800,100
44058394840112,12:14:18.394,34.9800,200
44067720934394,12:14:27.720,34.9700,100
44067720934394,12:14:27.720,34.9700,100
44069211801563,12:14:29.211,34.9700,100
44072065171630,12:14:32.065,34.9600,100
44072065171630,12:14:32.065,34.9600,40
44075221381919,12:14:35.221,34.9700,200
44075221381919,12:14:35.221,34.9700,100
44075221381919,12:14:35.221,34.9700,100
44075221381919,12:14:35.221,34.9700,100
44075221381919,12:14:35.221,34.9700,300
44075221846035,12:14:35.221,34.9700,20
44076639263655,12:14:36.639,34.9700,100
44078129914020,12:14:38.129,34.9700,100
44079300327698,12:14:39.300,34.9700,100
44094892384622,12:14:54.892,34.9700,100
44095797570548,12:14:55.797,34.9800,100
44095805691413,12:14:55.805,34.9900,100
44112897953717,12:15:12.897,34.9900,300
44112899731182,12:15:12.899,35.0000,400
44112899731182,12:15:12.899,35.0000,2
44112899731182,12:15:12.899,35.0000,100
44112899731182,12:15:12.899,35.0000,100
44112899731182,12:15:12.899,35.0000,98
44112907418613,12:15:12.907,35.0000,100
44113556240445,12:15:13.556,35.0100,2
44113556240445,12:15:13.556,35.0100,98
44119183881716,12:15:19.183,35.0100,100
44119183881716,12:15:19.183,35.0100,100
44119183881716,12:15:19.183,35.0100,200
44146285844278,12:15:46.285,35.0100,9
44146999124505,12:15:46.999,35.0000,52
44147008058486,12:15:47.008,35.0100,100
44159702145135,12:15:59.702,35.0000,48
44159702145135,12:15:59.702,35.0000,152
44162855112678,12:16:02.855,35.0100,100
44162959975108,12:16:02.959,35.0200,100
44167055831110,12:16:07.055,35.0200,100
44232423197672,12:17:12.423,35.0200,100
44232423242563,12:17:12.423,35.0200,100
44282678366840,12:18:02.678,35.0200,100
44282709479500,12:18:02.709,35.0100,20
44282786182543,12:18:02.786,35.0200,100
44282788016585,12:18:02.788,35.0200,100
44282922375611,12:18:02.922,35.0200,100
44321257026198,12:18:41.257,35.0200,200
44321257055644,12:18:41.257,35.0200,200
44417489532471,12:20:17.489,35.0200,100
44424405607132,12:20:24.405,35.0200,21
44452791869680,12:20:52.791,35.0200,100
44452792018586,12:20:52.792,35.0200,21
44452792018586,12:20:52.792,35.0200,79
44492652141648,12:21:32.652,35.0300,59
44503881026439,12:21:43.881,35.0300,100
44529175103531,12:22:09.175,35.0300,21
44529175103531,12:22:09.175,35.0300,100
44532379570132,12:22:12.379,35.0300,100
44532379722463,12:22:12.379,35.0300,50
44648979421218,12:24:08.979,35.0200,100
44648979421218,12:24:08.979,35.0200,100
44648987411875,12:24:08.987,35.0200,100
44649005370634,12:24:09.005,35.0200,100
44663868724765,12:24:23.868,35.0300,100
44663883151983,12:24:23.883,35.0400,1
44663883151983,12:24:23.883,35.0400,99
44681876001708,12:24:41.876,35.0300,100
44681884068211,12:24:41.884,35.0300,100
44692929865914,12:24:52.929,35.0300,100
44706629529488,12:25:06.629,35.0300,100
44706715214332,12:25:06.715,35.0300,100
44718919588112,12:25:18.919,35.0400,100
44766056521598,12:26:06.056,35.0300,100
44766056521598,12:26:06.056,35.0300,100
44766056521598,12:26:06.056,35.0300,100
44766057818757,12:26:06.057,35.0300,100
44766064397910,12:26:06.064,35.0300,100
44854452328419,12:27:34.452,35.0300,98
44854452328419,12:27:34.452,35.0300,2
44874300923510,12:27:54.300,35.0200,41
44874300949584,12:27:54.300,35.0200,2
44874308622760,12:27:54.308,35.0200,100
44874349244090,12:27:54.349,35.0200,100
44881284552600,12:28:01.284,35.0300,100
44881284594825,12:28:01.284,35.0300,100
44889850209026,12:28:09.850,35.0300,150
44889850238243,12:28:09.850,35.0300,50
45001111465815,12:30:01.111,35.0300,16
45001111519995,12:30:01.111,35.0300,100
45014237451794,12:30:14.237,35.0400,100
45016448792577,12:30:16.448,35.0400,100
45072286263396,12:31:12.286,35.0400,90
45072286306509,12:31:12.286,35.0400,10
45072286306509,12:31:12.286,35.0400,100
45073288283722,12:31:13.288,35.0300,100
45076118894339,12:31:16.118,35.0400,100
45076118927216,12:31:16.118,35.0400,100
45076119088775,12:31:16.119,35.0400,100
45160577875804,12:32:40.577,35.0300,100
45160577985638,12:32:40.577,35.0300,21
45180291789594,12:33:00.291,35.0400,100
45221552266352,12:33:41.552,35.0400,100
45222461906794,12:33:42.461,35.0400,100
45223456273007,12:33:43.456,35.0400,200
45276209155802,12:34:36.209,35.0400,1
45289121396131,12:34:49.121,35.0400,100
45289122022257,12:34:49.122,35.0400,100
45289122022257,12:34:49.122,35.0400,1
45292074036088,12:34:52.074,35.0500,100
45292074036088,12:34:52.074,35.0500,100
45314871326098,12:35:14.871,35.0600,131
45314871421458,12:35:14.871,35.0600,169
45349889031392,12:35:49.889,35.0600,172
45349889171568,12:35:49.889,35.0600,28
45351901338370,12:35:51.901,35.0400,57
45353898521662,12:35:53.898,35.0300,100
45359383900468,12:35:59.383,35.0200,100
45412685195000,12:36:52.685,35.0200,100
45428030291571,12:37:08.030,35.0300,100
45428030304158,12:37:08.030,35.0300,100
45486539116328,12:38:06.539,35.0300,100
45555070910091,12:39:15.070,35.0400,100
45579825115033,12:39:39.825,35.0500,100
45579825145532,12:39:39.825,35.0500,400
45579927249006,12:39:39.927,35.0600,100
45580028180013,12:39:40.028,35.0600,100
45620916119453,12:40:20.916,35.0600,200
45620916119453,12:40:20.916,35.0600,60
45620953856948,12:40:20.953,35.0600,100
45621045505537,12:40:21.045,35.0600,100
45621955794585,12:40:21.955,35.0600,100
45667072906131,12:41:07.072,35.0700,8
45667072906131,12:41:07.072,35.0700,100
45667091621469,12:41:07.091,35.0700,26
45667203448594,12:41:07.203,35.0800,100
45680467885249,12:41:20.467,35.0800,200
45697873288106,12:41:37.873,35.0500,100
45707896174132,12:41:47.896,35.0500,100
45780613360375,12:43:00.613,35.0300,100
45780613393162,12:43:00.613,35.0300,100
45786692406675,12:43:06.692,35.0300,100
45803051151096,12:43:23.051,35.0300,100
45823432844280,12:43:43.432,35.0300,100
45830224935576,12:43:50.224,35.0200,100
45830224935576,12:43:50.224,35.0200,53
45830224963016,12:43:50.224,35.0200,47
45830225359263,12:43:50.225,35.0200,100
45830225359263,12:43:50.225,35.0200,71
45830232491982,12:43:50.232,35.0200,100
45830326918872,12:43:50.326,35.0200,100
45865583689805,12:44:25.583,35.0200,200
45865592661407,12:44:25.592,35.0300,100
45885406602571,12:44:45.406,35.0300,100
45885406602571,12:44:45.406,35.0300,200
45993734967340,12:46:33.734,35.0500,100
46030088519485,12:47:10.088,35.0400,39
46066610102184,12:47:46.610,35.0400,34
46066610132087,12:47:46.610,35.0400,27
46069045880608,12:47:49.045,35.0300,100
46069050195494,12:47:49.050,35.0100,100
46069050195494,12:47:49.050,35.0100,100
46069317866685,12:47:49.317,35.0150,100
46070371523268,12:47:50.371,35.0100,19
46070371523268,12:47:50.371,35.0100,100
46070371523268,12:47:50.371,35.0100,81
46070371555755,12:47:50.371,35.0100,19
46095914177440,12:48:15.914,35.0100,100
46178301096339,12:49:38.301,35.0200,100
46227673782565,12:50:27.673,35.0400,100
46256652018624,12:50:56.652,35.0400,100
46316571534078,12:51:56.571,35.0500,100
46394678752176,12:53:14.678,35.0600,99
46412610384860,12:53:32.610,35.0500,2
46445150533228,12:54:05.150,35.0600,6
46446703425565,12:54:06.703,35.0600,14
46446703425565,12:54:06.703,35.0600,86
46446703937710,12:54:06.703,35.0600,14
46446710884119,12:54:06.710,35.0600,100
46447705986343,12:54:07.705,35.0600,100
46476197079736,12:54:36.197,35.0600,98
46476197079736,12:54:36.197,35.0600,2
46476197104848,12:54:36.197,35.0600,98
46478949089262,12:54:38.949,35.0700,100
46478949123173,12:54:38.949,35.0700,10
46516300065231,12:55:16.300,35.0700,100
46519358858158,12:55:19.358,35.0800,100
46519358894463,12:55:19.358,35.0800,10
46519358894463,12:55:19.358,35.0800,200
46519367623961,12:55:19.367,35.0900,10
46519367623961,12:55:19.367,35.0900,100
46520305887508,12:55:20.305,35.0950,100
46534999411236,12:55:34.999,35.0600,28
46534999599837,12:55:34.999,35.0600,72
46571387586828,12:56:11.387,35.0600,200
46678952936017,12:57:58.952,35.0800,200
46679038486078,12:57:59.038,35.0900,100
46701434812206,12:58:21.434,35.0900,100
46719188791796,12:58:39.188,35.0900,100
46774052864651,12:59:34.052,35.0900,100
46805148298934,13:00:05.148,35.0800,100
46805148298934,13:00:05.148,35.0800,100
46805165736848,13:00:05.165,35.0800,100
46805165736848,13:00:05.165,35.0800,100
46818150769729,13:00:18.150,35.0800,100
46818150769729,13:00:18.150,35.0800,300
46818152991041,13:00:18.152,35.0800,92
46818153432766,13:00:18.153,35.0800,100
46818164211881,13:00:18.164,35.0700,100
46846019862036,13:00:46.019,35.0700,100
46858535067142,13:00:58.535,35.0600,84
46858535128165,13:00:58.535,35.0600,16
46858535128165,13:00:58.535,35.0600,100
46859536647639,13:00:59.536,35.0500,100
46859536647639,13:00:59.536,35.0500,100
46860542262900,13:01:00.542,35.0400,100
46890797042959,13:01:30.797,35.0300,100
46890804689419,13:01:30.804,35.0300,100
46895853623586,13:01:35.853,35.0200,100
46895853623586,13:01:35.853,35.0200,100
46945332530585,13:02:25.332,35.0100,100
46945332530585,13:02:25.332,35.0100,100
46971131251836,13:02:51.131,34.9900,100
46971131251836,13:02:51.131,34.9900,100
47014703852382,13:03:34.703,34.9800,2
47014703852382,13:03:34.703,34.9800,100
47045921053278,13:04:05.921,34.9800,100
47045921053278,13:04:05.921,34.9800,100
47045921053278,13:04:05.921,34.9800,300
47045921086821,13:04:05.921,34.9800,47
47046377828713,13:04:06.377,34.9900,100
47046377828713,13:04:06.377,34.9900,1
47046377828713,13:04:06.377,34.9900,1
47046377828713,13:04:06.377,34.9900,98
47046378076140,13:04:06.378,34.9900,46
47046378105470,13:04:06.378,34.9900,56
47047574568448,13:04:07.574,35.0000,100
47047574568448,13:04:07.574,35.0000,300
47047978412576,13:04:07.978,35.0000,200
47050169355981,13:04:10.169,35.0100,100
47050169355981,13:04:10.169,35.0100,200
47100518163505,13:05:00.518,35.0000,100
47100518163505,13:05:00.518,35.0000,200
47100518163505,13:05:00.518,35.0000,100
47100525343864,13:05:00.525,35.0000,100
47106782378357,13:05:06.782,35.0000,100
47106782422620,13:05:06.782,35.0000,100
47126985958388,13:05:26.985,35.0100,49
47126985991691,13:05:26.985,35.0100,51
47134773830767,13:05:34.773,35.0100,200
47136834846082,13:05:36.834,35.0000,100
47214131605351,13:06:54.131,35.0000,100
47214162569329,13:06:54.162,35.0100,100
47307342523237,13:08:27.342,35.0200,100
47309850172305,13:08:29.850,35.0300,1
47315520783109,13:08:35.520,35.0300,15
47315520857891,13:08:35.520,35.0300,2
47369810623520,13:09:29.810,35.0400,100
47430561705975,13:10:30.561,35.0500,64
47430561725307,13:10:30.561,35.0500,36
47447356589443,13:10:47.356,35.0400,100
47447356589443,13:10:47.356,35.0400,100
47455383907907,13:10:55.383,35.0400,100
47455383907907,13:10:55.383,35.0400,36
47455383938237,13:10:55.383,35.0400,64
47555628426546,13:12:35.628,35.0500,100
47555628743196,13:12:35.628,35.0500,100
47555628743196,13:12:35.628,35.0500,100
47555628839056,13:12:35.628,35.0500,100
47555718573212,13:12:35.718,35.0600,100
47570785415505,13:12:50.785,35.0600,100
47570885082020,13:12:50.885,35.0600,100
47588082791217,13:13:08.082,35.0400,100
47664175154130,13:14:24.175,35.0400,89
47664175155654,13:14:24.175,35.0400,11
47702005147779,13:15:02.005,35.0500,100
47767891616365,13:16:07.891,35.0450,45
47808225225106,13:16:48.225,35.0400,100
47808225225106,13:16:48.225,35.0400,100
47808244886989,13:16:48.244,35.0400,200
47808244886989,13:16:48.244,35.0400,100
47849355014712,13:17:29.355,35.0500,100
47967733917503,13:19:27.733,35.0500,200
48002371831835,13:20:02.371,35.0600,100
48045861313023,13:20:45.861,35.0500,45
48045861495329,13:20:45.861,35.0500,55
48046386700822,13:20:46.386,35.0500,100
48133615673806,13:22:13.615,35.0600,20
48133717294944,13:22:13.717,35.0600,100
48238163733600,13:23:58.163,35.0600,1
48238163733600,13:23:58.163,35.0600,100
48263909743724,13:24:23.909,35.0700,200
48263909743724,13:24:23.909,35.0700,275
48263909773853,13:24:23.909,35.0700,25
48337631298221,13:25:37.631,35.0700,180
48337631329598,13:25:37.631,35.0700,220
48342803248982,13:25:42.803,35.0600,20
48390873537802,13:26:30.873,35.0700,100
48390975051495,13:26:30.975,35.0800,100
48390975076723,13:26:30.975,35.0800,100
48393267706691,13:26:33.267,35.0800,166
48417959702840,13:26:57.959,35.0800,100
48451370741745,13:27:31.370,35.0800,100
48544235167585,13:29:04.235,35.0700,100
48545481193967,13:29:05.481,35.0600,100
48545484837945,13:29:05.484,35.0600,200
48545484837945,13:29:05.484,35.0600,100
48547424279020,13:29:07.424,35.0600,100
48568437255319,13:29:28.437,35.0600,100
48568437431916,13:29:28.437,35.0600,20
48784950755864,13:33:04.950,35.0600,1
48784950755864,13:33:04.950,35.0600,1
48784950755864,13:33:04.950,35.0600,98
48784950784118,13:33:04.950,35.0600,2
48815327208269,13:33:35.327,35.0700,100
48815332508641,13:33:35.332,35.0700,100
48827900230207,13:33:47.900,35.0800,100
48827900230207,13:33:47.900,35.0800,100
48828001272710,13:33:48.001,35.0800,100
48889168289313,13:34:49.168,35.0800,100
48912545761367,13:35:12.545,35.0800,1
48912545761367,13:35:12.545,35.0800,99
48913549715858,13:35:13.549,35.0700,100
48913549715858,13:35:13.549,35.0700,39
48913549761432,13:35:13.549,35.0700,61
48913561534523,13:35:13.561,35.0600,60
48913561578611,13:35:13.561,35.0600,40
48918416230837,13:35:18.416,35.0600,100
48953976349213,13:35:53.976,35.0500,100
48987958133420,13:36:27.958,35.0500,100
49021287922933,13:37:01.287,35.0500,100
49023071113407,13:37:03.071,35.0600,100
49031874020212,13:37:11.874,35.0600,100
49039415121360,13:37:19.415,35.0600,300
49039415121360,13:37:19.415,35.0600,100
49054502947518,13:37:34.502,35.0500,80
49135779576402,13:38:55.779,35.0600,100
49135779576402,13:38:55.779,35.0600,200
49135884638767,13:38:55.884,35.0600,65
49135884638767,13:38:55.884,35.0600,35
49247394647731,13:40:47.394,35.0600,100
49247395258555,13:40:47.395,35.0600,200
49296562942296,13:41:36.562,35.0600,62
49296562942296,13:41:36.562,35.0600,38
49303930586505,13:41:43.930,35.0550,1
49304740303244,13:41:44.740,35.0550,1
49307964745983,13:41:47.964,35.0550,1
49311791317175,13:41:51.791,35.0500,100
49311791317175,13:41:51.791,35.0500,100
49311791344947,13:41:51.791,35.0500,100
49354147110652,13:42:34.147,35.0400,200
49354147110652,13:42:34.147,35.0400,100
49354147110652,13:42:34.147,35.0400,100
49354147110652,13:42:34.147,35.0400,100
49354147110652,13:42:34.147,35.0400,100
49357908216711,13:42:37.908,35.0400,100
49357908245118,13:42:37.908,35.0400,100
49392265238586,13:43:12.265,35.0400,100
49411588481249,13:43:31.588,35.0400,100
49422594303523,13:43:42.594,35.0500,100
49460352663687,13:44:20.352,35.0500,1
49472356366794,13:44:32.356,35.0700,100
49491187086794,13:44:51.187,35.0600,100
49522639672956,13:45:22.639,35.0600,11
49522639741213,13:45:22.639,35.0600,11
49529208187221,13:45:29.208,35.0600,100
49580124879824,13:46:20.124,35.0800,10
49703745928682,13:48:23.745,35.0900,100
49855498806083,13:50:55.498,35.0900,100
49912220313265,13:51:52.220,35.0900,200
49938644920334,13:52:18.644,35.1000,100
49946728706675,13:52:26.728,35.0900,100
50001530628173,13:53:21.530,35.0900,47
50007746088617,13:53:27.746,35.1000,1
50007746088617,13:53:27.746,35.1000,99
50007746133903,13:53:27.746,35.1000,101
50007746133903,13:53:27.746,35.1000,100
50030093332489,13:53:50.093,35.1100,100
50053758977585,13:54:13.758,35.1100,100
50053841842179,13:54:13.841,35.1100,47
50096045792285,13:54:56.045,35.1000,100
50096045792285,13:54:56.045,35.1000,100
50096045830670,13:54:56.045,35.1000,100
50099331283410,13:54:59.331,35.0900,100
50099331283410,13:54:59.331,35.0900,100
50114236389964,13:55:14.236,35.1000,100
50156679595980,13:55:56.679,35.0900,50
50156679599415,13:55:56.679,35.0900,26
50156679661520,13:55:56.679,35.0900,24
50156679661520,13:55:56.679,35.0900,76
50156679706370,13:55:56.679,35.0900,24
50164230352452,13:56:04.230,35.1000,62
50172312337222,13:56:12.312,35.1000,100
50175605499842,13:56:15.605,35.1000,100
50281636484041,13:58:01.636,35.1000,76
50281636489251,13:58:01.636,35.1000,97
50281636500700,13:58:01.636,35.1000,27
50287996214107,13:58:07.996,35.1000,100
50335410334435,13:58:55.410,35.0800,100
50335410334435,13:58:55.410,35.0800,100
50335410334435,13:58:55.410,35.0800,100
50366234384303,13:59:26.234,35.0800,100
50378429896714,13:59:38.429,35.0700,100
50378429896714,13:59:38.429,35.0700,200
50403054882576,14:00:03.054,35.0700,7
50403054978604,14:00:03.054,35.0700,93
50405291717840,14:00:05.291,35.0700,200
50444380706327,14:00:44.380,35.0800,100
50471398221453,14:01:11.398,35.0700,100
50512533274827,14:01:52.533,35.0800,26
50512533276075,14:01:52.533,35.0800,74
50512556019784,14:01:52.556,35.0700,10
50512972693921,14:01:52.972,35.0700,100
50512973392445,14:01:52.973,35.0800,100
50513007004415,14:01:53.007,35.0700,100
50536384272535,14:02:16.384,35.0600,100
50536384272535,14:02:16.384,35.0600,100
50536583978731,14:02:16.583,35.0500,99
50582773122634,14:03:02.773,35.0700,50
50582773135267,14:03:02.773,35.0700,50
50582773135267,14:03:02.773,35.0700,50
50582773257193,14:03:02.773,35.0700,100
50582773280236,14:03:02.773,35.0700,50
50598844781521,14:03:18.844,35.0800,12
50676965284729,14:04:36.965,35.1000,200
50701023579511,14:05:01.023,35.1000,2
50701023676684,14:05:01.023,35.1000,98
50701023924317,14:05:01.023,35.1100,2
50709328520878,14:05:09.328,35.1200,100
50710027738582,14:05:10.027,35.1300,200
50710027738582,14:05:10.027,35.1300,100
50739978542664,14:05:39.978,35.1200,100
50739979835548,14:05:39.979,35.1200,100
50739984829347,14:05:39.984,35.1200,100
50800122785774,14:06:40.122,35.1300,1
50800122785774,14:06:40.122,35.1300,200
50800272190249,14:06:40.272,35.1400,2
50800272190249,14:06:40.272,35.1400,98
50838638872526,14:07:18.638,35.1600,10
50838638872526,14:07:18.638,35.1600,90
50838649844181,14:07:18.649,35.1600,100
50838789180068,14:07:18.789,35.1600,142
50838789180068,14:07:18.789,35.1600,58
50838789209364,14:07:18.789,35.1600,42
50838789209364,14:07:18.789,35.1600,262
50838901742224,14:07:18.901,35.1600,100
50876554672700,14:07:56.554,35.1600,42
50895602572094,14:08:15.602,35.1700,100
50904756260339,14:08:24.756,35.1800,100
50941506790583,14:09:01.506,35.1900,34
50941506790583,14:09:01.506,35.1900,6
50941506818262,14:09:01.506,35.1900,60
50941508047754,14:09:01.508,35.1900,100
50941523983539,14:09:01.523,35.1900,100
50941564794848,14:09:01.564,35.1900,20
50941564794848,14:09:01.564,35.1900,80
50979021207390,14:09:39.021,35.1600,100
50979022045764,14:09:39.022,35.1600,100
50979023600202,14:09:39.023,35.1600,100
50979038626121,14:09:39.038,35.1600,100
50981050835794,14:09:41.050,35.1500,100
50981259558040,14:09:41.259,35.1400,25
50986385208530,14:09:46.385,35.1400,100
51007904942037,14:10:07.904,35.1500,60
51007904950194,14:10:07.904,35.1500,40
51007905002314,14:10:07.905,35.1600,10
51007905044546,14:10:07.905,35.1600,69
51007905134095,14:10:07.905,35.1600,21
51043019594197,14:10:43.019,35.1400,100
51045048881526,14:10:45.048,35.1300,100
51079496068295,14:11:19.496,35.1300,100
51111420272835,14:11:51.420,35.1300,65
51111469567739,14:11:51.469,35.1400,58
51111469578619,14:11:51.469,35.1400,42
51111469579211,14:11:51.469,35.1400,42
51212789938333,14:13:32.789,35.1400,100
51213770173503,14:13:33.770,35.1400,200
51213770173503,14:13:33.770,35.1400,100
51213770787319,14:13:33.770,35.1400,100
51213770787319,14:13:33.770,35.1400,3
51213771539774,14:13:33.771,35.1400,100
51213772102616,14:13:33.772,35.1400,100
51213780509332,14:13:33.780,35.1400,100
51213780509332,14:13:33.780,35.1400,100
51222746578973,14:13:42.746,35.1500,2
51230578742289,14:13:50.578,35.1500,1
51231214843002,14:13:51.214,35.1500,2
51235024448759,14:13:55.024,35.1500,2
51235716615779,14:13:55.716,35.1500,2
51239627283439,14:13:59.627,35.1500,2
51240664309461,14:14:00.664,35.1500,2
51242677947640,14:14:02.677,35.1500,25
51242677974865,14:14:02.677,35.1500,62
51243981184797,14:14:03.981,35.1600,100
51243981184797,14:14:03.981,35.1600,100
51245437869309,14:14:05.437,35.1700,2
51245437894869,14:14:05.437,35.1700,6
51245437894869,14:14:05.437,35.1700,72
51245438094908,14:14:05.438,35.1700,28
51245439355806,14:14:05.439,35.1700,60
51245443084884,14:14:05.443,35.1700,40
51272226300170,14:14:32.226,35.1800,10
51282842163351,14:14:42.842,35.1900,2
51301220664377,14:15:01.220,35.1700,100
51361423937938,14:16:01.423,35.1900,100
51361424166657,14:16:01.424,35.1900,100
51361424180289,14:16:01.424,35.1900,24
51361424180289,14:16:01.424,35.1900,76
51361424189405,14:16:01.424,35.1900,82
51361499979536,14:16:01.499,35.2000,100
51361515522343,14:16:01.515,35.2000,100
51391131826587,14:16:31.131,35.2000,100
51391144031030,14:16:31.144,35.2000,100
51399933563145,14:16:39.933,35.2000,100
51417968075024,14:16:57.968,35.2000,41
51417968082892,14:16:57.968,35.2000,50
51417968090886,14:16:57.968,35.2000,50
51431598280614,14:17:11.598,35.2200,100
51458515767278,14:17:38.515,35.2000,19
51481634783811,14:18:01.634,35.2200,100
51481764358815,14:18:01.764,35.2300,100
51489510134683,14:18:09.510,35.2200,100
51501228265227,14:18:21.228,35.2200,100
51503752174414,14:18:23.752,35.2100,100
51503752174414,14:18:23.752,35.2100,100
51509937427218,14:18:29.937,35.2200,100
51509937739372,14:18:29.937,35.2300,100
51510005116289,14:18:30.005,35.2400,100
51549527336448,14:19:09.527,35.2400,100
51549726752950,14:19:09.726,35.2500,100
51549726779140,14:19:09.726,35.2500,100
51549726779140,14:19:09.726,35.2500,1
51549767985226,14:19:09.767,35.2600,100
51550753376014,14:19:10.753,35.2600,100
51551969120702,14:19:11.969,35.2500,38
51551969132238,14:19:11.969,35.2500,62
51557601347801,14:19:17.601,35.2500,100
51586715287799,14:19:46.715,35.2600,200
51586715287799,14:19:46.715,35.2600,100
51586724166203,14:19:46.724,35.2600,100
51599706458080,14:19:59.706,35.2500,100
51643108161320,14:20:43.108,35.2400,100
51714766588374,14:21:54.766,35.2900,49
51714766592187,14:21:54.766,35.2900,47
51714766599854,14:21:54.766,35.2900,4
51791585504987,14:23:11.585,35.3000,100
51813811683745,14:23:33.811,35.3100,100
51897830839676,14:24:57.830,35.3100,100
51897936853154,14:24:57.936,35.3100,100
51932697223840,14:25:32.697,35.3000,100
51932697223840,14:25:32.697,35.3000,42
51932723195347,14:25:32.723,35.3000,100
51932727314046,14:25:32.727,35.3000,100
51932727314046,14:25:32.727,35.3000,100
51932727314046,14:25:32.727,35.3000,100
51932727895672,14:25:32.727,35.3000,100
51978250547597,14:26:18.250,35.2900,6
52009085682135,14:26:49.085,35.2700,4
52009085723680,14:26:49.085,35.2700,16
52009085814512,14:26:49.085,35.2700,80
52009085918220,14:26:49.085,35.2700,26
52009085982530,14:26:49.085,35.2700,28
52009086088547,14:26:49.086,35.2700,8
52009086238079,14:26:49.086,35.2700,58
52009086350555,14:26:49.086,35.2700,20
52009086499636,14:26:49.086,35.2700,8
52009087118571,14:26:49.087,35.2700,6
52009087827533,14:26:49.087,35.2700,8
52009100274409,14:26:49.100,35.2700,20
52009100540532,14:26:49.100,35.2700,6
52009101823351,14:26:49.101,35.2700,2
52009109737672,14:26:49.109,35.2700,10
52009114396560,14:26:49.114,35.2700,100
52009114692466,14:26:49.114,35.2800,69
52009114709711,14:26:49.114,35.2800,16
52009200671093,14:26:49.200,35.2800,15
52039481166421,14:27:19.481,35.2700,100
52051099634178,14:27:31.099,35.2600,100
52086168860093,14:28:06.168,35.2400,100
52086169584658,14:28:06.169,35.2400,100
52086172048171,14:28:06.172,35.2400,100
52086172048171,14:28:06.172,35.2400,100
52095328586762,14:28:15.328,35.2300,35
52095328592988,14:28:15.328,35.2300,65
52098508241286,14:28:18.508,35.2300,100
52098508241286,14:28:18.508,35.2300,100
52112417647860,14:28:32.417,35.2300,100
52143599349404,14:29:03.599,35.2300,2
52143599349404,14:29:03.599,35.2300,1
52143599349404,14:29:03.599,35.2300,2
52275201507047,14:31:15.201,35.2400,100
52275201507047,14:31:15.201,35.2400,200
52275201507047,14:31:15.201,35.2400,100
52275201553052,14:31:15.201,35.2400,100
52290767897874,14:31:30.767,35.2300,100
52317447786081,14:31:57.447,35.2200,77
52366086463735,14:32:46.086,35.2400,100
52397495749704,14:33:17.495,35.2400,20
52476844177041,14:34:36.844,35.2600,100
52548935437897,14:35:48.935,35.2700,1
52557831850568,14:35:57.831,35.2600,200
52557831879652,14:35:57.831,35.2600,93
52557832080111,14:35:57.832,35.2600,93
52565564016954,14:36:05.564,35.2500,35
52565564019788,14:36:05.564,35.2500,65
52565605093124,14:36:05.605,35.2500,100
52579092546231,14:36:19.092,35.2400,100
52610527138042,14:36:50.527,35.2600,100
52701101473665,14:38:21.101,35.3000,100
52704301465849,14:38:24.301,35.2900,100
52755622365906,14:39:15.622,35.2900,100
52763326837497,14:39:23.326,35.2800,100
52797825196058,14:39:57.825,35.2900,100
52797825196058,14:39:57.825,35.2900,100
52798971007146,14:39:58.971,35.2800,100
52798971007146,14:39:58.971,35.2800,200
52812520603862,14:40:12.520,35.2800,100
52812520635161,14:40:12.520,35.2800,100
52832019398141,14:40:32.019,35.2700,100
52832020379280,14:40:32.020,35.2700,100
52832020949880,14:40:32.020,35.2600,2
52854944343805,14:40:54.944,35.2700,100
52854946133349,14:40:54.946,35.2700,100
52905827363961,14:41:45.827,35.2800,20
52939042699902,14:42:19.042,35.2900,46
52939042704061,14:42:19.042,35.2900,21
52939042752577,14:42:19.042,35.2900,33
52958444689349,14:42:38.444,35.2900,100
53012836987688,14:43:32.836,35.2700,100
53015889142886,14:43:35.889,35.2800,100
53116982543464,14:45:16.982,35.2800,200
53116982543464,14:45:16.982,35.2800,100
53190049580266,14:46:30.049,35.2900,100
53228899200415,14:47:08.899,35.3000,100
53265301304820,14:47:45.301,35.3000,100
53265388448697,14:47:45.388,35.3000,100
53279879850757,14:47:59.879,35.3000,100
53280040405041,14:48:00.040,35.3100,100
53280042583606,14:48:00.042,35.3000,100
53293476104943,14:48:13.476,35.2900,100
53293485233816,14:48:13.485,35.2900,100
53293614079895,14:48:13.614,35.2900,100
53313005785395,14:48:33.005,35.2900,1
53316575275247,14:48:36.575,35.2850,1
53351239118297,14:49:11.239,35.2900,99
53355370120845,14:49:15.370,35.3000,100
53402657039365,14:50:02.657,35.3000,100
53425285864556,14:50:25.285,35.2900,56
53425285864556,14:50:25.285,35.2900,100
53455891935415,14:50:55.891,35.2800,100
53455891935415,14:50:55.891,35.2800,100
53455892565646,14:50:55.892,35.2800,100
53461416663657,14:51:01.416,35.2700,100
53461416663657,14:51:01.416,35.2700,100
53464109809859,14:51:04.109,35.2700,100
53464109842297,14:51:04.109,35.2800,100
53464109842297,14:51:04.109,35.2800,72
53464109845084,14:51:04.109,35.2800,28
53495554051028,14:51:35.554,35.2800,100
53495554075713,14:51:35.554,35.2800,100
53495554109696,14:51:35.554,35.2800,70
53495565535745,14:51:35.565,35.2800,100
53495565535745,14:51:35.565,35.2800,30
53495565535745,14:51:35.565,35.2800,95
53495651211902,14:51:35.651,35.2900,100
53495651211902,14:51:35.651,35.2900,200
53495651237097,14:51:35.651,35.2900,186
53495651314807,14:51:35.651,35.2900,14
53500638661066,14:51:40.638,35.3000,100
53500638661066,14:51:40.638,35.3000,100
53500929068634,14:51:40.929,35.3000,100
53524907413692,14:52:04.907,35.3100,100
53524907440341,14:52:04.907,35.3100,27
53542148904462,14:52:22.148,35.3200,100
53620715719303,14:53:40.715,35.3200,100
53620715719303,14:53:40.715,35.3200,100
53620715719303,14:53:40.715,35.3200,100
53620716723755,14:53:40.716,35.3200,28
53620716723755,14:53:40.716,35.3200,72
53620719711278,14:53:40.719,35.3200,28
53620719711278,14:53:40.719,35.3200,100
53620719711278,14:53:40.719,35.3200,47
53664229868195,14:54:24.229,35.3300,100
53671815000785,14:54:31.815,35.3200,20
53671815000785,14:54:31.815,35.3200,200
53677138957323,14:54:37.138,35.3100,100
53677138957323,14:54:37.138,35.3100,100
53677138957323,14:54:37.138,35.3100,100
53677139503081,14:54:37.139,35.3100,64
53677158286537,14:54:37.158,35.3100,15
53677158286537,14:54:37.158,35.3100,100
53677158286537,14:54:37.158,35.3100,85
53677265520245,14:54:37.265,35.3100,100
53677268848699,14:54:37.268,35.3100,100
53677268848699,14:54:37.268,35.3100,100
53677268848699,14:54:37.268,35.3100,100
53677268848699,14:54:37.268,35.3100,100
53700290207715,14:55:00.290,35.3000,100
53700299114425,14:55:00.299,35.3000,100
53700299114425,14:55:00.299,35.3000,100
53723301278239,14:55:23.301,35.3000,100
53723301278239,14:55:23.301,35.3000,100
53723301278239,14:55:23.301,35.3000,100
53730278339656,14:55:30.278,35.2850,100
53730278339656,14:55:30.278,35.2900,100
53730280735473,14:55:30.280,35.2900,58
53730280735473,14:55:30.280,35.2900,42
53730281417313,14:55:30.281,35.2900,50
53730281446347,14:55:30.281,35.2900,8
53730282089742,14:55:30.282,35.2900,63
53730304669541,14:55:30.304,35.2900,100
53730317742732,14:55:30.317,35.2800,100
53730317742732,14:55:30.317,35.2800,100
53730317742732,14:55:30.317,35.2800,100
53730540602130,14:55:30.540,35.2900,100
53730540602130,14:55:30.540,35.2900,100
53733094279272,14:55:33.094,35.2800,100
53733094279272,14:55:33.094,35.2800,100
53741212095138,14:55:41.212,35.2800,100
53758308870331,14:55:58.308,35.2800,100
53758308870331,14:55:58.308,35.2800,100
53758308870331,14:55:58.308,35.2800,100
53758309789560,14:55:58.309,35.2800,200
53758309842396,14:55:58.309,35.2800,200
53758309842396,14:55:58.309,35.2800,100
53758309842396,14:55:58.309,35.2800,200
53758309842396,14:55:58.309,35.2800,100
53762818771672,14:56:02.818,35.2700,100
53764552081719,14:56:04.552,35.2700,100
53789526467630,14:56:29.526,35.2800,100
53789526467630,14:56:29.526,35.2800,100
53789526467630,14:56:29.526,35.2800,100
53791314534691,14:56:31.314,35.2800,100
53807317060247,14:56:47.317,35.2700,200
53807492034529,14:56:47.492,35.2700,100
53813111475685,14:56:53.111,35.2700,100
53813991759071,14:56:53.991,35.2700,100
53814319623741,14:56:54.319,35.2700,100
53819374347815,14:56:59.374,35.2700,200
53819374347815,14:56:59.374,35.2700,100
53819374347815,14:56:59.374,35.2700,100
53820317874438,14:57:00.317,35.2700,100
53820317874438,14:57:00.317,35.2700,100
53821317152411,14:57:01.317,35.2700,74
53821317210203,14:57:01.317,35.2700,126
53822089519238,14:57:02.089,35.2600,100
53822089519238,14:57:02.089,35.2600,100
53822089519238,14:57:02.089,35.2600,100
53822089675305,14:57:02.089,35.2600,200
53822934174928,14:57:02.934,35.2500,2
53822934210553,14:57:02.934,35.2500,98
53822934210553,14:57:02.934,35.2500,100
53822934692304,14:57:02.934,35.2500,200
53829892939291,14:57:09.892,35.2300,100
53829892939291,14:57:09.892,35.2300,100
53840622626757,14:57:20.622,35.2400,100
53855155615499,14:57:35.155,35.2500,100
53855155615499,14:57:35.155,35.2500,100
53932024617413,14:58:52.024,35.2500,100
54009536789911,15:00:09.536,35.2400,100
54061478821052,15:01:01.478,35.2400,100
54061480449806,15:01:01.480,35.2400,100
54061481930452,15:01:01.481,35.2400,100
54100477841577,15:01:40.477,35.2300,70
54100477841577,15:01:40.477,35.2300,100
54100477841577,15:01:40.477,35.2300,30
54100869395175,15:01:40.869,35.2400,100
54123186965661,15:02:03.186,35.2300,200
54160641566530,15:02:40.641,35.2300,67
54160641851063,15:02:40.641,35.2300,133
54160666066962,15:02:40.666,35.2300,100
54160684756791,15:02:40.684,35.2300,100
54160685946564,15:02:40.685,35.2300,100
54160685946564,15:02:40.685,35.2300,100
54160685946564,15:02:40.685,35.2300,200
54160712888095,15:02:40.712,35.2300,100
54160712888095,15:02:40.712,35.2300,200
54183014584580,15:03:03.014,35.2100,100
54183014659998,15:03:03.014,35.2100,200
54193469446233,15:03:13.469,35.2000,60
54240173423655,15:04:00.173,35.1900,100
54240173454973,15:04:00.173,35.1900,47
54280008899296,15:04:40.008,35.1700,9
54280115857697,15:04:40.115,35.1700,100
54280123410209,15:04:40.123,35.1700,100
54341411070222,15:05:41.411,35.1700,17
54341411113911,15:05:41.411,35.1700,83
54341411113911,15:05:41.411,35.1700,13
54341489751111,15:05:41.489,35.1700,100
54341493661666,15:05:41.493,35.1700,100
54341496590379,15:05:41.496,35.1700,100
54349391617482,15:05:49.391,35.1700,100
54351763389415,15:05:51.763,35.1600,48
54351763542438,15:05:51.763,35.1600,100
54351764832492,15:05:51.764,35.1600,4
54351764832492,15:05:51.764,35.1600,54
54351764880444,15:05:51.764,35.1600,46
54351764880444,15:05:51.764,35.1600,20
54351783229857,15:05:51.783,35.1600,80
54353689916811,15:05:53.689,35.1500,60
54354800694648,15:05:54.800,35.1500,40
54354800694648,15:05:54.800,35.1500,60
54356695689615,15:05:56.695,35.1500,40
54387335960468,15:06:27.335,35.1400,9
54387336091767,15:06:27.336,35.1400,2
54437441914687,15:07:17.441,35.1400,89
54437441914687,15:07:17.441,35.1400,11
54437441996868,15:07:17.441,35.1400,89
54437442685327,15:07:17.442,35.1400,100
54473877343294,15:07:53.877,35.1400,200
54486432850746,15:08:06.432,35.1500,100
54489454496619,15:08:09.454,35.1500,100
54501276734042,15:08:21.276,35.1600,100
54544439373991,15:09:04.439,35.1500,100
54544439373991,15:09:04.439,35.1500,100
54560175254910,15:09:20.175,35.1500,100
54560175278270,15:09:20.175,35.1500,100
54567343448791,15:09:27.343,35.1500,100
54623154174651,15:10:23.154,35.1500,100
54623250256415,15:10:23.250,35.1500,100
54635858656230,15:10:35.858,35.1400,100
54635862945949,15:10:35.862,35.1300,200
54635863193241,15:10:35.863,35.1300,100
54635886355821,15:10:35.886,35.1400,100
54635886355821,15:10:35.886,35.1400,100
54660643862826,15:11:00.643,35.1300,100
54660643862826,15:11:00.643,35.1300,100
54663664031986,15:11:03.664,35.1300,100
54669669203418,15:11:09.669,35.1300,100
54669669340684,15:11:09.669,35.1300,100
54669669387901,15:11:09.669,35.1300,100
54730023444790,15:12:10.023,35.1200,20
54730023444790,15:12:10.023,35.1200,12
54730023444790,15:12:10.023,35.1200,68
54776907442872,15:12:56.907,35.1200,6
54787222277557,15:13:07.222,35.1300,100
54787222287976,15:13:07.222,35.1300,100
54787222287976,15:13:07.222,35.1300,100
54787222287976,15:13:07.222,35.1300,16
54787222287976,15:13:07.222,35.1300,100
54787222287976,15:13:07.222,35.1300,1
54787222287976,15:13:07.222,35.1300,100
54787222295831,15:13:07.222,35.1300,72
54787222306562,15:13:07.222,35.1300,28
54809179828385,15:13:29.179,35.1300,8
54843632651395,15:14:03.632,35.1300,100
54843634349114,15:14:03.634,35.1300,60
54843634349114,15:14:03.634,35.1300,9
54843634668728,15:14:03.634,35.1300,100
54843644358865,15:14:03.644,35.1300,100
54845690923670,15:14:05.690,35.1200,100
54845703625990,15:14:05.703,35.1200,100
54845703625990,15:14:05.703,35.1200,100
54865290511644,15:14:25.290,35.1100,100
54869660824119,15:14:29.660,35.1200,100
54869660824119,15:14:29.660,35.1200,100
54878734939785,15:14:38.734,35.1200,100
54885873545337,15:14:45.873,35.1200,100
54885873552523,15:14:45.873,35.1200,11
54930404958842,15:15:30.404,35.1200,100
54945259114225,15:15:45.259,35.1200,100
54953896743340,15:15:53.896,35.1300,200
54990521367033,15:16:30.521,35.1300,100
54990521437727,15:16:30.521,35.1300,100
54995481376586,15:16:35.481,35.1100,100
54995481376586,15:16:35.481,35.1100,100
54995481870514,15:16:35.481,35.1100,28
54995483060702,15:16:35.483,35.1100,72
54995483098723,15:16:35.483,35.1100,100
54995987723221,15:16:35.987,35.1050,20
54995987723221,15:16:35.987,35.1000,100
54996200668959,15:16:36.200,35.0900,100
54996433729707,15:16:36.433,35.0800,100
54996704806650,15:16:36.704,35.0700,100
55001484730170,15:16:41.484,35.0500,100
55001727800209,15:16:41.727,35.0500,200
55001727800209,15:16:41.727,35.0500,100
55016279645364,15:16:56.279,35.0500,100
55047070545081,15:17:27.070,35.0600,100
55047084341236,15:17:27.084,35.0600,100
55131959057748,15:18:51.959,35.0600,100
55131959057748,15:18:51.959,35.0600,100
55131959058527,15:18:51.959,35.0600,100
55137760446320,15:18:57.760,35.0600,100
55137760446320,15:18:57.760,35.0600,25
55137760446320,15:18:57.760,35.0600,100
55137764289381,15:18:57.764,35.0600,100
55137764289381,15:18:57.764,35.0600,100
55137769241388,15:18:57.769,35.0500,100
55137792657694,15:18:57.792,35.0400,100
55137792657694,15:18:57.792,35.0400,100
55137796531276,15:18:57.796,35.0300,100
55137796531276,15:18:57.796,35.0300,100
55137796531276,15:18:57.796,35.0300,100
55137801873269,15:18:57.801,35.0200,100
55137801873269,15:18:57.801,35.0200,100
55137801873269,15:18:57.801,35.0200,100
55137807797827,15:18:57.807,35.0200,100
55137807797827,15:18:57.807,35.0200,100
55137810172908,15:18:57.810,35.0100,78
55137814837713,15:18:57.814,35.0100,22
55137814837713,15:18:57.814,35.0100,100
55137820014355,15:18:57.820,35.0100,100
55137820014355,15:18:57.820,35.0000,100
55137820014355,15:18:57.820,35.0000,200
55137820014355,15:18:57.820,35.0000,100
55137820021107,15:18:57.820,35.0000,100
55137820021107,15:18:57.820,35.0000,155
55137849352946,15:18:57.849,35.0200,100
55137849352946,15:18:57.849,35.0200,100
55160400091421,15:19:20.400,35.0200,44
55160400091421,15:19:20.400,35.0200,100
55160400122290,15:19:20.400,35.0200,144
55160504110437,15:19:20.504,35.0200,56
55165340655103,15:19:25.340,35.0100,100
55175081084456,15:19:35.081,35.0100,100
55175081399316,15:19:35.081,35.0100,100
55175081399316,15:19:35.081,35.0100,100
55175209176995,15:19:35.209,35.0100,200
55185260788649,15:19:45.260,35.0200,100
55193780031101,15:19:53.780,35.0300,12
55193780057846,15:19:53.780,35.0300,88
55195857076165,15:19:55.857,35.0400,100
55197849919425,15:19:57.849,35.0600,100
55296669008057,15:21:36.669,35.0600,200
55296669008057,15:21:36.669,35.0600,100
55296690046789,15:21:36.690,35.0500,119
55296690046789,15:21:36.690,35.0500,100
55312319418578,15:21:52.319,35.0500,100
55328806220016,15:22:08.806,35.0400,100
55328806220016,15:22:08.806,35.0400,71
55328806310237,15:22:08.806,35.0400,29
55350732456942,15:22:30.732,35.0400,100
55366846484221,15:22:46.846,35.0400,100
55366846484221,15:22:46.846,35.0400,40
55366873236046,15:22:46.873,35.0400,200
55366873236046,15:22:46.873,35.0400,100
55391862725816,15:23:11.862,35.0400,100
55391862725816,15:23:11.862,35.0400,2
55391862991799,15:23:11.862,35.0400,21
55391868206691,15:23:11.868,35.0400,77
55465053200706,15:24:25.053,35.0500,100
55465053200706,15:24:25.053,35.0500,100
55507883564995,15:25:07.883,35.0700,100
55541633674803,15:25:41.633,35.0600,100
55542981807553,15:25:42.981,35.0550,8
55556188636921,15:25:56.188,35.0600,18
55602882817461,15:26:42.882,35.0600,161
55602882817461,15:26:42.882,35.0600,39
55602882878695,15:26:42.882,35.0600,61
55602942976799,15:26:42.942,35.0600,100
55640693818076,15:27:20.693,35.0600,50
55641446330368,15:27:21.446,35.0600,100
55671904568790,15:27:51.904,35.0600,100
55673124359459,15:27:53.124,35.0600,98
55673124381725,15:27:53.124,35.0600,52
55673124381725,15:27:53.124,35.0600,98
55673124418780,15:27:53.124,35.0600,2
55684736336173,15:28:04.736,35.0800,100
55727991280222,15:28:47.991,35.0700,3
55731308599634,15:28:51.308,35.0800,97
55731308599634,15:28:51.308,35.0800,14
55731316681568,15:28:51.316,35.0800,19
55731316681568,15:28:51.316,35.0800,200
55731316681568,15:28:51.316,35.0800,29
55731316698832,15:28:51.316,35.0800,71
55731316698832,15:28:51.316,35.0800,79
55731316745271,15:28:51.316,35.0800,321
55735402819973,15:28:55.402,35.0700,200
55757474964594,15:29:17.474,35.0600,14
55757475002880,15:29:17.475,35.0600,24
55757475040420,15:29:17.475,35.0600,62
55757475040420,15:29:17.475,35.0600,100
55757478766754,15:29:17.478,35.0400,2
55757481435159,15:29:17.481,35.0400,20
55757481467621,15:29:17.481,35.0400,20
55757482349444,15:29:17.482,35.0400,2
55757483311214,15:29:17.483,35.0400,12
55757486692906,15:29:17.486,35.0400,14
55757487122985,15:29:17.487,35.0400,12
55810906860434,15:30:10.906,35.0400,20
55810906860434,15:30:10.906,35.0400,80
55810906979638,15:30:10.906,35.0400,20
55810906979638,15:30:10.906,35.0400,80
55810907065413,15:30:10.907,35.0400,20
55831237766738,15:30:31.237,35.0400,100
55831237766738,15:30:31.237,35.0400,72
55831237766738,15:30:31.237,35.0400,27
55831237782527,15:30:31.237,35.0400,56
55831237785052,15:30:31.237,35.0400,99
55831237799054,15:30:31.237,35.0400,18
55842721258827,15:30:42.721,35.0500,100
55876216572067,15:31:16.216,35.0600,100
55876216821281,15:31:16.216,35.0600,1
55907017663765,15:31:47.017,35.0600,100
55907017742632,15:31:47.017,35.0600,100
55917580465114,15:31:57.580,35.0600,100
55930473402252,15:32:10.473,35.0600,100
55930571622153,15:32:10.571,35.0500,100
55930578890479,15:32:10.578,35.0500,100
55933845655759,15:32:13.845,35.0400,11
55933845780240,15:32:13.845,35.0400,11
55933846115510,15:32:13.846,35.0400,11
55970808800125,15:32:50.808,35.0500,100
56020997575880,15:33:40.997,35.0600,1
56020997575880,15:33:40.997,35.0600,99
56042716892329,15:34:02.716,35.0500,6
56042717063358,15:34:02.717,35.0500,4
56042717090007,15:34:02.717,35.0500,90
56042717090007,15:34:02.717,35.0500,100
56060899232090,15:34:20.899,35.0400,100
56060899232090,15:34:20.899,35.0400,100
56061091177677,15:34:21.091,35.0400,18
56061091177677,15:34:21.091,35.0400,100
56061091177677,15:34:21.091,35.0400,100
56061095481642,15:34:21.095,35.0400,100
56061096568275,15:34:21.096,35.0400,100
56061096568275,15:34:21.096,35.0400,53
56061148761328,15:34:21.148,35.0400,100
56092214029274,15:34:52.214,35.0300,84
56092215534125,15:34:52.215,35.0300,86
56092583082611,15:34:52.583,35.0300,100
56104726676368,15:35:04.726,35.0300,100
56104726702707,15:35:04.726,35.0300,100
56104726702707,15:35:04.726,35.0300,100
56136289585146,15:35:36.289,35.0400,200
56136289585146,15:35:36.289,35.0400,100
56136404317557,15:35:36.404,35.0400,100
56143925131989,15:35:43.925,35.0300,100
56143925188003,15:35:43.925,35.0300,100
56143947196558,15:35:43.947,35.0300,100
56171868100121,15:36:11.868,35.0200,100
56172419321713,15:36:12.419,35.0100,100
56181681570832,15:36:21.681,35.0000,100
56181681570832,15:36:21.681,35.0000,100
56181781402265,15:36:21.781,35.0000,100
56294590269077,15:38:14.590,35.0000,200
56294590296342,15:38:14.590,35.0000,100
56294590296342,15:38:14.590,35.0000,100
56294590447238,15:38:14.590,35.0000,69
56294590472704,15:38:14.590,35.0000,31
56294590628992,15:38:14.590,35.0000,55
56294792181028,15:38:14.792,35.0000,100
56362982712639,15:39:22.982,34.9900,15
56363018448312,15:39:23.018,34.9900,1
56363132355054,15:39:23.132,34.9900,56
56363132355054,15:39:23.132,34.9900,44
56420268409607,15:40:20.268,34.9900,100
56420268409607,15:40:20.268,34.9900,200
56420268409607,15:40:20.268,34.9900,100
56420268409607,15:40:20.268,34.9900,100
56420268409607,15:40:20.268,34.9900,100
56420268455533,15:40:20.268,34.9900,100
56426822218828,15:40:26.822,34.9950,100
56426925015588,15:40:26.925,35.0000,100
56426925041860,15:40:26.925,35.0000,48
56440884403399,15:40:40.884,35.0100,100
56440884403399,15:40:40.884,35.0100,100
56461116885889,15:41:01.116,35.0100,100
56461116885889,15:41:01.116,35.0100,50
56461116896624,15:41:01.116,35.0100,50
56461188655834,15:41:01.188,35.0100,200
56461188693596,15:41:01.188,35.0100,100
56465113452638,15:41:05.113,35.0100,48
56465115357903,15:41:05.115,35.0100,16
56465115474324,15:41:05.115,35.0100,36
56465573660030,15:41:05.573,35.0100,100
56481082670927,15:41:21.082,35.0150,100
56561508653592,15:42:41.508,35.0200,97
56561508816423,15:42:41.508,35.0200,103
56561706205859,15:42:41.706,35.0200,100
56561864709340,15:42:41.864,35.0200,100
56580883734951,15:43:00.883,35.0300,45
56580883734951,15:43:00.883,35.0300,1
56580884518755,15:43:00.884,35.0300,1
56580884557283,15:43:00.884,35.0300,50
56580894823663,15:43:00.894,35.0300,100
56580975649642,15:43:00.975,35.0300,49
56580975649642,15:43:00.975,35.0300,51
56580982867514,15:43:00.982,35.0300,49
56589087138732,15:43:09.087,35.0400,100
56589088621107,15:43:09.088,35.0400,100
56598477946378,15:43:18.477,35.0500,2
56642260758326,15:44:02.260,35.0700,100
56692491455350,15:44:52.491,35.0700,100
56692491685707,15:44:52.491,35.0700,46
56692491703520,15:44:52.491,35.0700,50
56692491798734,15:44:52.491,35.0700,4
56700276066015,15:45:00.276,35.0750,100
56700276066015,15:45:00.276,35.0800,100
56700276066015,15:45:00.276,35.0800,100
56700276066015,15:45:00.276,35.0800,100
56700540707109,15:45:00.540,35.0800,100
56700540707109,15:45:00.540,35.0800,100
56700540707109,15:45:00.540,35.0800,100
56702295860414,15:45:02.295,35.0900,59
56702295893465,15:45:02.295,35.0900,41
56708461968344,15:45:08.461,35.1000,100
56708588779594,15:45:08.588,35.1000,65
56711110530596,15:45:11.110,35.1100,71
56745614359498,15:45:45.614,35.1200,142
56745617627024,15:45:45.617,35.1100,100
56745617627024,15:45:45.617,35.1100,100
56747900050880,15:45:47.900,35.1100,100
56747900050880,15:45:47.900,35.1100,100
56748015159016,15:45:48.015,35.1200,100
56763465109311,15:46:03.465,35.1000,100
56842499906036,15:47:22.499,35.1200,100
56874902994151,15:47:54.902,35.1100,100
56874902994151,15:47:54.902,35.1100,100
56874907856235,15:47:54.907,35.1000,100
56874923808386,15:47:54.923,35.0900,100
56874924034851,15:47:54.924,35.0900,7
56874924036101,15:47:54.924,35.0900,20
56875142546452,15:47:55.142,35.0900,100
56875142546452,15:47:55.142,35.0900,100
56889818453177,15:48:09.818,35.0800,2
56991967273948,15:49:51.967,35.0800,100
56991975167207,15:49:51.975,35.0800,100
57001730293248,15:50:01.730,35.0800,100
57021102407708,15:50:21.102,35.0900,100
57021106211223,15:50:21.106,35.0900,100
57047900026983,15:50:47.900,35.0850,17
57065030150654,15:51:05.030,35.0850,2
57066161188604,15:51:06.161,35.0900,1
57066161188604,15:51:06.161,35.0900,99
57066165954178,15:51:06.165,35.0900,100
57066168240447,15:51:06.168,35.0900,1
57066168240447,15:51:06.168,35.0900,99
57076403367771,15:51:16.403,35.1000,100
57084110099888,15:51:24.110,35.1100,100
57102349136093,15:51:42.349,35.1100,100
57121554737486,15:52:01.554,35.1100,100
57121986620830,15:52:01.986,35.1200,7
57121986626997,15:52:01.986,35.1200,93
57126604876258,15:52:06.604,35.1200,100
57127124270300,15:52:07.124,35.1200,100
57131651759642,15:52:11.651,35.1200,100
57135003513011,15:52:15.003,35.1200,100
57137616534850,15:52:17.616,35.1300,100
57168505036327,15:52:48.505,35.1100,100
57168505036327,15:52:48.505,35.1100,100
57168726609646,15:52:48.726,35.1000,100
57168726609646,15:52:48.726,35.1000,100
57168726609646,15:52:48.726,35.1000,100
57169039339679,15:52:49.039,35.0900,100
57170148008665,15:52:50.148,35.0900,100
57170148008665,15:52:50.148,35.0900,100
57170216856971,15:52:50.216,35.0900,150
57181309506702,15:53:01.309,35.0900,100
57217256420294,15:53:37.256,35.1000,100
57221214772475,15:53:41.214,35.1000,100
57221220083979,15:53:41.220,35.1000,100
57227150149546,15:53:47.150,35.1000,100
57231913067266,15:53:51.913,35.1000,8
57231913067266,15:53:51.913,35.1000,100
57241250564504,15:54:01.250,35.1100,100
57248971844893,15:54:08.971,35.1200,37
57268814388129,15:54:28.814,35.1200,100
57268814388129,15:54:28.814,35.1200,100
57269212640904,15:54:29.212,35.1200,200
57269212640904,15:54:29.212,35.1200,100
57283463097362,15:54:43.463,35.1000,100
57283463553148,15:54:43.463,35.1000,100
57283463553148,15:54:43.463,35.1000,100
57301004598644,15:55:01.004,35.1000,63
57301004629454,15:55:01.004,35.1000,37
57301004629454,15:55:01.004,35.1000,1
57310139463775,15:55:10.139,35.1100,100
57336933063947,15:55:36.933,35.1200,1
57336933063947,15:55:36.933,35.1200,99
57350392417295,15:55:50.392,35.1200,1
57350392417295,15:55:50.392,35.1200,100
57350392417295,15:55:50.392,35.1200,56
57350392734857,15:55:50.392,35.1200,44
57360205679003,15:56:00.205,35.1200,200
57360876292187,15:56:00.876,35.1200,2
57370178951870,15:56:10.178,35.1300,100
57375145028108,15:56:15.145,35.1300,100
57378451699493,15:56:18.451,35.1200,100
57378452968101,15:56:18.452,35.1100,100
57378452968101,15:56:18.452,35.1100,100
57378452968101,15:56:18.452,35.1100,45
57378453173308,15:56:18.453,35.1200,100
57378453444315,15:56:18.453,35.1100,55
57378453444315,15:56:18.453,35.1100,45
57378453658844,15:56:18.453,35.1100,82
57378467111071,15:56:18.467,35.1200,50
57378627943735,15:56:18.627,35.1300,100
57379029942624,15:56:19.029,35.1250,2
57379030055171,15:56:19.030,35.1250,2
57380214892443,15:56:20.214,35.1300,100
57395169637595,15:56:35.169,35.1400,100
57395833393132,15:56:35.833,35.1450,100
57396813685483,15:56:36.813,35.1500,100
57440710162807,15:57:20.710,35.1400,100
57440710162807,15:57:20.710,35.1400,69
57440710294341,15:57:20.710,35.1400,31
57440710294341,15:57:20.710,35.1400,100
57441525317602,15:57:21.525,35.1400,100
57448229230255,15:57:28.229,35.1400,100
57448509854517,15:57:28.509,35.1300,100
57450702550428,15:57:30.702,35.1400,100
57452021345029,15:57:32.021,35.1300,98
57452021466111,15:57:32.021,35.1300,2
57452154401660,15:57:32.154,35.1200,100
57452190888389,15:57:32.190,35.1200,100
57458184022831,15:57:38.184,35.1200,13
57465692239111,15:57:45.692,35.1100,100
57469100113417,15:57:49.100,35.1100,100
57469208232310,15:57:49.208,35.1100,100
57469214366193,15:57:49.214,35.1100,100
57482944940379,15:58:02.944,35.1100,100
57482945424143,15:58:02.945,35.1100,200
57487101040340,15:58:07.101,35.1200,100
57487101040340,15:58:07.101,35.1200,100
57490127774849,15:58:10.127,35.1300,100
57540787551166,15:59:00.787,35.1350,100
57541714062657,15:59:01.714,35.1350,100
57541714062657,15:59:01.714,35.1300,200
57541715413086,15:59:01.715,35.1300,58
57541715468203,15:59:01.715,35.1300,42
57541786268120,15:59:01.786,35.1300,58
57541787268385,15:59:01.787,35.1300,58
57542798783333,15:59:02.798,35.1400,100
57543253158598,15:59:03.253,35.1400,100
57545042919637,15:59:05.042,35.1400,200
57545051541687,15:59:05.051,35.1400,100
57547381777995,15:59:07.381,35.1300,150
57550011076953,15:59:10.011,35.1300,100
57550128706125,15:59:10.128,35.1300,100
57550169195146,15:59:10.169,35.1300,200
57552134614176,15:59:12.134,35.1200,100
57552134647059,15:59:12.134,35.1200,100
57552139940047,15:59:12.139,35.1100,100
57568081378269,15:59:28.081,35.1400,100
57568081906197,15:59:28.081,35.1400,37
57568082338243,15:59:28.082,35.1400,63
57571887159603,15:59:31.887,35.1500,5
57572437993347,15:59:32.437,35.1450,100
57574357985166,15:59:34.357,35.1400,1
57575013243042,15:59:35.013,35.1450,10
57575018791309,15:59:35.018,35.1450,5
57575041155539,15:59:35.041,35.1450,18
57575045156779,15:59:35.045,35.1450,12
57576117759825,15:59:36.117,35.1450,9
57580362262723,15:59:40.362,35.1450,2
57580426682723,15:59:40.426,35.1450,2
57581041607964,15:59:41.041,35.1500,200
57581041607964,15:59:41.041,35.1500,100
57581041607964,15:59:41.041,35.1500,7
57582705692596,15:59:42.705,35.1500,7
57582722781733,15:59:42.722,35.1500,5
57582843870301,15:59:42.843,35.1500,28
57583094511387,15:59:43.094,35.1500,2
57583109146849,15:59:43.109,35.1500,2
57586980795289,15:59:46.980,35.1550,3
57587131677994,15:59:47.131,35.1550,97
57587916905159,15:59:47.916,35.1550,100
57589609824286,15:59:49.609,35.1600,8
57589609824286,15:59:49.609,35.1600,100
57590762066295,15:59:50.762,35.1600,95
57590762066295,15:59:50.762,35.1600,100
57590762066295,15:59:50.762,35.1600,5
57590951430235,15:59:50.951,35.1700,100
57590951430235,15:59:50.951,35.1700,100
57593250161804,15:59:53.250,35.1700,100
57595025964148,15:59:55.025,35.1800,100
57595026495518,15:59:55.026,35.1800,100
57595026495518,15:59:55.026,35.1800,100
57595105335170,15:59:55.105,35.1900,100
57600279944211,16:00:00.279,0.0000,0
