timestamp,time,price,volume
34200727483755,09:30:00.727,0.0000,0
34643884142159,09:37:23.884,27.5400,2
34675946552537,09:37:55.946,27.4600,100
34770442197180,09:39:30.442,27.5400,39
34818678216312,09:40:18.678,27.4700,100
34818678216312,09:40:18.678,27.4600,100
34818679436814,09:40:18.679,27.4600,103
34818679436814,09:40:18.679,27.4600,100
34818680547574,09:40:18.680,27.4500,18
35116335947874,09:45:16.335,27.3700,45
35116335947874,09:45:16.335,27.3800,100
35116335947874,09:45:16.335,27.3800,6
35294180914789,09:48:14.180,27.3500,3
35315257924209,09:48:35.257,27.3600,100
35363164474471,09:49:23.164,27.4000,95
35426984572310,09:50:26.984,27.4000,5
35443699115037,09:50:43.699,27.4400,100
35505376710226,09:51:45.376,27.4400,100
35597673773371,09:53:17.673,27.4300,2
35694122505831,09:54:54.122,27.3800,100
35875297223098,09:57:55.297,27.4000,3
35876260468717,09:57:56.260,27.4000,54
35952378158758,09:59:12.378,27.4400,95
36096475643865,10:01:36.475,27.4300,100
36105382273220,10:01:45.382,27.4300,100
36130129940547,10:02:10.129,27.4300,100
36192247530421,10:03:12.247,27.4300,3
36355178860581,10:05:55.178,27.3800,13
36355178860581,10:05:55.178,27.3800,100
36355197392448,10:05:55.197,27.3800,100
36419270890673,10:06:59.270,27.4000,22
36419271001016,10:06:59.271,27.4000,25
36419271001016,10:06:59.271,27.4000,100
36419380470161,10:06:59.380,27.4200,6
36419381293898,10:06:59.381,27.4300,94
36487891319377,10:08:07.891,27.4000,3
36672965969211,10:11:12.965,27.4100,100
36680008622203,10:11:20.008,27.4400,100
36680383981157,10:11:20.383,27.4500,100
36760069749232,10:12:40.069,27.4900,7
36803595052991,10:13:23.595,27.5000,3
36807474431870,10:13:27.474,27.5000,51
36846968618915,10:14:06.968,27.5100,5
36846970478088,10:14:06.970,27.5100,100
36846972458284,10:14:06.972,27.4900,100
36849699996185,10:14:09.699,27.5100,100
37120133667753,10:18:40.133,27.5100,3
37124128656977,10:18:44.128,27.4900,100
37124128656977,10:18:44.128,27.4900,100
37127971017722,10:18:47.971,27.4800,100
37127971017722,10:18:47.971,27.4800,100
37133343604170,10:18:53.343,27.5100,97
37133343604170,10:18:53.343,27.5100,3
37225794188130,10:20:25.794,27.5200,5
37225796324002,10:20:25.796,27.5200,2
37225796388300,10:20:25.796,27.5200,1
37225796554025,10:20:25.796,27.5200,1
37229396765875,10:20:29.396,27.5200,1
37229396765875,10:20:29.396,27.5200,100
37230384911711,10:20:30.384,27.5400,100
37393743435426,10:23:13.743,27.6000,3
37693769276694,10:28:13.769,27.6500,2
37725410263063,10:28:45.410,27.6500,100
37750399547330,10:29:10.399,27.6600,9
37826585260282,10:30:26.585,27.6700,100
37853445885826,10:30:53.445,27.6700,100
38019329341787,10:33:39.329,27.7300,3
38076112841551,10:34:36.112,27.7000,26
38280225429304,10:38:00.225,27.7500,3
38325148208509,10:38:45.148,27.7500,97
38449528168893,10:40:49.528,27.7300,100
38449528168893,10:40:49.528,27.7300,1
38449528174960,10:40:49.528,27.7300,44
38449528187142,10:40:49.528,27.7300,45
38449528395971,10:40:49.528,27.7300,110
38449532106665,10:40:49.532,27.7200,100
38449547023677,10:40:49.547,27.7200,100
38450530669535,10:40:50.530,27.7200,100
38453541580190,10:40:53.541,27.7400,100
38453541580190,10:40:53.541,27.7400,100
38627142954731,10:43:47.142,27.7300,100
38661130224415,10:44:21.130,27.7400,5
38727153551318,10:45:27.153,27.7400,100
38791166027533,10:46:31.166,27.7500,100
38902143032721,10:48:22.143,27.7300,3
39202989624199,10:53:22.989,27.7300,3
39296948236990,10:54:56.948,27.7200,100
39302109808101,10:55:02.109,27.7100,100
39307969648814,10:55:07.969,27.7000,100
39335545179984,10:55:35.545,27.7000,100
39504300916603,10:58:24.300,27.7000,3
39582168222937,10:59:42.168,27.7000,79
39582168228601,10:59:42.168,27.7000,18
39582168228601,10:59:42.168,27.7000,5
39665054160221,11:01:05.054,27.7400,100
39709381118857,11:01:49.381,27.7600,3
39738171005589,11:02:18.171,27.7600,29
39797707728184,11:03:17.707,27.7700,2
39809290656919,11:03:29.290,27.7700,77
39892753618362,11:04:52.753,27.7700,28
39898099315018,11:04:58.099,27.7700,100
39898099315018,11:04:58.099,27.7700,100
39898099315018,11:04:58.099,27.7700,100
39898102873211,11:04:58.102,27.7600,100
39898109714042,11:04:58.109,27.7600,100
39901255919192,11:05:01.255,27.7800,5
39901257204709,11:05:01.257,27.7900,100
39901258897321,11:05:01.258,27.7900,100
39980158503141,11:06:20.158,27.8000,100
40071144958646,11:07:51.144,27.8000,11
40071195959913,11:07:51.195,27.8200,1
40099391375274,11:08:19.391,27.8200,3
40111339026562,11:08:31.339,27.8300,5
40325636422925,11:12:05.636,27.8400,5
40491708978783,11:14:51.708,27.8300,1
40491708978783,11:14:51.708,27.8300,2
40491708978783,11:14:51.708,27.8300,2
40491709150735,11:14:51.709,27.8300,100
40558577802442,11:15:58.577,27.8200,1
40558577802442,11:15:58.577,27.8200,1
40558577802442,11:15:58.577,27.8200,198
40558578004898,11:15:58.578,27.8200,2
40637159465324,11:17:17.159,27.8100,1
40637159465324,11:17:17.159,27.8100,1
40637159671420,11:17:17.159,27.8000,100
40637159671420,11:17:17.159,27.8000,38
40637163618733,11:17:17.163,27.8000,62
40642425016123,11:17:22.425,27.7900,100
40694431534752,11:18:14.431,27.8000,3
40770010725905,11:19:30.010,27.7700,1
40930198281537,11:22:10.198,27.7500,1
40930198281537,11:22:10.198,27.7500,1
40930198281537,11:22:10.198,27.7500,100
40930199846529,11:22:10.199,27.7400,1
40997687776704,11:23:17.687,27.7600,3
41092163632494,11:24:52.163,27.7500,95
41094176754937,11:24:54.176,27.7500,5
41295287076874,11:28:15.287,27.7600,3
41364234651981,11:29:24.234,27.7400,100
41364234651981,11:29:24.234,27.7400,1
41364234651981,11:29:24.234,27.7400,1
41490613580484,11:31:30.613,27.7600,5
41490613580484,11:31:30.613,27.7600,31
41490613580484,11:31:30.613,27.7600,3
41497607148389,11:31:37.607,27.8000,55
41617622679578,11:33:37.622,27.8500,200
41617622679578,11:33:37.622,27.8500,100
41617622808442,11:33:37.622,27.8500,46
41618715823371,11:33:38.715,27.8600,100
41621298840463,11:33:41.298,27.8500,10
41621824363594,11:33:41.824,27.8500,80
41801165638869,11:36:41.165,27.8700,1
41801165638869,11:36:41.165,27.8700,100
41801165638869,11:36:41.165,27.8700,8
41801165638869,11:36:41.165,27.8700,10
41801165638869,11:36:41.165,27.8700,2
41801167641098,11:36:41.167,27.8600,1
41883963743216,11:38:03.963,27.8700,2
42130075239527,11:42:10.075,27.8600,200
42359090056208,11:45:59.090,27.9100,1
42359592439746,11:45:59.592,27.8900,100
42365678623707,11:46:05.678,27.9100,100
42409164717763,11:46:49.164,27.9300,3
42553610176896,11:49:13.610,27.9400,3
42553610627292,11:49:13.610,27.9300,13
42673303433357,11:51:13.303,27.9500,3
43030331626870,11:57:10.331,28.0000,100
43052210950529,11:57:32.210,27.9900,100
43052210950529,11:57:32.210,27.9900,100
43229732873126,12:00:29.732,28.0100,1
43253824447999,12:00:53.824,28.0100,1
43379703174483,12:02:59.703,28.0100,37
43379703247656,12:02:59.703,28.0100,61
43379703247656,12:02:59.703,28.0100,100
43410202173782,12:03:30.202,28.0200,3
43417759093716,12:03:37.759,28.0100,2
43417759093716,12:03:37.759,28.0100,100
43417761473400,12:03:37.761,28.0100,1
43417763146044,12:03:37.763,28.0100,100
43417888233220,12:03:37.888,28.0000,1
43417888233220,12:03:37.888,28.0000,100
43417888233220,12:03:37.888,28.0000,99
43417888674947,12:03:37.888,28.0000,1
43417920860759,12:03:37.920,27.9900,100
43657983463364,12:07:37.983,28.0100,96
43705765854046,12:08:25.765,28.0200,3
43722443187012,12:08:42.443,28.0200,97
43805051067094,12:10:05.051,28.0400,99
43844073089121,12:10:44.073,28.0200,11
43844073089121,12:10:44.073,28.0200,1
43855187872173,12:10:55.187,28.0200,1
43855187872173,12:10:55.187,28.0200,1
43969428669751,12:12:49.428,28.0000,1
43969428669751,12:12:49.428,28.0000,100
43969428669751,12:12:49.428,28.0000,1
43970319734182,12:12:50.319,28.0000,1
43975020707845,12:12:55.020,28.0000,100
44335081827685,12:18:55.081,28.0000,1
44335081827685,12:18:55.081,28.0000,1
44335081827685,12:18:55.081,28.0000,66
44335082875687,12:18:55.082,28.0000,34
44453245907672,12:20:53.245,28.0300,100
44453247829980,12:20:53.247,28.0400,100
44454461118505,12:20:54.461,28.0400,100
44456735064905,12:20:56.735,28.0400,100
44492343099899,12:21:32.343,28.0300,1
44492343099899,12:21:32.343,28.0300,100
44541174010238,12:22:21.174,28.0500,100
44541177384807,12:22:21.177,28.0400,100
44541177384807,12:22:21.177,28.0400,10
44541179258910,12:22:21.179,28.0300,100
44587103178811,12:23:07.103,28.0400,3
44635097545516,12:23:55.097,28.0200,42
44635097634849,12:23:55.097,28.0200,58
44635097634849,12:23:55.097,28.0200,1
44635097634849,12:23:55.097,28.0200,1
44635128804652,12:23:55.128,28.0100,100
44884231981987,12:28:04.231,27.9900,100
44885480757245,12:28:05.480,27.9900,1
44885558845860,12:28:05.558,27.9800,31
45036257417428,12:30:36.257,27.9600,40
45036257429175,12:30:36.257,27.9600,60
45036257429175,12:30:36.257,27.9600,1
45145808217873,12:32:25.808,27.9400,1
45190101929113,12:33:10.101,27.9400,100
45191210588325,12:33:11.210,27.9500,1
45208419961539,12:33:28.419,27.9700,3
45253307461667,12:34:13.307,27.9500,10
45253307461667,12:34:13.307,27.9500,90
45253307543560,12:34:13.307,27.9500,10
45253307543560,12:34:13.307,27.9500,1
45253307543560,12:34:13.307,27.9500,100
45253310630608,12:34:13.310,27.9400,2
45520777931289,12:38:40.777,27.9600,3
45534399856906,12:38:54.399,27.9400,67
45534400384795,12:38:54.400,27.9400,33
45646051259870,12:40:46.051,27.9400,200
45710919329706,12:41:50.919,27.9500,100
45781756992488,12:43:01.756,27.9700,3
45934928687179,12:45:34.928,27.9800,1
45954635777854,12:45:54.635,27.9700,1
45954635777854,12:45:54.635,27.9700,135
45954636005165,12:45:54.636,27.9700,265
45954636005165,12:45:54.636,27.9700,35
45954636778657,12:45:54.636,27.9700,165
45954636778657,12:45:54.636,27.9700,100
45969349428979,12:46:09.349,27.9600,1
46015479208830,12:46:55.479,27.9500,11
46044718551141,12:47:24.718,27.9600,100
46044718551141,12:47:24.718,27.9600,14
46092307622862,12:48:12.307,27.9800,3
46232170218947,12:50:32.170,27.9800,57
46232170295190,12:50:32.170,27.9800,43
46244499621187,12:50:44.499,27.9900,100
46395598346595,12:53:15.598,28.0000,2
46500022058820,12:55:00.022,27.9900,1
46506962173650,12:55:06.962,27.9900,1
46524802112227,12:55:24.802,27.9800,40
46524802175647,12:55:24.802,27.9800,60
46560009612133,12:56:00.009,27.9800,100
46560033524691,12:56:00.033,27.9700,1
46624851598936,12:57:04.851,27.9600,100
46677675993459,12:57:57.675,27.9700,3
46717946580020,12:58:37.946,27.9700,97
46727916905962,12:58:47.916,27.9800,100
46727916959413,12:58:47.916,27.9800,100
46727916959413,12:58:47.916,27.9800,12
46898397946960,13:01:38.397,28.0100,4
47005995890045,13:03:25.995,28.0400,3
47270242093930,13:07:50.242,28.0500,100
47286772607529,13:08:06.772,28.0500,3
47311255529009,13:08:31.255,28.0500,79
47341278686677,13:09:01.278,28.0500,29
47372371139005,13:09:32.371,28.0400,1
47374091211827,13:09:34.091,28.0400,2
47374094173681,13:09:34.094,28.0300,100
47374094238212,13:09:34.094,28.0300,1
47450058763187,13:10:50.058,28.0300,100
47452354737269,13:10:52.354,28.0300,100
47585681219001,13:13:05.681,28.0300,1
47585681219001,13:13:05.681,28.0300,1
47585681219001,13:13:05.681,28.0300,100
47909559307503,13:18:29.559,27.9900,3
48094438342724,13:21:34.438,27.9700,1
48094438342724,13:21:34.438,27.9700,1
48094438342724,13:21:34.438,27.9700,100
48094438342724,13:21:34.438,27.9700,100
48136115651705,13:22:16.115,27.9600,50
48142737690344,13:22:22.737,27.9600,2
48157901327479,13:22:37.901,27.9600,1
48245300197227,13:24:05.300,27.9600,12
48245300388694,13:24:05.300,27.9600,100
48245304749522,13:24:05.304,27.9700,100
48465465030015,13:27:45.465,27.9600,100
48818143844786,13:33:38.143,27.9200,13
48818147678254,13:33:38.147,27.9100,100
49093474926141,13:38:13.474,27.9100,3
49167447796271,13:39:27.447,27.9000,1
49167447796271,13:39:27.447,27.9000,100
49167507088339,13:39:27.507,27.9000,1
49396442124344,13:43:16.442,27.9000,3
49440313418313,13:44:00.313,27.9000,1
49572836587348,13:46:12.836,27.9000,96
49572836587348,13:46:12.836,27.9000,4
49572836627793,13:46:12.836,27.9000,2
49572837621191,13:46:12.837,27.9000,200
49572837645342,13:46:12.837,27.9000,100
49572837645342,13:46:12.837,27.9000,100
49577722815144,13:46:17.722,27.9000,1
49577722815144,13:46:17.722,27.9000,99
49579675888315,13:46:19.675,27.9000,1
49579675888315,13:46:19.675,27.9000,100
49593465662840,13:46:33.465,27.8800,1
49690794014426,13:48:10.794,27.8700,200
49690794014426,13:48:10.794,27.8700,100
49690931151468,13:48:10.931,27.8700,1
49694130947753,13:48:14.130,27.8700,3
49701318447494,13:48:21.318,27.8600,100
49854186132576,13:50:54.186,27.8400,1
49854186132576,13:50:54.186,27.8400,18
49857162830660,13:50:57.162,27.8500,100
49857162830660,13:50:57.162,27.8500,100
49857162830660,13:50:57.162,27.8500,100
49874014039033,13:51:14.014,27.8600,100
49936157170692,13:52:16.157,27.8600,1
49936157170692,13:52:16.157,27.8600,69
49936157544039,13:52:16.157,27.8600,31
49984030404387,13:53:04.030,27.8600,14
49995351683119,13:53:15.351,27.8700,100
49995351683119,13:53:15.351,27.8700,100
49998852221731,13:53:18.852,27.8700,3
50006509798189,13:53:26.509,27.8700,197
50006509798189,13:53:26.509,27.8700,100
50147256362658,13:55:47.256,27.8800,100
50155042014145,13:55:55.042,27.8700,100
50155042014145,13:55:55.042,27.8700,100
50155042014145,13:55:55.042,27.8700,100
50155042014145,13:55:55.042,27.8700,1
50155060541523,13:55:55.060,27.8600,1
50155098183362,13:55:55.098,27.8600,1
50286865348251,13:58:06.865,27.8700,3
50364248696868,13:59:24.248,27.8600,34
50401303401802,14:00:01.303,27.8700,1
50416215691629,14:00:16.215,27.8800,100
50416215745016,14:00:16.215,27.8900,81
50416215748079,14:00:16.215,27.8900,52
50416215758343,14:00:16.215,27.8900,53
50416580856820,14:00:16.580,27.8800,100
50416582619287,14:00:16.582,27.8800,100
50417599846007,14:00:17.599,27.8700,100
50608823710142,14:03:28.823,27.8900,14
50613166963751,14:03:33.166,27.8900,100
50643013170928,14:04:03.013,27.9000,1
50686520500847,14:04:46.520,27.9500,14
50705257703710,14:05:05.257,27.9600,6
50763317160354,14:06:03.317,27.9900,1
50818024538241,14:06:58.024,28.0000,1
50879933087822,14:07:59.933,28.0000,100
50879933087822,14:07:59.933,28.0000,100
50879933087822,14:07:59.933,28.0000,100
50879933087822,14:07:59.933,28.0000,100
50879984344457,14:07:59.984,27.9900,53
50916577354090,14:08:36.577,28.0000,7
50921830157230,14:08:41.830,28.0000,93
50977215580303,14:09:37.215,27.9900,1
50977215580303,14:09:37.215,27.9900,59
50977216260876,14:09:37.216,27.9900,31
50996662490730,14:09:56.662,27.9800,100
51045407492434,14:10:45.407,27.9800,200
51045407492434,14:10:45.407,27.9800,100
51071249135173,14:11:11.249,28.0300,100
51071249199094,14:11:11.249,28.0300,100
51082726173035,14:11:22.726,28.0400,100
51082726173035,14:11:22.726,28.0400,100
51088933877901,14:11:28.933,28.0500,100
51088934528491,14:11:28.934,28.0500,100
51092917347770,14:11:32.917,28.0400,1
51275810387187,14:14:35.810,28.1500,100
51330831616449,14:15:30.831,28.1300,1
51330831616449,14:15:30.831,28.1300,100
51330831616449,14:15:30.831,28.1300,100
51334212957738,14:15:34.212,28.1300,1
51429665229480,14:17:09.665,28.1600,14
51474425907407,14:17:54.425,28.1500,58
51474425914518,14:17:54.425,28.1500,42
51474738388299,14:17:54.738,28.1500,1
51475298523635,14:17:55.298,28.1400,1
51475298523635,14:17:55.298,28.1400,1
51479735143202,14:17:59.735,28.1500,1
51497901130820,14:18:17.901,28.1500,98
51498328321854,14:18:18.328,28.1500,1
51525298560631,14:18:45.298,28.1300,100
51525298560631,14:18:45.298,28.1300,100
51637486769840,14:20:37.486,28.1300,1
51637486769840,14:20:37.486,28.1300,1
51637488340705,14:20:37.488,28.1200,100
51750761227711,14:22:30.761,28.1600,50
51785176467643,14:23:05.176,28.1900,100
51865170106186,14:24:25.170,28.2000,1
51865172441104,14:24:25.172,28.1900,1
51865172441104,14:24:25.172,28.1900,199
51865172664378,14:24:25.172,28.1900,1
51892739427343,14:24:52.739,28.1900,1
51892739427343,14:24:52.739,28.1900,99
51900746706202,14:25:00.746,28.1900,1
51947942452132,14:25:47.942,28.2100,1
51947942542940,14:25:47.942,28.2100,99
52068196739602,14:27:48.196,28.2000,1
52068196739602,14:27:48.196,28.2000,100
52068196739602,14:27:48.196,28.2000,105
52068197209882,14:27:48.197,28.2000,95
52068197209882,14:27:48.197,28.2000,1
52068197209882,14:27:48.197,28.2000,100
52117091363991,14:28:37.091,28.1900,100
52117091363991,14:28:37.091,28.1900,100
52330667290103,14:32:10.667,28.2100,100
52330667290103,14:32:10.667,28.2100,1
52330670313443,14:32:10.670,28.2000,1
52333524226007,14:32:13.524,28.1900,100
52333524226007,14:32:13.524,28.1900,100
52333525592871,14:32:13.525,28.1800,100
52496842350692,14:34:56.842,28.2200,100
52496842448003,14:34:56.842,28.2200,35
52505742750010,14:35:05.742,28.2200,2
52564373808907,14:36:04.373,28.2200,98
52564373808907,14:36:04.373,28.2200,69
52564373809702,14:36:04.373,28.2200,131
52564373809702,14:36:04.373,28.2200,69
52564373828101,14:36:04.373,28.2200,31
52564373828101,14:36:04.373,28.2200,100
52564373828101,14:36:04.373,28.2200,1
52564404278091,14:36:04.404,28.2100,1
52579059935950,14:36:19.059,28.2100,100
52579059935950,14:36:19.059,28.2100,100
52579062569773,14:36:19.062,28.2100,100
52644119291164,14:37:24.119,28.2300,100
52685267097599,14:38:05.267,28.2400,100
52688473361622,14:38:08.473,28.2600,100
52688473361622,14:38:08.473,28.2600,100
52689310983782,14:38:09.310,28.2500,2
52689310983782,14:38:09.310,28.2500,98
52690282590517,14:38:10.282,28.2500,2
52690282590517,14:38:10.282,28.2500,1
52690282590517,14:38:10.282,28.2500,1
52690282590517,14:38:10.282,28.2500,100
52690432419673,14:38:10.432,28.2500,82
52701496645868,14:38:21.496,28.2500,31
52703972553483,14:38:23.972,28.2500,165
52709732131085,14:38:29.732,28.2500,100
52709744016898,14:38:29.744,28.2400,10
52730839867707,14:38:50.839,28.2600,2
52730839903739,14:38:50.839,28.2600,98
52730839903739,14:38:50.839,28.2600,2
52730839906537,14:38:50.839,28.2600,54
52730839910368,14:38:50.839,28.2600,44
52769377375757,14:39:29.377,28.2400,1
52769377375757,14:39:29.377,28.2400,100
52769384775034,14:39:29.384,28.2400,1
52804543021203,14:40:04.543,28.2400,100
52807237853149,14:40:07.237,28.2200,1
52807534255716,14:40:07.534,28.2200,74
52895939893121,14:41:35.939,28.2100,1
52895939893121,14:41:35.939,28.2100,51
52919978071024,14:41:59.978,28.2200,100
52919978071024,14:41:59.978,28.2200,1
52919978071024,14:41:59.978,28.2200,99
52938947337893,14:42:18.947,28.2200,1
52971489616219,14:42:51.489,28.2600,50
52995046047946,14:43:15.046,28.2400,2
52995331419036,14:43:15.331,28.2400,1
53078421052357,14:44:38.421,28.2500,8
53078421052357,14:44:38.421,28.2600,16
53091431565114,14:44:51.431,28.2700,100
53188335663037,14:46:28.335,28.2800,100
53189255673221,14:46:29.255,28.2900,100
53216220093896,14:46:56.220,28.3200,100
53298177301153,14:48:18.177,28.3200,3
53298563996423,14:48:18.563,28.3100,24
53298564133082,14:48:18.564,28.3100,76
53298564133082,14:48:18.564,28.3100,100
53298564133082,14:48:18.564,28.3100,1
53298565168453,14:48:18.565,28.3000,1
53321791064220,14:48:41.791,28.2900,2
53465279132602,14:51:05.279,28.2500,62
53465279135329,14:51:05.279,28.2500,38
53509803515801,14:51:49.803,28.2400,100
53509803515801,14:51:49.803,28.2400,100
53509805569555,14:51:49.805,28.2500,5
53556034790825,14:52:36.034,28.3200,100
53680339297946,14:54:40.339,28.3400,1
53680339839748,14:54:40.339,28.3300,1
53681490487818,14:54:41.490,28.3300,100
53766210096795,14:56:06.210,28.3800,37
53802171804525,14:56:42.171,28.3700,100
53832721329290,14:57:12.721,28.3600,40
53832721332910,14:57:12.721,28.3600,60
53901907998591,14:58:21.907,28.3800,3
53972632736505,14:59:32.632,28.3600,100
53972632736505,14:59:32.632,28.3600,100
54198734904482,15:03:18.734,28.3200,3
54306717599488,15:05:06.717,28.3100,1
54320262757177,15:05:20.262,28.3100,99
54320262757177,15:05:20.262,28.3100,21
54320262767194,15:05:20.262,28.3100,55
54320262770476,15:05:20.262,28.3100,24
54320262770476,15:05:20.262,28.3100,31
54355027136453,15:05:55.027,28.3000,1
54355027136453,15:05:55.027,28.3000,99
54431250571083,15:07:11.250,28.3000,101
54431250571083,15:07:11.250,28.3000,100
54431250571083,15:07:11.250,28.3000,1
54431250571083,15:07:11.250,28.3000,100
54431252205233,15:07:11.252,28.2900,45
54431253455675,15:07:11.253,28.2900,55
54437038849082,15:07:17.038,28.2800,1
54440113050419,15:07:20.113,28.2400,100
54440233855739,15:07:20.233,28.2400,100
54494304481512,15:08:14.304,28.2700,100
54494304481512,15:08:14.304,28.2700,100
54508229036657,15:08:28.229,28.3100,2
54545653276294,15:09:05.653,28.2800,100
54622271018741,15:10:22.271,28.2500,100
54739833987892,15:12:19.833,28.2300,100
54877158909508,15:14:37.158,28.2400,100
54883612107036,15:14:43.612,28.2400,4
54883612170157,15:14:43.612,28.2400,96
54883612170157,15:14:43.612,28.2400,100
54883919828546,15:14:43.919,28.2400,100
54885629818897,15:14:45.629,28.2400,1
54894645669142,15:14:54.645,28.2400,199
54894646220527,15:14:54.646,28.2400,1
54894646220527,15:14:54.646,28.2400,99
54894879537054,15:14:54.879,28.2500,1
55081287401927,15:18:01.287,28.2300,27
55095055632480,15:18:15.055,28.2300,73
55095055632480,15:18:15.055,28.2300,77
55095056119433,15:18:15.056,28.2300,23
55095057616033,15:18:15.057,28.2300,86
55100560099114,15:18:20.560,28.2300,100
55100560099114,15:18:20.560,28.2300,100
55100561298118,15:18:20.561,28.2400,100
55181866928572,15:19:41.866,28.2500,100
55201618204041,15:20:01.618,28.2600,100
55201618204041,15:20:01.618,28.2600,100
55201618204041,15:20:01.618,28.2600,100
55201618316470,15:20:01.618,28.2600,100
55201619167414,15:20:01.619,28.2600,100
55201619918845,15:20:01.619,28.2600,100
55201619918845,15:20:01.619,28.2600,200
55235267028996,15:20:35.267,28.2800,100
55237166039633,15:20:37.166,28.2700,100
55237166039633,15:20:37.166,28.2700,100
55243827936059,15:20:43.827,28.2700,1
55243828550337,15:20:43.828,28.2600,1
55343697960008,15:22:23.697,28.2300,31
55392821499036,15:23:12.821,28.2300,3
55676476509904,15:27:56.476,28.2200,68
55676476530073,15:27:56.476,28.2200,32
55676476530073,15:27:56.476,28.2200,23
55676476532945,15:27:56.476,28.2200,55
55676980757333,15:27:56.980,28.2200,22
55676980757333,15:27:56.980,28.2200,100
55676980757333,15:27:56.980,28.2200,100
55676980757333,15:27:56.980,28.2200,100
55676980757333,15:27:56.980,28.2200,78
55676983546997,15:27:56.983,28.2200,22
55676983546997,15:27:56.983,28.2200,78
55676984621104,15:27:56.984,28.2200,22
55676984776324,15:27:56.984,28.2200,100
55678613751325,15:27:58.613,28.2200,100
55678614168581,15:27:58.614,28.2200,1
55678614168581,15:27:58.614,28.2200,1
55678615070275,15:27:58.615,28.2100,1
55678615070275,15:27:58.615,28.2100,1
55678615070275,15:27:58.615,28.2100,100
55718185619832,15:28:38.185,28.2300,28
55753075621584,15:29:13.075,28.2300,72
55753075621584,15:29:13.075,28.2300,100
55762021172302,15:29:22.021,28.2200,10
55763159368712,15:29:23.159,28.2200,50
55765778317589,15:29:25.778,28.2200,40
55765778317589,15:29:25.778,28.2200,60
55784389320821,15:29:44.389,28.2200,40
55790561790915,15:29:50.561,28.2100,3
55807304322987,15:30:07.304,28.1900,1
55809973339819,15:30:09.973,28.1900,100
55809973339819,15:30:09.973,28.1900,100
55809973339819,15:30:09.973,28.2000,100
55809973339819,15:30:09.973,28.2000,200
55809973339819,15:30:09.973,28.2000,100
55832826086539,15:30:32.826,28.2100,100
55832826401467,15:30:32.826,28.2100,100
55842296532147,15:30:42.296,28.2100,100
55872425837877,15:31:12.425,28.2100,48
55879763239648,15:31:19.763,28.2100,4
55879980031052,15:31:19.980,28.2000,5
55879980031052,15:31:19.980,28.2000,1
55933798794479,15:32:13.798,28.2000,24
55933798837414,15:32:13.798,28.2000,76
55933798837414,15:32:13.798,28.2000,1
55938267351498,15:32:18.267,28.2000,100
55947179409356,15:32:27.179,28.2000,30
56043260237591,15:34:03.260,28.1800,1
56043260237591,15:34:03.260,28.1800,100
56043285392910,15:34:03.285,28.1700,1
56078416127033,15:34:38.416,28.1600,2
56132469238080,15:35:32.469,28.1600,100
56132469238080,15:35:32.469,28.1600,100
56132469384557,15:35:32.469,28.1600,100
56132469384557,15:35:32.469,28.1600,100
56132470297671,15:35:32.470,28.1600,200
56132470711323,15:35:32.470,28.1600,100
56196885205001,15:36:36.885,28.1800,100
56196887046639,15:36:36.887,28.1800,6
56196887046639,15:36:36.887,28.1800,1
56198150864963,15:36:38.150,28.1700,1
56260281280542,15:37:40.281,28.1700,100
56260281928164,15:37:40.281,28.1700,4
56263038293132,15:37:43.038,28.1700,1
56273846857123,15:37:53.846,28.1700,1
56323541848379,15:38:43.541,28.1700,2
56323541848379,15:38:43.541,28.1700,198
56323541890121,15:38:43.541,28.1700,2
56323541890121,15:38:43.541,28.1700,100
56347263407258,15:39:07.263,28.1800,40
56412448035311,15:40:12.448,28.1750,100
56463192244614,15:41:03.192,28.1700,100
56463192244614,15:41:03.192,28.1700,100
56463192244614,15:41:03.192,28.1700,1
56463192244614,15:41:03.192,28.1700,100
56463192244614,15:41:03.192,28.1700,96
56480488912722,15:41:20.488,28.1700,4
56480488912722,15:41:20.488,28.1700,96
56480489375147,15:41:20.489,28.1700,4
56480489375147,15:41:20.489,28.1700,46
56561513111378,15:42:41.513,28.1800,100
56561513111378,15:42:41.513,28.1800,200
56561513111378,15:42:41.513,28.1800,100
56561513111378,15:42:41.513,28.1800,51
56561513111378,15:42:41.513,28.1800,100
56561520832351,15:42:41.520,28.1800,100
56561520832351,15:42:41.520,28.1800,100
56562153215549,15:42:42.153,28.1900,3
56580106712797,15:43:00.106,28.2000,98
56580107543800,15:43:00.107,28.2000,2
56580107543800,15:43:00.107,28.2000,100
56700275027804,15:45:00.275,28.1900,1
56700275027804,15:45:00.275,28.1900,597
56700275293636,15:45:00.275,28.1900,3
56700275293636,15:45:00.275,28.1900,133
56700275293636,15:45:00.275,28.1900,1
56700275293636,15:45:00.275,28.1900,100
56700275293636,15:45:00.275,28.1900,100
56700296144452,15:45:00.296,28.1800,100
56700296226267,15:45:00.296,28.1800,1
56700296226267,15:45:00.296,28.1800,1
56700406059955,15:45:00.406,28.1700,100
56701799551761,15:45:01.799,28.1700,100
56716661237962,15:45:16.661,28.1800,2
57271409108676,15:54:31.409,28.2000,90
57271409108676,15:54:31.409,28.2000,35
57271409108676,15:54:31.409,28.2000,97
57271409120498,15:54:31.409,28.2000,3
57271409120498,15:54:31.409,28.2000,54
57271901925760,15:54:31.901,28.2000,146
57271901925760,15:54:31.901,28.2000,100
57273638596422,15:54:33.638,28.2000,100
57300098794436,15:55:00.098,28.2000,125
57300098794436,15:55:00.098,28.2000,200
57301798514687,15:55:01.798,28.2100,1
57303033708643,15:55:03.033,28.2150,100
57303366123745,15:55:03.366,28.2050,100
57396130080543,15:56:36.130,28.2150,100
57422226184579,15:57:02.226,28.2150,100
57444369067540,15:57:24.369,28.2200,1
57480903381087,15:58:00.903,28.2150,2
57490456409461,15:58:10.456,28.2200,1
57493969916641,15:58:13.969,28.2200,2
57511801312996,15:58:31.801,28.2200,1
57513407682887,15:58:33.407,28.2200,2
57519952852560,15:58:39.952,28.2200,31
57527814219005,15:58:47.814,28.2200,28
57534123277713,15:58:54.123,28.2200,3
57542246209571,15:59:02.246,28.2200,31
57542246209571,15:59:02.246,28.2200,72
57542246209571,15:59:02.246,28.2200,71
57542484614428,15:59:02.484,28.2200,100
57542484614428,15:59:02.484,28.2200,100
57542484881020,15:59:02.484,28.2200,83
57542484940850,15:59:02.484,28.2200,17
57542484940850,15:59:02.484,28.2200,100
57542622969513,15:59:02.622,28.2200,100
57545182460041,15:59:05.182,28.2100,100
57546861116126,15:59:06.861,28.2200,100
57554457137762,15:59:14.457,28.2150,1
57559254306185,15:59:19.254,28.2150,1
57577921934017,15:59:37.921,28.2150,98
57577921934017,15:59:37.921,28.2200,2
57590645073495,15:59:50.645,28.2150,1
57591004083024,15:59:51.004,28.2150,50
57595040668951,15:59:55.040,28.2100,100
57599942237843,15:59:59.942,28.2100,17
57600491552795,16:00:00.491,0.0000,0
