timestamp,time,price,volume
34200696929381,09:30:00.696,27.6500,2930
34431088185442,09:33:51.088,27.7700,16
34506301644258,09:35:06.301,27.8100,100
34528911828741,09:35:28.911,27.8100,100
34528912921835,09:35:28.912,27.7000,100
34528912921835,09:35:28.912,27.6900,100
34528912921835,09:35:28.912,27.6900,100
34528912921835,09:35:28.912,27.6900,200
34548159726284,09:35:48.159,27.8000,100
34584587333472,09:36:24.587,27.7700,1
34645590258081,09:37:25.590,27.7500,2
34652132377887,09:37:32.132,27.8000,3
34730398333813,09:38:50.398,27.8000,100
34732160038096,09:38:52.160,27.8000,97
34732160038096,09:38:52.160,27.8300,3
34732160066628,09:38:52.160,27.8300,97
34732160611483,09:38:52.160,27.8100,100
34732165461682,09:38:52.165,27.7900,100
34732165533869,09:38:52.165,27.7900,100
34732591301419,09:38:52.591,27.8000,1
34745148925063,09:39:05.148,27.7500,19
34745149195705,09:39:05.149,27.7500,81
34745149195705,09:39:05.149,27.7500,19
34830551572188,09:40:30.551,27.7900,1
34841402910104,09:40:41.402,27.7200,100
34892227577893,09:41:32.227,27.7200,100
34893779625525,09:41:33.779,27.7200,100
34896007458374,09:41:36.007,27.7600,1
34947005095664,09:42:27.005,27.6900,1
34947005095664,09:42:27.005,27.6900,100
34947005095664,09:42:27.005,27.6900,100
34947005095664,09:42:27.005,27.6900,100
34992258237264,09:43:12.258,27.7300,27
35008006052924,09:43:28.006,27.6700,1
35014127577103,09:43:34.127,27.7300,100
35068008101841,09:44:28.008,27.6500,1
35068008915842,09:44:28.008,27.5900,100
35068008915842,09:44:28.008,27.5900,7
35068008915842,09:44:28.008,27.5900,92
35068008942433,09:44:28.008,27.5900,8
35068008942968,09:44:28.008,27.5900,8
35068008962009,09:44:28.008,27.5900,8
35068008963223,09:44:28.008,27.5900,8
35128024331927,09:45:28.024,27.5700,1
35196896123668,09:46:36.896,27.5800,1
35196896123668,09:46:36.896,27.5800,99
35196896717435,09:46:36.896,27.5500,100
35196896717435,09:46:36.896,27.5400,41
35196896717435,09:46:36.896,27.5400,200
35196896717435,09:46:36.896,27.5400,59
35196897122243,09:46:36.897,27.5400,7
35196897268150,09:46:36.897,27.5400,34
35196897270066,09:46:36.897,27.5600,100
35196897302447,09:46:36.897,27.5400,34
35199896269755,09:46:39.896,27.5400,100
35199896269755,09:46:39.896,27.5400,100
35250233247663,09:47:30.233,27.5900,100
35250233247663,09:47:30.233,27.5900,100
35264424879509,09:47:44.424,27.6300,1
35276525025437,09:47:56.525,27.6300,100
35276525050257,09:47:56.525,27.6300,100
35276525050257,09:47:56.525,27.6300,100
35313446555286,09:48:33.446,27.6400,1
35313446555286,09:48:33.446,27.6100,100
35313446555286,09:48:33.446,27.5900,100
35313446555286,09:48:33.446,27.5900,200
35313446555286,09:48:33.446,27.5700,100
35313446555286,09:48:33.446,27.5700,100
35313446657377,09:48:33.446,27.6100,100
35313446745069,09:48:33.446,27.6100,100
35313446745069,09:48:33.446,27.6100,100
35313446745069,09:48:33.446,27.6100,100
35313448542612,09:48:33.448,27.5700,100
35313448622117,09:48:33.448,27.5700,100
35313448641010,09:48:33.448,27.5700,100
35313448641010,09:48:33.448,27.5700,100
35313448641791,09:48:33.448,27.5700,100
35313448716408,09:48:33.448,27.5700,100
35313448717031,09:48:33.448,27.5700,100
35313448720197,09:48:33.448,27.5700,100
35313448780186,09:48:33.448,27.5700,100
35313448780186,09:48:33.448,27.5700,100
35313448781468,09:48:33.448,27.5700,100
35313448815986,09:48:33.448,27.5700,100
35313448944502,09:48:33.448,27.5600,100
35315398627471,09:48:35.398,27.5700,100
35315398627471,09:48:35.398,27.5700,100
35315398690670,09:48:35.398,27.5700,43
35315398715161,09:48:35.398,27.5700,57
35315398715161,09:48:35.398,27.5700,15
35315398716987,09:48:35.398,27.5700,57
35315398736143,09:48:35.398,27.5700,24
35315398741751,09:48:35.398,27.5700,4
35315398741751,09:48:35.398,27.5700,24
35315398782932,09:48:35.398,27.5600,100
35315398782932,09:48:35.398,27.5600,100
35315398901973,09:48:35.398,27.5700,76
35315398901973,09:48:35.398,27.5700,81
35315398911115,09:48:35.398,27.5700,19
35315398911115,09:48:35.398,27.5700,72
35315400400699,09:48:35.400,27.5700,162
35315400400699,09:48:35.400,27.5700,27
35315400456153,09:48:35.400,27.5700,73
35315400476164,09:48:35.400,27.5700,32
35315400533683,09:48:35.400,27.5700,49
35315400711203,09:48:35.400,27.5700,19
35315400711203,09:48:35.400,27.5700,2
35315400733653,09:48:35.400,27.5700,98
35315400733653,09:48:35.400,27.5700,102
35315400763060,09:48:35.400,27.5700,98
35315400872620,09:48:35.400,27.5700,100
35315400872620,09:48:35.400,27.5700,100
35315400900659,09:48:35.400,27.5700,11
35315400900659,09:48:35.400,27.5700,100
35315401046589,09:48:35.401,27.5600,100
35315401055859,09:48:35.401,27.5700,100
35315401055859,09:48:35.401,27.5700,100
35315401055859,09:48:35.401,27.5700,200
35315401082346,09:48:35.401,27.5700,200
35315401167105,09:48:35.401,27.5700,58
35315401194615,09:48:35.401,27.5700,42
35315401624323,09:48:35.401,27.5700,39
35315401925555,09:48:35.401,27.5700,26
35315402363524,09:48:35.402,27.5700,35
35315402363524,09:48:35.402,27.5700,100
35315402363524,09:48:35.402,27.5700,865
35315402428891,09:48:35.402,27.5700,17
35315402577066,09:48:35.402,27.5700,200
35315402577066,09:48:35.402,27.5700,100
35315402651584,09:48:35.402,27.5600,100
35315402658838,09:48:35.402,27.5700,11
35315402716517,09:48:35.402,27.5600,100
35315420440601,09:48:35.420,27.5600,8
35315420464408,09:48:35.420,27.5600,92
35315420752993,09:48:35.420,27.5700,5
35315420808395,09:48:35.420,27.5700,3
35315722954688,09:48:35.722,27.5700,92
35315722954688,09:48:35.722,27.5700,100
35315722954688,09:48:35.722,27.5700,908
35315723052987,09:48:35.723,27.5700,100
35315723055878,09:48:35.723,27.5700,1
35316720852206,09:48:36.720,27.5500,100
35316720852206,09:48:36.720,27.5500,100
35318031623150,09:48:38.031,27.5100,100
35327247876770,09:48:47.247,27.5700,100
35327248179476,09:48:47.248,27.5700,100
35428467434826,09:50:28.467,27.6000,100
35429023847254,09:50:29.023,27.6400,1
35488008624847,09:51:28.008,27.6500,1
35548008133886,09:52:28.008,27.6500,2
35608014483549,09:53:28.014,27.6500,1
35631205694528,09:53:51.205,27.6800,100
35668027148019,09:54:28.027,27.6800,2
35748009291250,09:55:48.009,27.6800,1
35798803495385,09:56:38.803,27.7200,100
35798804572591,09:56:38.804,27.7200,100
35830948072891,09:57:10.948,27.7500,100
35830948167566,09:57:10.948,27.7500,100
35830948607872,09:57:10.948,27.7400,100
35830948651930,09:57:10.948,27.7500,100
35831750064894,09:57:11.750,27.7600,200
35831750064894,09:57:11.750,27.7600,100
35831750064894,09:57:11.750,27.7600,100
35831797963977,09:57:11.797,27.7600,100
35831891127318,09:57:11.891,27.7600,100
35848005385259,09:57:28.005,27.7600,2
35850009788084,09:57:30.009,27.7800,100
35871563048626,09:57:51.563,27.7550,100
35878737141558,09:57:58.737,27.7800,100
35878737141558,09:57:58.737,27.7800,70
35878766373264,09:57:58.766,27.8000,100
35878766373264,09:57:58.766,27.8000,98
35899057688861,09:58:19.057,27.7300,200
35899057688861,09:58:19.057,27.7300,200
35899057688861,09:58:19.057,27.7300,300
35899057688861,09:58:19.057,27.7300,100
35899057688861,09:58:19.057,27.7300,100
35899057688861,09:58:19.057,27.7200,100
35913055011238,09:58:33.055,27.6800,100
35913055011238,09:58:33.055,27.6800,100
35913055011238,09:58:33.055,27.6800,100
35913055011238,09:58:33.055,27.6800,200
35913055011238,09:58:33.055,27.6800,100
35962823621206,09:59:22.823,27.7200,100
35962823621206,09:59:22.823,27.7200,100
35962828583046,09:59:22.828,27.7200,100
35962828583046,09:59:22.828,27.7200,100
35984998085193,09:59:44.998,27.6900,1
35985027700303,09:59:45.027,27.6900,30
35985027705776,09:59:45.027,27.6900,4
35990125350439,09:59:50.125,27.7000,200
36035751288031,10:00:35.751,27.6800,1
36035751909787,10:00:35.751,27.6500,202
36035751936674,10:00:35.751,27.6500,98
36035751936674,10:00:35.751,27.6500,2
36035752133906,10:00:35.752,27.6500,100
36035752341662,10:00:35.752,27.6500,100
36035752386013,10:00:35.752,27.6500,100
36041323550824,10:00:41.323,27.6900,100
36047635188689,10:00:47.635,27.7000,100
36047635188689,10:00:47.635,27.7000,100
36048298399137,10:00:48.298,27.7200,100
36072932351679,10:01:12.932,27.7100,100
36087455042032,10:01:27.455,27.7100,100
36097496325809,10:01:37.496,27.7200,100
36099924789931,10:01:39.924,27.7200,100
36099924972741,10:01:39.924,27.7200,100
36100252435301,10:01:40.252,27.7000,100
36135094008292,10:02:15.094,27.7200,100
36137254343286,10:02:17.254,27.6800,200
36138894872075,10:02:18.894,27.6700,100
36138894974685,10:02:18.894,27.6700,100
36138895049727,10:02:18.895,27.6700,100
36155063389168,10:02:35.063,27.6600,100
36155064090612,10:02:35.064,27.6600,100
36155064176793,10:02:35.064,27.6600,100
36182089575468,10:03:02.089,27.6500,100
36194128473571,10:03:14.128,27.6500,19
36194128473571,10:03:14.128,27.6500,81
36207605128707,10:03:27.605,27.6800,100
36224198264979,10:03:44.198,27.7000,100
36224198264979,10:03:44.198,27.7100,100
36286156915725,10:04:46.156,27.6800,1
36286156915725,10:04:46.156,27.6800,19
36286156915725,10:04:46.156,27.6500,49
36286157033818,10:04:46.157,27.6500,51
36286157033818,10:04:46.157,27.6500,12
36286157033818,10:04:46.157,27.6500,200
36286157366387,10:04:46.157,27.6500,100
36328042749776,10:05:28.042,27.6600,2
36353639846328,10:05:53.639,27.6800,99
36353639846328,10:05:53.639,27.6800,1
36353639886750,10:05:53.639,27.6800,99
36369884861654,10:06:09.884,27.6900,100
36380293203689,10:06:20.293,27.6900,100
36380458262378,10:06:20.458,27.6500,100
36380488709074,10:06:20.488,27.6400,100
36380488709074,10:06:20.488,27.6400,45
36380488709074,10:06:20.488,27.6400,100
36380488709074,10:06:20.488,27.6400,100
36380858896285,10:06:20.858,27.6300,100
36380858919980,10:06:20.858,27.6300,100
36380858919980,10:06:20.858,27.6300,200
36380858961808,10:06:20.858,27.6300,200
36380994690670,10:06:20.994,27.6100,100
36381218360380,10:06:21.218,27.6000,100
36388089151406,10:06:28.089,27.6300,100
36399073248235,10:06:39.073,27.6200,100
36408225588704,10:06:48.225,27.6500,100
36423171913277,10:07:03.171,27.6800,100
36467348463255,10:07:47.348,27.6800,100
36473001126068,10:07:53.001,27.6850,100
36524503851640,10:08:44.503,27.7100,100
36524504327716,10:08:44.504,27.7000,100
36524505281778,10:08:44.505,27.6900,1
36524525270307,10:08:44.525,27.6700,200
36524525315140,10:08:44.525,27.6700,100
36524525487951,10:08:44.525,27.6700,100
36524525520958,10:08:44.525,27.6600,67
36524525525094,10:08:44.525,27.6600,66
36524525570986,10:08:44.525,27.6600,66
36524525578954,10:08:44.525,27.6600,1
36524525578954,10:08:44.525,27.6600,1
36524525625435,10:08:44.525,27.6600,2
36529641538227,10:08:49.641,27.6600,100
36529641575995,10:08:49.641,27.6600,100
36555084542010,10:09:15.084,27.6900,100
36598814885615,10:09:58.814,27.7000,100
36598814885615,10:09:58.814,27.7000,100
36598815167396,10:09:58.815,27.6800,100
36599065910353,10:09:59.065,27.6600,53
36599065935517,10:09:59.065,27.6600,47
36622163536137,10:10:22.163,27.6600,100
36707246220337,10:11:47.246,27.6800,1
36707246220337,10:11:47.246,27.6600,99
36748010081364,10:12:28.010,27.6800,1
36774730238263,10:12:54.730,27.6900,100
36774730270116,10:12:54.730,27.6900,100
36774730270116,10:12:54.730,27.6900,100
36976846873032,10:16:16.846,27.7000,100
36993135573531,10:16:33.135,27.6900,100
36993135573531,10:16:33.135,27.6900,100
36994158797674,10:16:34.158,27.6900,1
36994158797674,10:16:34.158,27.6800,99
36995232073293,10:16:35.232,27.6800,1
36995232073293,10:16:35.232,27.6800,12
37049010176184,10:17:29.010,27.6900,2
37049010176184,10:17:29.010,27.6900,100
37058330662872,10:17:38.330,27.6700,5
37067514660215,10:17:47.514,27.6600,100
37067514660215,10:17:47.514,27.6600,100
37067514660215,10:17:47.514,27.6600,100
37067514660215,10:17:47.514,27.6600,100
37067514694435,10:17:47.514,27.6500,100
37067514694435,10:17:47.514,27.6500,200
37067515208510,10:17:47.515,27.6500,200
37067515306315,10:17:47.515,27.6500,100
37109172129084,10:18:29.172,27.6400,1
37109172129084,10:18:29.172,27.6200,99
37174611328359,10:19:34.611,27.6700,100
37174611328359,10:19:34.611,27.6700,66
37174611330627,10:19:34.611,27.6700,34
37184986896998,10:19:44.986,27.6700,100
37184986896998,10:19:44.986,27.6700,100
37207257987559,10:20:07.257,27.6700,100
37207257987559,10:20:07.257,27.6700,100
37207257987559,10:20:07.257,27.6700,100
37215563301156,10:20:15.563,27.6800,97
37215563301156,10:20:15.563,27.6800,3
37228626413777,10:20:28.626,27.6700,1
37230788157026,10:20:30.788,27.6900,100
37257042520573,10:20:57.042,27.6800,100
37257042520573,10:20:57.042,27.6800,120
37260845499262,10:21:00.845,27.6700,100
37260845523502,10:21:00.845,27.6700,200
37260845534970,10:21:00.845,27.6700,100
37260845534970,10:21:00.845,27.6700,100
37260850079219,10:21:00.850,27.6700,100
37269683688185,10:21:09.683,27.6600,100
37269683688185,10:21:09.683,27.6600,200
37269683688185,10:21:09.683,27.6600,54
37269683688185,10:21:09.683,27.6600,100
37269683738848,10:21:09.683,27.6600,100
37269683738848,10:21:09.683,27.6600,100
37269683738848,10:21:09.683,27.6600,100
37269686492578,10:21:09.686,27.6500,100
37269686516727,10:21:09.686,27.6500,100
37269686640427,10:21:09.686,27.6500,100
37269686641948,10:21:09.686,27.6500,100
37269686641948,10:21:09.686,27.6500,100
37269686661215,10:21:09.686,27.6500,100
37269769812164,10:21:09.769,27.6450,100
37269984267508,10:21:09.984,27.6400,100
37272019581628,10:21:12.019,27.6500,100
37273091502691,10:21:13.091,27.6300,100
37273092565142,10:21:13.092,27.6300,100
37273092565142,10:21:13.092,27.6300,100
37273093092457,10:21:13.093,27.6300,100
37273093092457,10:21:13.093,27.6200,100
37273093092457,10:21:13.093,27.6200,100
37336364205797,10:22:16.364,27.6500,100
37336364205797,10:22:16.364,27.6500,200
37346177521802,10:22:26.177,27.6600,100
37346218514140,10:22:26.218,27.6600,1
37353196524095,10:22:33.196,27.6600,16
37353196524095,10:22:33.196,27.6600,84
37358683554318,10:22:38.683,27.6400,1
37358683554318,10:22:38.683,27.6400,99
37418685026393,10:23:38.685,27.6400,2
37438809715113,10:23:58.809,27.6600,16
37438809715113,10:23:58.809,27.6600,100
37438809715113,10:23:58.809,27.6600,84
37438809748517,10:23:58.809,27.6600,16
37484041257388,10:24:44.041,27.6700,1
37513672802440,10:25:13.672,27.6900,100
37530404984452,10:25:30.404,27.6900,2
37530404984452,10:25:30.404,27.6900,100
37530405219730,10:25:30.405,27.6800,30
37530405224699,10:25:30.405,27.6800,66
37530405244014,10:25:30.405,27.6800,104
37530405244014,10:25:30.405,27.6800,66
37530405254833,10:25:30.405,27.6800,34
37530405254833,10:25:30.405,27.6800,70
37530405845307,10:25:30.405,27.6800,30
37530405846694,10:25:30.405,27.6800,70
37530405846694,10:25:30.405,27.6800,30
37530405910003,10:25:30.405,27.6800,70
37531178580718,10:25:31.178,27.6900,100
37531178606352,10:25:31.178,27.6900,100
37534133359269,10:25:34.133,27.6800,100
37534133359269,10:25:34.133,27.6800,87
37534133359269,10:25:34.133,27.6800,113
37534133386596,10:25:34.133,27.6800,87
37534134827383,10:25:34.134,27.6800,13
37534134943766,10:25:34.134,27.6800,87
37537481805917,10:25:37.481,27.6700,100
37537481805917,10:25:37.481,27.6700,100
37537481964204,10:25:37.481,27.6700,100
37537481964204,10:25:37.481,27.6700,100
37537481990881,10:25:37.481,27.6700,100
37537687080581,10:25:37.687,27.6600,100
37546685081411,10:25:46.685,27.6400,100
37546685081411,10:25:46.685,27.6400,100
37551684127539,10:25:51.684,27.6200,49
37551684127539,10:25:51.684,27.6200,51
37551684243806,10:25:51.684,27.6200,49
37551684243806,10:25:51.684,27.6200,8
37551684243806,10:25:51.684,27.6200,100
37551684243806,10:25:51.684,27.6200,43
37555803665840,10:25:55.803,27.6300,100
37555803885012,10:25:55.803,27.6300,200
37555803885012,10:25:55.803,27.6300,100
37555803885012,10:25:55.803,27.6300,100
37558585741897,10:25:58.585,27.6300,100
37561069561991,10:26:01.069,27.6300,2
37561069561991,10:26:01.069,27.6300,1
37562781723108,10:26:02.781,27.6300,100
37565814513853,10:26:05.814,27.6400,100
37565814513853,10:26:05.814,27.6400,100
37720704062036,10:28:40.704,27.6400,2
37720704062036,10:28:40.704,27.6400,98
37720704089526,10:28:40.704,27.6400,2
37720704089526,10:28:40.704,27.6400,100
37720704089526,10:28:40.704,27.6400,30
37721006425049,10:28:41.006,27.6300,100
37721470427135,10:28:41.470,27.6250,100
37721470427135,10:28:41.470,27.6200,200
37721470453915,10:28:41.470,27.6200,100
37721470455128,10:28:41.470,27.6200,100
37721470458479,10:28:41.470,27.6200,100
37721470924924,10:28:41.470,27.6100,100
37721471075704,10:28:41.471,27.6100,100
37721471075704,10:28:41.471,27.6100,100
37831243788759,10:30:31.243,27.6200,100
37832026114147,10:30:32.026,27.6200,1
37842228772029,10:30:42.228,27.6300,100
37892475812294,10:31:32.475,27.6200,100
37892477397588,10:31:32.477,27.6100,300
37942036074710,10:32:22.036,27.6300,100
37942036074710,10:32:22.036,27.6300,14
37942036074710,10:32:22.036,27.6300,100
37942036228728,10:32:22.036,27.6300,100
37951569001282,10:32:31.569,27.6400,1
37955042156998,10:32:35.042,27.6400,100
38033280752885,10:33:53.280,27.6500,1
38068363496027,10:34:28.363,27.6500,2
38085678231560,10:34:45.678,27.6300,100
38085678231560,10:34:45.678,27.6300,100
38085678231560,10:34:45.678,27.6300,200
38128009636186,10:35:28.009,27.6100,100
38128009636186,10:35:28.009,27.6100,200
38128009656124,10:35:28.009,27.6100,200
38128010937003,10:35:28.010,27.6000,1
38143539799063,10:35:43.539,27.5850,100
38199155914124,10:36:39.155,27.5900,8
38203785763934,10:36:43.785,27.5750,100
38203785763934,10:36:43.785,27.5800,55
38204475880780,10:36:44.475,27.5700,200
38204476009538,10:36:44.476,27.5700,100
38204476239988,10:36:44.476,27.5700,100
38204476239988,10:36:44.476,27.5700,200
38204476239988,10:36:44.476,27.5700,100
38231120977057,10:37:11.120,27.5700,8
38256023990672,10:37:36.023,27.5550,100
38256024022901,10:37:36.024,27.5500,1
38256030373171,10:37:36.030,27.5500,100
38290198838686,10:38:10.198,27.5600,100
38290198838686,10:38:10.198,27.5600,100
38290198838686,10:38:10.198,27.5600,100
38290198885628,10:38:10.198,27.5600,200
38290198952597,10:38:10.198,27.5500,100
38290199056313,10:38:10.199,27.5500,100
38290204211542,10:38:10.204,27.5500,100
38290234841725,10:38:10.234,27.5600,61
38290234854271,10:38:10.234,27.5600,39
38290246915972,10:38:10.246,27.5600,68
38290478516222,10:38:10.478,27.5400,48
38290478524103,10:38:10.478,27.5400,52
38291471488314,10:38:11.471,27.5200,100
38291471488314,10:38:11.471,27.5200,100
38291476226411,10:38:11.476,27.5200,100
38292471832954,10:38:12.471,27.5200,100
38292472058361,10:38:12.472,27.5200,100
38293476750353,10:38:13.476,27.5200,100
38293476750353,10:38:13.476,27.5200,100
38293477291612,10:38:13.477,27.5100,100
38293477291612,10:38:13.477,27.5100,100
38297476575580,10:38:17.476,27.5000,100
38301484334311,10:38:21.484,27.5000,700
38301484334311,10:38:21.484,27.5000,100
38308231099337,10:38:28.231,27.5200,200
38308231810570,10:38:28.231,27.5200,100
38308472814871,10:38:28.472,27.5100,100
38311475933268,10:38:31.475,27.5000,100
38311475933268,10:38:31.475,27.5000,100
38315033707963,10:38:35.033,27.4900,100
38315033880089,10:38:35.033,27.4900,100
38315033880089,10:38:35.033,27.4900,100
38317068468578,10:38:37.068,27.4900,100
38317068614313,10:38:37.068,27.4900,100
38317068614313,10:38:37.068,27.4900,100
38317068638997,10:38:37.068,27.4900,100
38319489308249,10:38:39.489,27.4900,100
38319489308249,10:38:39.489,27.4900,100
38319490674722,10:38:39.490,27.4900,70
38319490698498,10:38:39.490,27.4900,30
38319490724892,10:38:39.490,27.4900,100
38319490724892,10:38:39.490,27.4900,70
38319490879438,10:38:39.490,27.4900,30
38319491879011,10:38:39.491,27.4900,70
38319491879011,10:38:39.491,27.4900,30
38319506135654,10:38:39.506,27.4900,70
38319506135654,10:38:39.506,27.4900,30
38343795066771,10:39:03.795,27.5000,100
38344476452666,10:39:04.476,27.5000,100
38349448043315,10:39:09.448,27.5000,100
38349448069544,10:39:09.448,27.5000,100
38349448069544,10:39:09.448,27.5000,100
38353004383625,10:39:13.004,27.5000,100
38353475802725,10:39:13.475,27.5000,100
38380169673841,10:39:40.169,27.5000,100
38400095576925,10:40:00.095,27.5000,100
38414226581518,10:40:14.226,27.5000,100
38414226581518,10:40:14.226,27.5000,100
38414475690987,10:40:14.475,27.5000,100
38419470145527,10:40:19.470,27.5000,100
38419897997646,10:40:19.897,27.4900,100
38419897997646,10:40:19.897,27.4900,100
38419897997646,10:40:19.897,27.4900,100
38419898133511,10:40:19.898,27.4900,200
38419898329943,10:40:19.898,27.4900,100
38433425231263,10:40:33.425,27.4900,100
38460126479061,10:41:00.126,27.5000,11
38462470573356,10:41:02.470,27.5000,100
38462471690343,10:41:02.471,27.5000,100
38462471715419,10:41:02.471,27.5000,100
38465471367029,10:41:05.471,27.4900,100
38465471367029,10:41:05.471,27.4900,100
38465471380460,10:41:05.471,27.4900,100
38465471428075,10:41:05.471,27.4800,36
38465471463904,10:41:05.471,27.4800,64
38465471655246,10:41:05.471,27.4800,64
38465471686753,10:41:05.471,27.4800,35
38465471716595,10:41:05.471,27.4800,1
38465471716595,10:41:05.471,27.4800,1
38465480437377,10:41:05.480,27.4900,300
38468536874460,10:41:08.536,27.4900,26
38548235602378,10:42:28.235,27.4900,74
38548671891100,10:42:28.671,27.4800,100
38613580460271,10:43:33.580,27.4800,2
38645217355744,10:44:05.217,27.5000,100
38645217355744,10:44:05.217,27.5000,100
38645217396527,10:44:05.217,27.5000,100
38657434936554,10:44:17.434,27.5100,100
38657435007718,10:44:17.435,27.5100,23
38657664237484,10:44:17.664,27.5100,77
38673475365451,10:44:33.475,27.5100,1
38673477349744,10:44:33.477,27.5000,100
38673477349744,10:44:33.477,27.5000,200
38673477349744,10:44:33.477,27.5000,100
38673477511856,10:44:33.477,27.5000,200
38673477511856,10:44:33.477,27.5000,200
38673477531721,10:44:33.477,27.5000,100
38673478004073,10:44:33.478,27.4900,100
38673478004073,10:44:33.478,27.4900,200
38673478004073,10:44:33.478,27.4900,100
38677922279740,10:44:37.922,27.5000,100
38692062267479,10:44:52.062,27.5000,200
38693254109659,10:44:53.254,27.5100,100
38697470979547,10:44:57.470,27.5000,100
38707354416252,10:45:07.354,27.5000,1
38729016148173,10:45:29.016,27.5000,1
38777666363513,10:46:17.666,27.4900,1
38848007246060,10:47:28.007,27.4900,2
38848007982129,10:47:28.007,27.4800,100
38848007982129,10:47:28.007,27.4800,100
38848008008199,10:47:28.008,27.4800,100
38848008008199,10:47:28.008,27.4800,100
38848008008199,10:47:28.008,27.4800,100
38848008018852,10:47:28.008,27.4800,127
38848008039399,10:47:28.008,27.4800,66
38848008119481,10:47:28.008,27.4800,20
38848008211726,10:47:28.008,27.4800,63
38848084251654,10:47:28.084,27.5000,100
38852830339738,10:47:32.830,27.4800,100
38852830339738,10:47:32.830,27.4800,100
38852830339738,10:47:32.830,27.4800,100
38852830339738,10:47:32.830,27.4800,100
38911637985820,10:48:31.637,27.5000,100
38911637985820,10:48:31.637,27.5000,100
38911639475706,10:48:31.639,27.5100,10
38911696516683,10:48:31.696,27.5300,100
38911696542653,10:48:31.696,27.5300,100
38911696542653,10:48:31.696,27.5300,100
38912014924097,10:48:32.014,27.5400,1
38912962490097,10:48:32.962,27.5600,100
38913471628376,10:48:33.471,27.5800,100
38914236412729,10:48:34.236,27.5800,100
39088005123704,10:51:28.005,27.6100,2
39092968639514,10:51:32.968,27.6100,100
39102993896209,10:51:42.993,27.6100,100
39102993896209,10:51:42.993,27.6100,100
39102994697098,10:51:42.994,27.6100,100
39108475764370,10:51:48.475,27.6100,100
39108475764370,10:51:48.475,27.6100,100
39113475399239,10:51:53.475,27.6000,200
39140761872400,10:52:20.761,27.6200,100
39141471130396,10:52:21.471,27.6300,100
39223135565271,10:53:43.135,27.6200,1
39297014416063,10:54:57.014,27.6400,1
39313984606763,10:55:13.984,27.6400,99
39313984616669,10:55:13.984,27.6400,5
39313984633009,10:55:13.984,27.6500,97
39313984636040,10:55:13.984,27.6500,3
39315052941370,10:55:15.052,27.6600,10
39329760149719,10:55:29.760,27.6600,2
39329760149719,10:55:29.760,27.6400,100
39329760149719,10:55:29.760,27.6400,76
39329760149719,10:55:29.760,27.6400,5
39329760149719,10:55:29.760,27.6400,100
39329760149719,10:55:29.760,27.6400,100
39329761294985,10:55:29.761,27.6400,200
39329899887935,10:55:29.899,27.6400,100
39329899887935,10:55:29.899,27.6400,100
39329899887935,10:55:29.899,27.6400,100
39329899887935,10:55:29.899,27.6400,100
39329900031344,10:55:29.900,27.6400,100
39329900151660,10:55:29.900,27.6400,100
39329900151660,10:55:29.900,27.6400,100
39329900151660,10:55:29.900,27.6400,200
39347561354028,10:55:47.561,27.6300,100
39347561354028,10:55:47.561,27.6300,100
39353286627882,10:55:53.286,27.6300,100
39388009682460,10:56:28.009,27.6200,2
39388009706150,10:56:28.009,27.6200,100
39388009722930,10:56:28.009,27.6200,100
39427289451027,10:57:07.289,27.6300,100
39427289451027,10:57:07.289,27.6300,100
39427291713645,10:57:07.291,27.6400,100
39427291713645,10:57:07.291,27.6400,100
39427291713645,10:57:07.291,27.6400,100
39427291889062,10:57:07.291,27.6400,100
39427292317562,10:57:07.292,27.6400,100
39430563912628,10:57:10.563,27.6500,100
39430564148355,10:57:10.564,27.6500,100
39430564270154,10:57:10.564,27.6500,100
39430564931104,10:57:10.564,27.6500,100
39430564931104,10:57:10.564,27.6500,100
39448008222887,10:57:28.008,27.6400,1
39466808739736,10:57:46.808,27.6300,2
39466808761866,10:57:46.808,27.6300,98
39478231471401,10:57:58.231,27.6100,100
39480941826286,10:58:00.941,27.6100,100
39480943751065,10:58:00.943,27.6200,100
39480943751065,10:58:00.943,27.6200,300
39480943777725,10:58:00.943,27.6200,200
39480943777725,10:58:00.943,27.6200,100
39480943777725,10:58:00.943,27.6200,100
39518308176491,10:58:38.308,27.6100,1
39573244335433,10:59:33.244,27.6200,100
39573244335433,10:59:33.244,27.6200,100
39579232029634,10:59:39.232,27.6300,1
39579232029634,10:59:39.232,27.6300,100
39663490224261,11:01:03.490,27.6300,100
39664345873613,11:01:04.345,27.6400,100
39664345873613,11:01:04.345,27.6400,100
39665026489660,11:01:05.026,27.6500,20
39666863611239,11:01:06.863,27.6500,1
39666863611239,11:01:06.863,27.6500,99
39692674813995,11:01:32.674,27.6300,100
39709398142185,11:01:49.398,27.6100,100
39733406187340,11:02:13.406,27.6200,100
39733406187340,11:02:13.406,27.6200,100
39733406187340,11:02:13.406,27.6200,100
39733406256149,11:02:13.406,27.6100,100
39733406327146,11:02:13.406,27.6100,100
39744665108733,11:02:24.665,27.6100,100
39744665108733,11:02:24.665,27.6100,100
39754231658243,11:02:34.231,27.6000,1
39754231658243,11:02:34.231,27.6000,100
39754231658243,11:02:34.231,27.6000,16
39754231658243,11:02:34.231,27.6000,100
39754231658243,11:02:34.231,27.6000,83
39754231717108,11:02:34.231,27.6000,117
39759232551342,11:02:39.232,27.6000,100
39759232551342,11:02:39.232,27.6000,100
39801341871992,11:03:21.341,27.5900,1
39801343235891,11:03:21.343,27.5900,100
39823634595904,11:03:43.634,27.6100,100
39823634595904,11:03:43.634,27.6100,100
39823634595904,11:03:43.634,27.6100,100
39823634595904,11:03:43.634,27.6100,100
39896952530887,11:04:56.952,27.6000,1
39896953282717,11:04:56.953,27.5800,120
39896953282717,11:04:56.953,27.5800,80
39920256502904,11:05:20.256,27.6000,100
39920258895918,11:05:20.258,27.6100,100
39920258895918,11:05:20.258,27.6100,61
39920261599804,11:05:20.261,27.6100,100
39931053152869,11:05:31.053,27.5900,1
39946231835387,11:05:46.231,27.5800,100
39954232352367,11:05:54.232,27.5700,100
39997810853019,11:06:37.810,27.5800,100
40015231931688,11:06:55.231,27.5900,1
40028232087394,11:07:08.232,27.5800,100
40038869791211,11:07:18.869,27.5900,100
40038920000199,11:07:18.920,27.5900,29
40137010292589,11:08:57.010,27.5800,12
40137011514978,11:08:57.011,27.5900,2
40164130914202,11:09:24.130,27.5900,69
40180032207221,11:09:40.032,27.5900,2
40180032207221,11:09:40.032,27.5900,100
40180032207221,11:09:40.032,27.5900,100
40181619485679,11:09:41.619,27.5900,200
40195241508429,11:09:55.241,27.5800,100
40195241508429,11:09:55.241,27.5800,100
40195241900059,11:09:55.241,27.5700,100
40196371420827,11:09:56.371,27.5700,200
40196372936630,11:09:56.372,27.5700,100
40214350492237,11:10:14.350,27.5700,100
40214350714255,11:10:14.350,27.5700,100
40229242852585,11:10:29.242,27.5700,99
40296235355224,11:11:36.235,27.5800,100
40303693332538,11:11:43.693,27.5800,40
40304012343980,11:11:44.012,27.5800,1
40358809255563,11:12:38.809,27.5800,2
40358809255563,11:12:38.809,27.5800,98
40395170863715,11:13:15.170,27.5900,39
40395170891904,11:13:15.170,27.5900,161
40395170891904,11:13:15.170,27.5900,100
40395171034513,11:13:15.171,27.5900,100
40395171034513,11:13:15.171,27.5900,100
40510951735861,11:15:10.951,27.5900,100
40532991069422,11:15:32.991,27.5900,2
40532991069422,11:15:32.991,27.5900,98
40532991074705,11:15:32.991,27.5900,2
40532991074705,11:15:32.991,27.5900,16
40532991085933,11:15:32.991,27.5900,84
40550243296890,11:15:50.243,27.5800,2
40550243296890,11:15:50.243,27.5800,98
40550243578232,11:15:50.243,27.5800,2
40579336876460,11:16:19.336,27.5800,100
40579337381679,11:16:19.337,27.5800,10
40582451285056,11:16:22.451,27.5800,90
40619241535399,11:16:59.241,27.5700,100
40622242638531,11:17:02.242,27.5650,100
40636099918393,11:17:16.099,27.5500,62
40636099935232,11:17:16.099,27.5500,38
40636099947441,11:17:16.099,27.5500,38
40636099960522,11:17:16.099,27.5500,38
40636100040642,11:17:16.100,27.5500,24
40636114213478,11:17:16.114,27.5600,100
40649241619455,11:17:29.241,27.5600,100
40707241345057,11:18:27.241,27.5700,2
40762241065015,11:19:22.241,27.5700,2
40872117848964,11:21:12.117,27.5800,100
40872436378021,11:21:12.436,27.5700,19
40872436380710,11:21:12.436,27.5700,59
40876074191192,11:21:16.074,27.5800,55
40900243011940,11:21:40.243,27.5700,22
40900243011940,11:21:40.243,27.5700,100
40900243011940,11:21:40.243,27.5700,100
40900243011940,11:21:40.243,27.5700,14
40900243599350,11:21:40.243,27.5600,100
40900243599350,11:21:40.243,27.5600,100
40900243599350,11:21:40.243,27.5600,100
40900243599350,11:21:40.243,27.5600,100
40902240771958,11:21:42.240,27.5550,100
40902241009418,11:21:42.241,27.5500,100
40903241065086,11:21:43.241,27.5400,100
40903350293997,11:21:43.350,27.5300,100
40903350318106,11:21:43.350,27.5300,100
40904245652860,11:21:44.245,27.5000,100
40904245652860,11:21:44.245,27.5000,200
40904246557954,11:21:44.246,27.5000,100
40906611087286,11:21:46.611,27.5000,3
40926649687225,11:22:06.649,27.5000,100
40926649687225,11:22:06.649,27.5000,100
40926649687225,11:22:06.649,27.5000,300
40926649687225,11:22:06.649,27.5000,200
40926649687225,11:22:06.649,27.5000,300
40926651190145,11:22:06.651,27.5100,100
40926667735311,11:22:06.667,27.5000,100
40926667735311,11:22:06.667,27.5000,100
40926667735311,11:22:06.667,27.5000,100
40950205620924,11:22:30.205,27.4800,100
40950205620924,11:22:30.205,27.4800,100
40950205620924,11:22:30.205,27.4800,100
40950205620924,11:22:30.205,27.4800,4
40989237318666,11:23:09.237,27.4800,5
40989237524338,11:23:09.237,27.4900,100
40993772070196,11:23:13.772,27.4800,1
41021587592883,11:23:41.587,27.4700,100
41128011889286,11:25:28.011,27.4700,2
41188446916159,11:26:28.446,27.4800,45
41189994211554,11:26:29.994,27.4800,45
41226137691523,11:27:06.137,27.4800,10
41226137691523,11:27:06.137,27.4800,47
41226137783264,11:27:06.137,27.4800,31
41226158369387,11:27:06.158,27.4800,22
41226158369387,11:27:06.158,27.4800,10
41226188718330,11:27:06.188,27.4800,100
41226188718330,11:27:06.188,27.4800,100
41226188718330,11:27:06.188,27.4800,100
41226189582028,11:27:06.189,27.4800,35
41231568944033,11:27:11.568,27.4700,100
41232589264727,11:27:12.589,27.4700,160
41232589264727,11:27:12.589,27.4700,40
41317693425217,11:28:37.693,27.4700,1
41317693425217,11:28:37.693,27.4700,99
41317693450775,11:28:37.693,27.4700,1
41343209034257,11:29:03.209,27.4800,100
41343264463897,11:29:03.264,27.4800,100
41343265180608,11:29:03.265,27.4600,100
41343265180608,11:29:03.265,27.4600,100
41343265180608,11:29:03.265,27.4600,200
41343265180608,11:29:03.265,27.4600,36
41343265634843,11:29:03.265,27.4600,100
41437985133519,11:30:37.985,27.4800,2
41437985133519,11:30:37.985,27.4800,100
41437985133519,11:30:37.985,27.4800,98
41437985159832,11:30:37.985,27.4800,2
41499863196272,11:31:39.863,27.4800,1
41503835498778,11:31:43.835,27.4900,100
41533119404764,11:32:13.119,27.5000,100
41533119404764,11:32:13.119,27.5000,10
41533119404764,11:32:13.119,27.5000,60
41533119404764,11:32:13.119,27.5000,30
41533119464342,11:32:13.119,27.5000,117
41590150274655,11:33:10.150,27.5000,53
41590150274655,11:33:10.150,27.5000,47
41590150278400,11:33:10.150,27.5000,20
41590150299534,11:33:10.150,27.5000,33
41590250772487,11:33:10.250,27.5200,100
41612262340330,11:33:32.262,27.5200,1
41612262340330,11:33:32.262,27.5200,24
41709242581438,11:35:09.242,27.5300,100
41709242581438,11:35:09.242,27.5300,100
41709242581438,11:35:09.242,27.5300,39
41709242608693,11:35:09.242,27.5300,61
41709242608693,11:35:09.242,27.5300,100
41726241723176,11:35:26.241,27.5000,100
41732122561540,11:35:32.122,27.5000,100
41765235954589,11:36:05.235,27.5000,100
41794425292698,11:36:34.425,27.4900,26
41794425394623,11:36:34.425,27.4900,58
41794425446656,11:36:34.425,27.4900,16
41794425446656,11:36:34.425,27.4900,100
41794425446656,11:36:34.425,27.4900,100
41794425446656,11:36:34.425,27.4900,58
41794425645470,11:36:34.425,27.4900,42
41800258262205,11:36:40.258,27.4800,100
41877036207299,11:37:57.036,27.4800,1
41933617724662,11:38:53.617,27.4700,100
41953558950887,11:39:13.558,27.4600,2
41953558950887,11:39:13.558,27.4600,100
41974258463803,11:39:34.258,27.4500,100
42043713248065,11:40:43.713,27.4500,100
42043713315555,11:40:43.713,27.4500,100
42043713315555,11:40:43.713,27.4500,100
42043713315555,11:40:43.713,27.4500,32
42043713321501,11:40:43.713,27.4500,29
42133013899521,11:42:13.013,27.4600,100
42148088823521,11:42:28.088,27.4600,1
42196002805729,11:43:16.002,27.4800,100
42213497608375,11:43:33.497,27.4900,1
42257023648921,11:44:17.023,27.5000,43
42291487076701,11:44:51.487,27.5000,100
42291487121790,11:44:51.487,27.5000,20
42291487167091,11:44:51.487,27.5000,80
42292031938215,11:44:52.031,27.5100,1
42308235700355,11:45:08.235,27.5000,100
42313235448059,11:45:13.235,27.5000,100
42333180915237,11:45:33.180,27.5000,100
42348238501411,11:45:48.238,27.5100,1
42348238501411,11:45:48.238,27.5100,70
42348238505126,11:45:48.238,27.5100,30
42348238505126,11:45:48.238,27.5100,27
42348238515182,11:45:48.238,27.5100,73
42348238515182,11:45:48.238,27.5100,84
42348238526765,11:45:48.238,27.5100,1
42348238548049,11:45:48.238,27.5100,15
42348238548049,11:45:48.238,27.5100,100
42358217200041,11:45:58.217,27.5000,100
42394370024969,11:46:34.370,27.5000,100
42448033139150,11:47:28.033,27.5100,1
42506236524138,11:48:26.236,27.4900,100
42548507406463,11:49:08.507,27.5000,100
42549243524452,11:49:09.243,27.5000,98
42556305244513,11:49:16.305,27.5000,2
42657032551868,11:50:57.032,27.4900,13
42657032551868,11:50:57.032,27.4900,100
42657032551868,11:50:57.032,27.4900,100
42657033310007,11:50:57.033,27.4800,100
42657033336415,11:50:57.033,27.4800,100
42657033345544,11:50:57.033,27.4800,100
42657033378403,11:50:57.033,27.4800,100
42671830351794,11:51:11.830,27.4700,36
42690772414244,11:51:30.772,27.4800,100
42718608909323,11:51:58.608,27.4800,20
42718608909323,11:51:58.608,27.4800,80
42718608940450,11:51:58.608,27.4800,120
42718608940450,11:51:58.608,27.4800,100
42737242542971,11:52:17.242,27.4900,10
42737242542971,11:52:17.242,27.4900,90
42737792389828,11:52:17.792,27.4800,10
42794574656063,11:53:14.574,27.4900,100
42794574656063,11:53:14.574,27.4900,100
42794574728744,11:53:14.574,27.4900,100
42811011530536,11:53:31.011,27.5000,1
42811011555631,11:53:31.011,27.5000,19
42855241464793,11:54:15.241,27.5100,1
42869846944391,11:54:29.846,27.5000,1
42903495169144,11:55:03.495,27.5000,99
42934241253476,11:55:34.241,27.5000,9
42934243465633,11:55:34.243,27.5000,8
42981223231818,11:56:21.223,27.5100,100
42981223231818,11:56:21.223,27.5100,51
42981223256344,11:56:21.223,27.5100,49
43017019878475,11:56:57.019,27.5200,1
43049783371763,11:57:29.783,27.5100,1
43049784065028,11:57:29.784,27.5000,100
43049784065028,11:57:29.784,27.5000,100
43049784065028,11:57:29.784,27.5000,183
43049784065028,11:57:29.784,27.5000,100
43050028366184,11:57:30.028,27.5000,100
43110724977729,11:58:30.724,27.5100,2
43115241299585,11:58:35.241,27.5000,100
43115241331405,11:58:35.241,27.5000,7
43125702431172,11:58:45.702,27.5000,100
43126155475190,11:58:46.155,27.5100,100
43170107135412,11:59:30.107,27.5200,1
43170107135412,11:59:30.107,27.5200,99
43173659228974,11:59:33.659,27.5200,1
43200003083314,12:00:00.003,27.5200,20
43228061047444,12:00:28.061,27.5200,1
43243874933700,12:00:43.874,27.5100,100
43243875385002,12:00:43.875,27.5100,100
43273429352676,12:01:13.429,27.5100,58
43274924631081,12:01:14.924,27.5100,42
43274924631081,12:01:14.924,27.5100,58
43336045430525,12:02:16.045,27.5100,42
43336045430525,12:02:16.045,27.5100,60
43338819534110,12:02:18.819,27.5200,100
43359962057397,12:02:39.962,27.5300,100
43373204769388,12:02:53.204,27.5400,2
43373205009406,12:02:53.205,27.5300,100
43402566305650,12:03:22.566,27.5300,8
43402652430632,12:03:22.652,27.5300,100
43550915520646,12:05:50.915,27.5300,83
43550915534425,12:05:50.915,27.5300,17
43570719678408,12:06:10.719,27.5300,100
43570719708514,12:06:10.719,27.5300,100
43570720203282,12:06:10.720,27.5300,100
43595608945613,12:06:35.608,27.5300,1
43595608945613,12:06:35.608,27.5300,99
43631169030231,12:07:11.169,27.5400,100
43631169030231,12:07:11.169,27.5400,100
43703469553472,12:08:23.469,27.5600,100
43703469553472,12:08:23.469,27.5600,100
43703469796447,12:08:23.469,27.5700,5
43703469893911,12:08:23.469,27.5700,95
43715408251405,12:08:35.408,27.5800,100
43715408275868,12:08:35.408,27.5800,100
43719237818806,12:08:39.237,27.5800,58
43719237818806,12:08:39.237,27.5800,100
43726739693495,12:08:46.739,27.5800,100
43726739693495,12:08:46.739,27.5800,100
43726739693495,12:08:46.739,27.5800,100
43743239556777,12:09:03.239,27.5900,100
43749424979542,12:09:09.424,27.5900,200
43749424979542,12:09:09.424,27.5900,100
43749425141401,12:09:09.425,27.5900,100
43749428535141,12:09:09.428,27.5900,100
43779635818888,12:09:39.635,27.5900,100
43779635818888,12:09:39.635,27.5900,200
43779635818888,12:09:39.635,27.5900,100
43779635869563,12:09:39.635,27.5900,100
43779635888447,12:09:39.635,27.5900,26
43779636054696,12:09:39.636,27.5900,48
43780012588837,12:09:40.012,27.5900,2
43793240941111,12:09:53.240,27.5800,100
43793240941111,12:09:53.240,27.5800,100
43793240941111,12:09:53.240,27.5800,50
43809415312400,12:10:09.415,27.5900,24
43809415312400,12:10:09.415,27.5900,100
43809415312400,12:10:09.415,27.5900,76
43809415437223,12:10:09.415,27.5900,1
43868272101758,12:11:08.272,27.5900,100
43868272101758,12:11:08.272,27.5900,100
43868272774624,12:11:08.272,27.5900,100
43872030862377,12:11:12.030,27.6000,90
43917235930070,12:11:57.235,27.5900,16
43917235937699,12:11:57.235,27.5900,54
43917242381520,12:11:57.242,27.5900,30
43917242381520,12:11:57.242,27.5900,70
43917242409360,12:11:57.242,27.5900,93
43917242409360,12:11:57.242,27.5900,100
43917242409360,12:11:57.242,27.5900,1
43920243022578,12:12:00.243,27.5800,100
43920243022578,12:12:00.243,27.5800,100
43920243022578,12:12:00.243,27.5800,19
43940240695504,12:12:20.240,27.5700,100
43945240582458,12:12:25.240,27.5700,100
43986704636582,12:13:06.704,27.5700,100
43986705695352,12:13:06.705,27.5700,100
43986705733970,12:13:06.705,27.5700,10
43986705921600,12:13:06.705,27.5700,54
43986706483701,12:13:06.706,27.5700,36
43986706483701,12:13:06.706,27.5700,20
44058119594792,12:14:18.119,27.5700,8
44058119601768,12:14:18.119,27.5700,92
44062781960052,12:14:22.781,27.5700,100
44103330896300,12:15:03.330,27.5600,100
44105077877902,12:15:05.077,27.5600,100
44121240575222,12:15:21.240,27.5500,54
44121240584787,12:15:21.240,27.5500,46
44175714418028,12:16:15.714,27.5500,200
44175714418028,12:16:15.714,27.5500,100
44175714922029,12:16:15.714,27.5500,100
44175731222303,12:16:15.731,27.5600,100
44175731222303,12:16:15.731,27.5600,100
44239032952111,12:17:19.032,27.5800,100
44301339060305,12:18:21.339,27.5900,3
44309102589475,12:18:29.102,27.5900,3
44311322458030,12:18:31.322,27.5900,2
44316321523766,12:18:36.321,27.5900,1
44320639345726,12:18:40.639,27.5900,191
44320639345726,12:18:40.639,27.5900,9
44320639363217,12:18:40.639,27.5900,91
44320639578433,12:18:40.639,27.5900,67
44320641042352,12:18:40.641,27.5900,33
44320641042352,12:18:40.641,27.5900,67
44321012720293,12:18:41.012,27.5900,1
44321017857877,12:18:41.017,27.5900,32
44321019326925,12:18:41.019,27.6100,100
44321019326925,12:18:41.019,27.6100,100
44324237149013,12:18:44.237,27.6200,100
44324237149013,12:18:44.237,27.6200,100
44324237149013,12:18:44.237,27.6200,100
44324238252968,12:18:44.238,27.6200,100
44335240842093,12:18:55.240,27.6200,62
44335240842093,12:18:55.240,27.6100,38
44335240860851,12:18:55.240,27.6100,16
44335240879881,12:18:55.240,27.6100,46
44335240879881,12:18:55.240,27.6100,38
44335240979788,12:18:55.240,27.6100,84
44335240988141,12:18:55.240,27.6100,8
44335240994807,12:18:55.240,27.6100,8
44335240994807,12:18:55.240,27.6100,62
44335240994807,12:18:55.240,27.6000,38
44335242420553,12:18:55.242,27.6100,100
44343236841364,12:19:03.236,27.6150,100
44343236841364,12:19:03.236,27.6200,100
44343236841364,12:19:03.236,27.6200,100
44343236868330,12:19:03.236,27.6200,100
44343240693264,12:19:03.240,27.6200,100
44348652720131,12:19:08.652,27.6250,100
44348652720131,12:19:08.652,27.6300,100
44348652720131,12:19:08.652,27.6300,100
44348652783946,12:19:08.652,27.6300,23
44348652787724,12:19:08.652,27.6300,77
44348664645212,12:19:08.664,27.6400,100
44348664670511,12:19:08.664,27.6400,100
44348664670511,12:19:08.664,27.6400,100
44353390245281,12:19:13.390,27.6450,100
44353390245281,12:19:13.390,27.6500,200
44353390271958,12:19:13.390,27.6500,100
44353390271958,12:19:13.390,27.6500,100
44353416933803,12:19:13.416,27.6600,92
44353416957563,12:19:13.416,27.6550,100
44353416957563,12:19:13.416,27.6600,8
44353416959096,12:19:13.416,27.6600,5
44353416962444,12:19:13.416,27.6600,95
44353420802924,12:19:13.420,27.6650,100
44353427525822,12:19:13.427,27.6700,55
44353427550930,12:19:13.427,27.6700,45
44353427550930,12:19:13.427,27.6700,100
44353427550930,12:19:13.427,27.6700,200
44353529517845,12:19:13.529,27.6700,100
44356234757010,12:19:16.234,27.6700,100
44356234757010,12:19:16.234,27.6750,100
44356234757010,12:19:16.234,27.6800,100
44356234757010,12:19:16.234,27.6800,100
44356234783681,12:19:16.234,27.6800,100
44356260863700,12:19:16.260,27.6800,100
44357140121215,12:19:17.140,27.6900,100
44359310477300,12:19:19.310,27.6800,100
44376234663654,12:19:36.234,27.6700,100
44376234663654,12:19:36.234,27.6700,100
44376234663654,12:19:36.234,27.6700,300
44376234907702,12:19:36.234,27.6700,200
44376255970789,12:19:36.255,27.6800,400
44376255994859,12:19:36.255,27.6800,100
44378508275548,12:19:38.508,27.6800,100
44379955328311,12:19:39.955,27.6800,100
44381683338168,12:19:41.683,27.6750,100
44381683670200,12:19:41.683,27.6800,3
44381688063556,12:19:41.688,27.6700,100
44381692009139,12:19:41.692,27.6700,100
44381692033389,12:19:41.692,27.6700,97
44381692033389,12:19:41.692,27.6700,100
44389297680807,12:19:49.297,27.6750,100
44403673650348,12:20:03.673,27.6800,57
44403674095043,12:20:03.674,27.6800,43
44403674095043,12:20:03.674,27.6800,100
44403674439250,12:20:03.674,27.6800,100
44410130862685,12:20:10.130,27.6900,1
44410130957327,12:20:10.130,27.6900,99
44410130995842,12:20:10.130,27.6900,100
44410999175862,12:20:10.999,27.7200,100
44411000049725,12:20:11.000,27.7300,100
44411551216041,12:20:11.551,27.7500,100
44411551216041,12:20:11.551,27.7500,107
44411553025367,12:20:11.553,27.7600,393
44411904209190,12:20:11.904,27.7500,100
44451529684755,12:20:51.529,27.7500,108
44451529684755,12:20:51.529,27.7500,100
44451529684755,12:20:51.529,27.7500,300
44451529684755,12:20:51.529,27.7500,100
44451529786520,12:20:51.529,27.7500,200
44451534278688,12:20:51.534,27.7600,100
44451535490882,12:20:51.535,27.7500,182
44451535824782,12:20:51.535,27.7500,100
44451535824782,12:20:51.535,27.7500,100
44451535824782,12:20:51.535,27.7500,100
44451536795895,12:20:51.536,27.7400,100
44451536795895,12:20:51.536,27.7400,100
44453879421417,12:20:53.879,27.7500,1
44453879456105,12:20:53.879,27.7500,99
44453879456105,12:20:53.879,27.7500,116
44453879456105,12:20:53.879,27.7500,100
44453879456105,12:20:53.879,27.7500,100
44453879456105,12:20:53.879,27.7500,200
44456324983263,12:20:56.324,27.7500,9
44458787407613,12:20:58.787,27.7500,91
44458787407613,12:20:58.787,27.7500,9
44458787438406,12:20:58.787,27.7500,91
44458787463298,12:20:58.787,27.7500,10
44466696446381,12:21:06.696,27.7900,12
44475784005210,12:21:15.784,27.7700,100
44475784006571,12:21:15.784,27.7700,100
44488011124667,12:21:28.011,27.7700,2
44488015876815,12:21:28.015,27.7700,100
44493094168254,12:21:33.094,27.7900,88
44497653728585,12:21:37.653,27.8000,100
44497664627529,12:21:37.664,27.8200,100
44500331466859,12:21:40.331,27.8300,100
44500331466859,12:21:40.331,27.8300,96
44500331466859,12:21:40.331,27.8300,100
44502565984888,12:21:42.565,27.8500,100
44548007471237,12:22:28.007,27.8500,100
44549006743932,12:22:29.006,27.8900,100
44550220674264,12:22:30.220,27.9100,1
44553137112266,12:22:33.137,27.8900,200
44553137112266,12:22:33.137,27.8800,100
44553137112266,12:22:33.137,27.8800,100
44553137144884,12:22:33.137,27.8800,100
44553137763502,12:22:33.137,27.8900,100
44553138688366,12:22:33.138,27.8900,100
44553138763360,12:22:33.138,27.9000,100
44553141098050,12:22:33.141,27.9000,100
44553141842866,12:22:33.141,27.9000,100
44561023224576,12:22:41.023,27.8900,100
44561023224576,12:22:41.023,27.8900,46
44561024057997,12:22:41.024,27.8800,54
44561028484010,12:22:41.028,27.8700,100
44561028484010,12:22:41.028,27.8700,100
44561028484010,12:22:41.028,27.8700,100
44562644316929,12:22:42.644,27.8700,200
44608011445492,12:23:28.011,27.8900,100
44609011944261,12:23:29.011,27.9200,100
44609011944261,12:23:29.011,27.9200,100
44609012434077,12:23:29.012,27.9300,100
44609410396936,12:23:29.410,27.9100,1
44613026387153,12:23:33.026,27.8700,20
44613026387153,12:23:33.026,27.8700,100
44613026387153,12:23:33.026,27.8700,100
44613026387153,12:23:33.026,27.8700,80
44656964837247,12:24:16.964,27.8900,100
44657059035787,12:24:17.059,27.9100,26
44669982203315,12:24:29.982,27.9000,1
44674156732707,12:24:34.156,27.9000,100
44674157100161,12:24:34.157,27.9100,74
44674157100161,12:24:34.157,27.9100,100
44674157100161,12:24:34.157,27.9100,100
44674157125018,12:24:34.157,27.9100,4
44674157141924,12:24:34.157,27.9100,96
44683594688712,12:24:43.594,27.9200,100
44683594688712,12:24:43.594,27.9300,100
44683635875710,12:24:43.635,27.9300,97
44689489454272,12:24:49.489,27.9100,100
44699225559179,12:24:59.225,27.9000,100
44699225559179,12:24:59.225,27.9000,100
44699225880016,12:24:59.225,27.9000,100
44715871305780,12:25:15.871,27.9100,100
44715871305780,12:25:15.871,27.9100,100
44722369987698,12:25:22.369,27.9000,100
44743978036815,12:25:43.978,27.9100,100
44743978036815,12:25:43.978,27.9100,100
44743993862371,12:25:43.993,27.9100,100
44843377128770,12:27:23.377,27.9100,100
44843377128770,12:27:23.377,27.9100,100
44852953517167,12:27:32.953,27.9100,100
44879814741194,12:27:59.814,27.9200,55
44880020263628,12:28:00.020,27.9200,45
44880020263628,12:28:00.020,27.9200,100
44880025037959,12:28:00.025,27.9300,200
44880026101140,12:28:00.026,27.9300,3
44880026101140,12:28:00.026,27.9300,97
44880026149122,12:28:00.026,27.9300,3
44881213822125,12:28:01.213,27.9200,100
44881554220719,12:28:01.554,27.9100,100
44884243478617,12:28:04.243,27.9100,100
44884243478617,12:28:04.243,27.9000,100
44884243504281,12:28:04.243,27.9000,100
44892583254788,12:28:12.583,27.8900,20
44892583361097,12:28:12.583,27.8900,20
44905468087199,12:28:25.468,27.8900,100
44949070298997,12:29:09.070,27.8800,20
44949070298997,12:29:09.070,27.8800,2
44949070298997,12:29:09.070,27.8800,78
44983776209823,12:29:43.776,27.9000,200
44983776374868,12:29:43.776,27.9000,200
44983776724113,12:29:43.776,27.9000,100
44983781172804,12:29:43.781,27.8800,100
45000356056050,12:30:00.356,27.8900,100
45000860840935,12:30:00.860,27.8900,100
45000860840935,12:30:00.860,27.8900,59
45001084179267,12:30:01.084,27.8800,2
45003482610001,12:30:03.482,27.8600,20
45003482610001,12:30:03.482,27.8600,15
45003482638136,12:30:03.482,27.8600,85
45003482638136,12:30:03.482,27.8600,100
45003512717551,12:30:03.512,27.8500,100
45003512717551,12:30:03.512,27.8500,100
45004125017998,12:30:04.125,27.8400,5
45004125017998,12:30:04.125,27.8400,100
45004125017998,12:30:04.125,27.8400,100
45004125050670,12:30:04.125,27.8400,100
45009497948035,12:30:09.497,27.8400,100
45011623062070,12:30:11.623,27.8300,20
45011623411878,12:30:11.623,27.8200,100
45011623411878,12:30:11.623,27.8200,100
45012775338315,12:30:12.775,27.8200,100
45021626403478,12:30:21.626,27.8100,20
45021628569686,12:30:21.628,27.8100,100
45022118359334,12:30:22.118,27.8300,100
45023628090327,12:30:23.628,27.8100,100
45023628090327,12:30:23.628,27.8100,100
45025061308839,12:30:25.061,27.8100,100
45025061308839,12:30:25.061,27.8100,100
45042928789641,12:30:42.928,27.8300,100
45076240174125,12:31:16.240,27.8300,100
45076240453953,12:31:16.240,27.8300,6
45076240597077,12:31:16.240,27.8300,94
45076250537231,12:31:16.250,27.8500,100
45148020337962,12:32:28.020,27.8400,1
45149764011981,12:32:29.764,27.8300,100
45170838424009,12:32:50.838,27.8300,2
45208008836550,12:33:28.008,27.8300,1
45208008948029,12:33:28.008,27.8200,100
45213153868259,12:33:33.153,27.8300,97
45213153868259,12:33:33.153,27.8300,3
45222412860658,12:33:42.412,27.8100,3
45223693956620,12:33:43.693,27.8000,67
45223693956620,12:33:43.693,27.8000,33
45223693988674,12:33:43.693,27.8000,67
45223694016082,12:33:43.694,27.8000,67
45223694017404,12:33:43.694,27.8000,13
45223694098642,12:33:43.694,27.8000,100
45223694099885,12:33:43.694,27.8000,100
45223694101325,12:33:43.694,27.8000,100
45223694308310,12:33:43.694,27.8000,100
45225415243896,12:33:45.415,27.7900,2
45225415243896,12:33:45.415,27.7900,100
45237273993737,12:33:57.273,27.7900,100
45247153077400,12:34:07.153,27.8000,100
45247153914782,12:34:07.153,27.8000,5
45247153939181,12:34:07.153,27.8000,95
45285211254150,12:34:45.211,27.8000,100
45291643288739,12:34:51.643,27.8000,100
45297030206122,12:34:57.030,27.8000,1
45301227381314,12:35:01.227,27.8000,99
45316770207325,12:35:16.770,27.7800,2
45374499526261,12:36:14.499,27.7700,100
45374499526261,12:36:14.499,27.7700,100
45374499558640,12:36:14.499,27.7600,1
45382387431266,12:36:22.387,27.7700,100
45382387431266,12:36:22.387,27.7700,100
45428236911272,12:37:08.236,27.7900,12
45428236933831,12:37:08.236,27.7900,88
45428236933831,12:37:08.236,27.7900,14
45428280219111,12:37:08.280,27.7900,6
45435473293340,12:37:15.473,27.7900,80
45435473293340,12:37:15.473,27.7900,20
45448013570445,12:37:28.013,27.7800,2
45448013570445,12:37:28.013,27.7800,100
45449923209633,12:37:29.923,27.7900,80
45449923209633,12:37:29.923,27.7900,20
45532968082500,12:38:52.968,27.7900,1
45580908087197,12:39:40.908,27.8100,100
45580908201750,12:39:40.908,27.8100,2
45582585504623,12:39:42.585,27.8000,2
45582585504623,12:39:42.585,27.8000,100
45582585504623,12:39:42.585,27.8000,100
45582585504623,12:39:42.585,27.8000,6
45595228773028,12:39:55.228,27.7900,97
45598137353008,12:39:58.137,27.7900,2
45629343710841,12:40:29.343,27.7900,2
45691248402654,12:41:31.248,27.8000,87
45692053949351,12:41:32.053,27.8000,13
45692053949351,12:41:32.053,27.8000,87
45692053980229,12:41:32.053,27.8000,13
45692054000535,12:41:32.054,27.8000,13
45692054040427,12:41:32.054,27.8000,4
45699777034860,12:41:39.777,27.8000,83
45699777034860,12:41:39.777,27.8000,17
45699777090345,12:41:39.777,27.8000,83
45790694889968,12:43:10.694,27.7900,2
45790709204587,12:43:10.709,27.7750,100
45790709204587,12:43:10.709,27.7700,100
45790709204587,12:43:10.709,27.7700,100
45790709231122,12:43:10.709,27.7700,100
45790709234697,12:43:10.709,27.7700,100
45793700256152,12:43:13.700,27.7650,100
45793700256152,12:43:13.700,27.7600,100
45878123148833,12:44:38.123,27.7700,1
45915275003656,12:45:15.275,27.7800,100
45915527020060,12:45:15.527,27.7700,6
45928028099993,12:45:28.028,27.7700,1
45931244790940,12:45:31.244,27.7700,93
45931328771806,12:45:31.328,27.7700,100
45931328771806,12:45:31.328,27.7700,3
45988017717841,12:46:28.017,27.7600,1
45990867259305,12:46:30.867,27.7600,100
45991215617454,12:46:31.215,27.7700,4
46012901186408,12:46:52.901,27.7800,100
46012901211450,12:46:52.901,27.7800,100
46019378566543,12:46:59.378,27.7800,100
46019378566543,12:46:59.378,27.7800,100
46019409447081,12:46:59.409,27.7800,100
46038010626415,12:47:18.010,27.7900,100
46054977388274,12:47:34.977,27.7900,100
46063968679412,12:47:43.968,27.7900,1
46097643687631,12:48:17.643,27.8100,49
46110814977785,12:48:30.814,27.8000,1
46110814977785,12:48:30.814,27.8000,100
46130849631541,12:48:50.849,27.8100,51
46130849631541,12:48:50.849,27.8100,49
46130849678590,12:48:50.849,27.8100,38
46130849883880,12:48:50.849,27.8100,11
46142087585008,12:49:02.087,27.7900,200
46142087585008,12:49:02.087,27.7900,100
46142822263767,12:49:02.822,27.7800,100
46142822289696,12:49:02.822,27.7800,100
46142866492571,12:49:02.866,27.7600,100
46142866492571,12:49:02.866,27.7600,100
46142866492571,12:49:02.866,27.7600,92
46142866521522,12:49:02.866,27.7600,8
46142866523664,12:49:02.866,27.7600,8
46142867194242,12:49:02.867,27.7600,9
46142867923729,12:49:02.867,27.7600,29
46145106876355,12:49:05.106,27.7600,100
46145202858669,12:49:05.202,27.7600,100
46145202943637,12:49:05.202,27.7600,9
46148208419630,12:49:08.208,27.7600,2
46148208442679,12:49:08.208,27.7600,98
46169248344578,12:49:29.248,27.7700,91
46182848609947,12:49:42.848,27.7700,9
46182848609947,12:49:42.848,27.7700,91
46183121908052,12:49:43.121,27.7800,100
46248328042070,12:50:48.328,27.7600,1
46248328042070,12:50:48.328,27.7600,84
46265238814179,12:51:05.238,27.7700,100
46265357148908,12:51:05.357,27.7600,100
46290053737292,12:51:30.053,27.7600,2
46290882212845,12:51:30.882,27.7500,100
46290882212845,12:51:30.882,27.7500,100
46291084076443,12:51:31.084,27.7400,5
46291084076443,12:51:31.084,27.7400,95
46291084103919,12:51:31.084,27.7400,5
46291084104580,12:51:31.084,27.7400,5
46291646422556,12:51:31.646,27.7400,95
46291646422556,12:51:31.646,27.7400,5
46332446834134,12:52:12.446,27.7500,100
46332615178869,12:52:12.615,27.7400,100
46332733463057,12:52:12.733,27.7300,5
46357200422424,12:52:37.200,27.7400,100
46369848004578,12:52:49.848,27.7400,100
46411956820013,12:53:31.956,27.7400,1
46472128295598,12:54:32.128,27.7400,1
46472128295598,12:54:32.128,27.7400,83
46516341270748,12:55:16.341,27.7300,100
46516341270748,12:55:16.341,27.7300,55
46516341286901,12:55:16.341,27.7300,45
46516349618413,12:55:16.349,27.7200,5
46517858768519,12:55:17.858,27.7100,5
46517858768519,12:55:17.858,27.7100,100
46517858768519,12:55:17.858,27.7100,95
46518160234341,12:55:18.160,27.7100,100
46547253925981,12:55:47.253,27.7100,100
46547253925981,12:55:47.253,27.7100,100
46547253925981,12:55:47.253,27.7100,100
46565237529657,12:56:05.237,27.7200,100
46609902046146,12:56:49.902,27.7100,1
46609906657542,12:56:49.906,27.7000,6
46644429308151,12:57:24.429,27.7200,100
46644429353385,12:57:24.429,27.7200,100
46650014732186,12:57:30.014,27.7300,2
46651516417924,12:57:31.516,27.7300,46
46652546910949,12:57:32.546,27.7300,54
46652546941293,12:57:32.546,27.7300,46
46653049457764,12:57:33.049,27.7200,100
46653049457764,12:57:33.049,27.7200,100
46662572002051,12:57:42.572,27.7200,10
46716800249111,12:58:36.800,27.7200,1
46724011094894,12:58:44.011,27.7300,100
46769382647608,12:59:29.382,27.7300,1
46786054177147,12:59:46.054,27.7100,100
46833554235504,13:00:33.554,27.7100,1
46934345709193,13:02:14.345,27.6900,100
46987464934884,13:03:07.464,27.6900,19
46987464934884,13:03:07.464,27.6900,81
46987464967979,13:03:07.464,27.6900,19
46987464967979,13:03:07.464,27.6900,100
46987465815896,13:03:07.465,27.7000,100
46987466509816,13:03:07.466,27.7000,100
46987466535668,13:03:07.466,27.7000,73
46989316343000,13:03:09.316,27.6900,100
46989316343000,13:03:09.316,27.6900,100
47012797083896,13:03:32.797,27.7100,1
47012797083896,13:03:32.797,27.7100,99
47012797110053,13:03:32.797,27.7100,1
47091092234915,13:04:51.092,27.7100,1
47091092234915,13:04:51.092,27.7100,99
47091092264325,13:04:51.092,27.7100,1
47187300593356,13:06:27.300,27.7000,34
47252242975972,13:07:32.242,27.7100,100
47252243228426,13:07:32.243,27.7100,100
47252243228426,13:07:32.243,27.7100,100
47320681128262,13:08:40.681,27.7100,100
47320681128262,13:08:40.681,27.7100,9
47320681140292,13:08:40.681,27.7100,47
47320681332013,13:08:40.681,27.7100,44
47332305884247,13:08:52.305,27.7000,100
47332305909269,13:08:52.305,27.7000,100
47332305909269,13:08:52.305,27.7000,100
47342307721892,13:09:02.307,27.7000,100
47368015618378,13:09:28.015,27.7200,1
47394712833822,13:09:54.712,27.7100,2
47430031888952,13:10:30.031,27.7200,99
47451775980928,13:10:51.775,27.7200,1
47451803367199,13:10:51.803,27.7100,30
47451803367199,13:10:51.803,27.7100,70
47451803395105,13:10:51.803,27.7100,30
47451803395105,13:10:51.803,27.7100,100
47453897640982,13:10:53.897,27.7100,100
47507272866431,13:11:47.272,27.7300,100
47507272979437,13:11:47.272,27.7300,1
47507424512617,13:11:47.424,27.7200,1
47507425802086,13:11:47.425,27.7200,100
47511005235379,13:11:51.005,27.7200,100
47540857363523,13:12:20.857,27.7300,1
47548008214543,13:12:28.008,27.7300,2
47575420218706,13:12:55.420,27.7200,100
47575420218706,13:12:55.420,27.7200,100
47575922259497,13:12:55.922,27.7100,100
47577334638897,13:12:57.334,27.7100,100
47577334638897,13:12:57.334,27.7100,100
47577432161435,13:12:57.432,27.7000,100
47611235911899,13:13:31.235,27.6900,1
47611235911899,13:13:31.235,27.6900,99
47626472057496,13:13:46.472,27.6900,100
47632479893177,13:13:52.479,27.6900,100
47632480359646,13:13:52.480,27.7000,1
47639293836353,13:13:59.293,27.6900,100
47639293836353,13:13:59.293,27.6900,100
47811243141002,13:16:51.243,27.7000,99
47811243141002,13:16:51.243,27.7000,1
47830831222220,13:17:10.831,27.6800,100
47830831222220,13:17:10.831,27.6800,100
47830831222220,13:17:10.831,27.6800,10
47830884134218,13:17:10.884,27.6700,10
47853595654696,13:17:33.595,27.6700,100
47853595688939,13:17:33.595,27.6700,100
47853595880354,13:17:33.595,27.6700,100
47853595907090,13:17:33.595,27.6700,100
47853925325618,13:17:33.925,27.6600,100
47864806793610,13:17:44.806,27.6600,100
47864807916188,13:17:44.807,27.6600,100
47864911396783,13:17:44.911,27.6500,5
47864911396783,13:17:44.911,27.6500,5
47864911396783,13:17:44.911,27.6500,90
47864911425058,13:17:44.911,27.6500,10
47864911425058,13:17:44.911,27.6500,100
47864911425058,13:17:44.911,27.6500,100
47938139009746,13:18:58.139,27.6400,5
47938139009746,13:18:58.139,27.6400,15
47938139009746,13:18:58.139,27.6400,97
47938139040229,13:18:58.139,27.6400,3
47938139040229,13:18:58.139,27.6400,20
47979133321336,13:19:39.133,27.6400,100
47979133321336,13:19:39.133,27.6400,100
47979133355518,13:19:39.133,27.6400,100
47979133355518,13:19:39.133,27.6400,100
47997252064848,13:19:57.252,27.6400,1
48004660081945,13:20:04.660,27.6300,10
48004660081945,13:20:04.660,27.6300,100
48004660081945,13:20:04.660,27.6300,100
48004660081945,13:20:04.660,27.6300,100
48004663387246,13:20:04.663,27.6300,4
48006633111557,13:20:06.633,27.6200,5
48006633111557,13:20:06.633,27.6200,5
48006633111557,13:20:06.633,27.6200,100
48013784628560,13:20:13.784,27.6200,99
48045973009054,13:20:45.973,27.6100,10
48045973009054,13:20:45.973,27.6100,100
48045973009054,13:20:45.973,27.6100,58
48045973035922,13:20:45.973,27.6100,42
48088034888790,13:21:28.034,27.6100,2
48114258898431,13:21:54.258,27.6000,100
48114258923439,13:21:54.258,27.6000,1
48120961556610,13:22:00.961,27.6000,99
48148008706640,13:22:28.008,27.6000,2
48148009124792,13:22:28.009,27.5900,10
48148009223766,13:22:28.009,27.5800,100
48328012766250,13:25:28.012,27.5600,2
48334389857586,13:25:34.389,27.5500,100
48334392197369,13:25:34.392,27.5500,100
48334394253694,13:25:34.394,27.5500,100
48334394343620,13:25:34.394,27.5500,55
48334403070221,13:25:34.403,27.5500,5
48341641562484,13:25:41.641,27.5500,100
48341641562484,13:25:41.641,27.5500,100
48341641562484,13:25:41.641,27.5500,100
48383886023573,13:26:23.886,27.5500,100
48383888144246,13:26:23.888,27.5500,100
48383888177586,13:26:23.888,27.5500,100
48451249758143,13:27:31.249,27.5400,1
48451249758143,13:27:31.249,27.5400,99
48451249799837,13:27:31.249,27.5400,1
48472118552785,13:27:52.118,27.5400,2
48472489648157,13:27:52.489,27.5400,98
48472489648157,13:27:52.489,27.5400,2
48485019968556,13:28:05.019,27.5300,10
48485019968556,13:28:05.019,27.5300,2
48485019968556,13:28:05.019,27.5300,100
48485019968556,13:28:05.019,27.5300,88
48485120810927,13:28:05.120,27.5200,100
48540300895338,13:29:00.300,27.5200,100
48540300895338,13:29:00.300,27.5200,200
48540300949589,13:29:00.300,27.5300,43
48540300975737,13:29:00.300,27.5300,47
48540300987368,13:29:00.300,27.5300,10
48540300996513,13:29:00.300,27.5300,1
48625435828085,13:30:25.435,27.5300,99
48625464741737,13:30:25.464,27.5200,100
48636249294009,13:30:36.249,27.5400,100
48665710925300,13:31:05.710,27.5300,3
48690071159291,13:31:30.071,27.5400,1
48695085745615,13:31:35.085,27.5300,97
48695085745615,13:31:35.085,27.5300,3
48695085816913,13:31:35.085,27.5300,1
48813415920936,13:33:33.415,27.5500,100
48813416266263,13:33:33.416,27.5500,100
48813539108920,13:33:33.539,27.5500,100
48814872542691,13:33:34.872,27.5500,2
48827178169148,13:33:47.178,27.5500,44
48827178196694,13:33:47.178,27.5500,56
48827178196694,13:33:47.178,27.5500,31
48827178196694,13:33:47.178,27.5500,100
48854096884238,13:34:14.096,27.5400,100
48854096884238,13:34:14.096,27.5400,100
48888526327364,13:34:48.526,27.5400,1
48888526966699,13:34:48.526,27.5300,3
48906911827781,13:35:06.911,27.5400,74
48957281290556,13:35:57.281,27.5500,100
48988008326690,13:36:28.008,27.5500,1
49016186849548,13:36:56.186,27.5500,100
49016285427921,13:36:56.285,27.5500,100
49049698373460,13:37:29.698,27.5500,1
49080339115250,13:38:00.339,27.5400,100
49128757441120,13:38:48.757,27.5300,12
49128757441120,13:38:48.757,27.5300,88
49128757474272,13:38:48.757,27.5300,12
49128757510391,13:38:48.757,27.5300,12
49257013753808,13:40:57.013,27.5400,100
49257013753808,13:40:57.013,27.5400,200
49262114438658,13:41:02.114,27.5300,100
49262114438658,13:41:02.114,27.5300,100
49262115362068,13:41:02.115,27.5300,100
49317831963565,13:41:57.831,27.5200,100
49317831963565,13:41:57.831,27.5200,7
49317831963565,13:41:57.831,27.5200,5
49408655024156,13:43:28.655,27.5100,300
49408655024156,13:43:28.655,27.5100,100
49408655024156,13:43:28.655,27.5100,2
49408655265389,13:43:28.655,27.5000,10
49408655265389,13:43:28.655,27.5000,29
49408655267211,13:43:28.655,27.5000,71
49408655267211,13:43:28.655,27.5000,19
49408655296761,13:43:28.655,27.5000,71
49408655296761,13:43:28.655,27.5000,100
49408655296761,13:43:28.655,27.5000,100
49408655296761,13:43:28.655,27.5000,100
49408656828319,13:43:28.656,27.4900,1
49408656828319,13:43:28.656,27.4900,99
49408656865836,13:43:28.656,27.4900,1
49409607358399,13:43:29.607,27.4800,10
49409607358399,13:43:29.607,27.4800,10
49409607358399,13:43:29.607,27.4800,2
49409637802358,13:43:29.637,27.4700,2
49411723143554,13:43:31.723,27.4600,20
49441005740043,13:44:01.005,27.4500,100
49441005740043,13:44:01.005,27.4500,64
49441005746530,13:44:01.005,27.4500,36
49441005746530,13:44:01.005,27.4500,9
49441005756893,13:44:01.005,27.4500,91
49441114044394,13:44:01.114,27.4500,100
49468555082374,13:44:28.555,27.4600,100
49468555082374,13:44:28.555,27.4600,100
49539230665120,13:45:39.230,27.4800,100
49539234076687,13:45:39.234,27.4800,78
49540011056467,13:45:40.011,27.4900,1
49560146489773,13:46:00.146,27.5000,4
49560146600416,13:46:00.146,27.5000,74
49560517727067,13:46:00.517,27.5000,100
49606066416495,13:46:46.066,27.5200,100
49606066477863,13:46:46.066,27.5200,4
49622398183163,13:47:02.398,27.5100,100
49622398183163,13:47:02.398,27.5100,100
49622398183163,13:47:02.398,27.5100,100
49622398183163,13:47:02.398,27.5100,100
49710362088716,13:48:30.362,27.5000,100
49710362126740,13:48:30.362,27.5000,4
49710362126740,13:48:30.362,27.5000,4
49776300719498,13:49:36.300,27.4900,1
49783578216180,13:49:43.578,27.4900,100
49829905392580,13:50:29.905,27.5000,1
49888168114794,13:51:28.168,27.5000,1
49898857405617,13:51:38.857,27.5000,100
49898903061232,13:51:38.903,27.5050,100
49900333228152,13:51:40.333,27.5050,28
49911845762282,13:51:51.845,27.5000,100
49917540273555,13:51:57.540,27.4900,33
49918565691939,13:51:58.565,27.4900,18
49926939748083,13:52:06.939,27.4900,100
49957658185548,13:52:37.658,27.4900,1
49985215897203,13:53:05.215,27.5000,100
49985215897203,13:53:05.215,27.5000,100
49991766248761,13:53:11.766,27.4900,1
49991766278322,13:53:11.766,27.4900,1
50049844584216,13:54:09.844,27.4900,100
50058828996571,13:54:18.828,27.4900,1
50078018448650,13:54:38.018,27.4900,9
50120747867622,13:55:20.747,27.4800,10
50120747867622,13:55:20.747,27.4800,1
50120747867622,13:55:20.747,27.4800,7
50120747867622,13:55:20.747,27.4800,9
50120747867622,13:55:20.747,27.4800,49
50120747867622,13:55:20.747,27.4800,1
50156203718577,13:55:56.203,27.4700,1
50156203718577,13:55:56.203,27.4700,10
50156203718577,13:55:56.203,27.4700,100
50156203718577,13:55:56.203,27.4700,22
50156203727328,13:55:56.203,27.4700,78
50156203758029,13:55:56.203,27.4700,78
50156203781917,13:55:56.203,27.4700,22
50156446871858,13:55:56.446,27.4600,10
50156446871858,13:55:56.446,27.4600,2
50156446871858,13:55:56.446,27.4600,88
50156446923761,13:55:56.446,27.4600,12
50156915698315,13:55:56.915,27.4500,6
50156915698315,13:55:56.915,27.4500,1
50156915698315,13:55:56.915,27.4500,4
50158186839959,13:55:58.186,27.4400,6
50158186839959,13:55:58.186,27.4400,4
50158262277298,13:55:58.262,27.4400,7
50158262345575,13:55:58.262,27.4300,1
50158365869377,13:55:58.365,27.4200,1
50158365869377,13:55:58.365,27.4200,10
50158367919201,13:55:58.367,27.4200,100
50188958581597,13:56:28.958,27.4200,1
50188958581597,13:56:28.958,27.4200,100
50210847738826,13:56:50.847,27.4200,100
50210848605609,13:56:50.848,27.4100,68
50210848696141,13:56:50.848,27.4100,16
50211395019830,13:56:51.395,27.4100,16
50212689260164,13:56:52.689,27.4100,100
50212689260164,13:56:52.689,27.4100,100
50212689260164,13:56:52.689,27.4100,100
50212689435308,13:56:52.689,27.4100,100
50253189057721,13:57:33.189,27.4300,100
50253189057721,13:57:33.189,27.4300,100
50253193217910,13:57:33.193,27.4400,100
50253370379027,13:57:33.370,27.4300,100
50253592697889,13:57:33.592,27.4200,1
50253592697889,13:57:33.592,27.4200,22
50308025258825,13:58:28.025,27.4300,1
50352920816066,13:59:12.920,27.4300,100
50352920855982,13:59:12.920,27.4300,88
50352920864581,13:59:12.920,27.4300,12
50352920864581,13:59:12.920,27.4300,33
50352920896518,13:59:12.920,27.4300,67
50394847871082,13:59:54.847,27.4200,100
50402879441042,14:00:02.879,27.4300,100
50402879441042,14:00:02.879,27.4300,100
50403265352183,14:00:03.265,27.4200,100
50408606462094,14:00:08.606,27.4400,100
50409059609028,14:00:09.059,27.4500,100
50413045180728,14:00:13.045,27.4600,100
50417633983665,14:00:17.633,27.4300,100
50423330617891,14:00:23.330,27.4200,20
50423330617891,14:00:23.330,27.4200,1
50466007287698,14:01:06.007,27.4700,100
50466735666745,14:01:06.735,27.4600,100
50466735774293,14:01:06.735,27.4600,100
50466735774293,14:01:06.735,27.4500,100
50467587174009,14:01:07.587,27.4500,51
50467587192348,14:01:07.587,27.4500,49
50471410493962,14:01:11.410,27.4300,1
50471955700146,14:01:11.955,27.4400,100
50484750356616,14:01:24.750,27.4400,82
50484750358632,14:01:24.750,27.4400,18
50535984388691,14:02:15.984,27.4700,100
50535984388691,14:02:15.984,27.4800,100
50537829384085,14:02:17.829,27.4800,100
50537829384085,14:02:17.829,27.4800,29
50537829384085,14:02:17.829,27.4800,100
50537830154037,14:02:17.830,27.4800,56
50537830619229,14:02:17.830,27.4800,100
50537831295322,14:02:17.831,27.4800,100
50537836731631,14:02:17.836,27.4800,100
50537838697192,14:02:17.838,27.4800,100
50537839511048,14:02:17.839,27.4800,100
50537840421853,14:02:17.840,27.4800,100
50537840694650,14:02:17.840,27.4800,100
50537848182573,14:02:17.848,27.4800,100
50537849166908,14:02:17.849,27.4800,100
50537852344845,14:02:17.852,27.4800,200
50537858171206,14:02:17.858,27.4800,100
50537859687479,14:02:17.859,27.4900,100
50537859843477,14:02:17.859,27.4900,100
50538205763426,14:02:18.205,27.4900,200
50542831187013,14:02:22.831,27.4900,100
50542831187013,14:02:22.831,27.4900,100
50542831346163,14:02:22.831,27.4900,100
50542831346163,14:02:22.831,27.4900,100
50542831537622,14:02:22.831,27.4900,100
50542831537622,14:02:22.831,27.4900,232
50542831537622,14:02:22.831,27.4900,68
50542832787536,14:02:22.832,27.5000,100
50544355715800,14:02:24.355,27.5000,10
50553325903556,14:02:33.325,27.5100,100
50553325903556,14:02:33.325,27.5100,100
50553325903556,14:02:33.325,27.5100,100
50553826350551,14:02:33.826,27.5200,100
50586742525354,14:03:06.742,27.5300,100
50586742554089,14:03:06.742,27.5300,100
50590973493001,14:03:10.973,27.5700,100
50595263569656,14:03:15.263,27.5700,100
50595263569656,14:03:15.263,27.5700,100
50596766685727,14:03:16.766,27.5700,100
50596766685727,14:03:16.766,27.5700,22
50603850587286,14:03:23.850,27.5500,32
50603850587286,14:03:23.850,27.5500,68
50604323107265,14:03:24.323,27.5600,100
50604323107265,14:03:24.323,27.5600,100
50613333803014,14:03:33.333,27.5700,100
50613333803014,14:03:33.333,27.5700,100
50617870880222,14:03:37.870,27.5700,2
50617870893447,14:03:37.870,27.5700,20
50617870915334,14:03:37.870,27.5700,78
50617972788807,14:03:37.972,27.5900,100
50618091604535,14:03:38.091,27.6000,100
50668056831152,14:04:28.056,27.6300,1
50711885349124,14:05:11.885,27.6400,200
50711885349124,14:05:11.885,27.6400,100
50711885371463,14:05:11.885,27.6400,100
50711885888875,14:05:11.885,27.6500,200
50711885901424,14:05:11.885,27.6500,40
50711885920855,14:05:11.885,27.6500,24
50711886016313,14:05:11.886,27.6500,76
50711886016313,14:05:11.886,27.6500,60
50711886016313,14:05:11.886,27.6500,100
50859408439237,14:07:39.408,27.6300,1
50859408439237,14:07:39.408,27.6300,1
50871172954603,14:07:51.172,27.6200,100
50871183628008,14:07:51.183,27.6200,100
50898971583152,14:08:18.971,27.6300,100
50898971583152,14:08:18.971,27.6300,100
50898971583152,14:08:18.971,27.6300,100
50898971746492,14:08:18.971,27.6300,100
50898971975009,14:08:18.971,27.6300,100
50898971975009,14:08:18.971,27.6300,2
50898971987174,14:08:18.971,27.6300,42
50907067833593,14:08:27.067,27.6400,100
50907068858732,14:08:27.068,27.6400,100
50907068858732,14:08:27.068,27.6400,100
50924998720289,14:08:44.998,27.6400,100
50935661214320,14:08:55.661,27.6400,30
50942161618192,14:09:02.161,27.6400,70
50942161618192,14:09:02.161,27.6400,100
50942161618192,14:09:02.161,27.6400,30
50942161854954,14:09:02.161,27.6400,27
50942161856735,14:09:02.161,27.6400,2
50942161857385,14:09:02.161,27.6400,41
50950682751299,14:09:10.682,27.6500,200
50950682922088,14:09:10.682,27.6500,100
50950682947794,14:09:10.682,27.6500,100
50950682947794,14:09:10.682,27.6500,100
50950684173830,14:09:10.684,27.6500,100
50977660267185,14:09:37.660,27.6400,100
50977660267185,14:09:37.660,27.6400,100
50986118264004,14:09:46.118,27.6200,38
51011261608168,14:10:11.261,27.6200,100
51011261637309,14:10:11.261,27.6200,100
51011261737857,14:10:11.261,27.6200,100
51011261893098,14:10:11.261,27.6300,68
51011261896286,14:10:11.261,27.6300,32
51011261896286,14:10:11.261,27.6300,1
51011273272790,14:10:11.273,27.6300,100
51066854191517,14:11:06.854,27.6200,5
51080715624421,14:11:20.715,27.6200,95
51080715624421,14:11:20.715,27.6200,5
51080715766743,14:11:20.715,27.6200,23
51080715784595,14:11:20.715,27.6200,18
51080716021681,14:11:20.716,27.6200,54
51080716021681,14:11:20.716,27.6200,46
51090014782768,14:11:30.014,27.6300,1
51090015386595,14:11:30.015,27.6200,100
51090015386595,14:11:30.015,27.6200,100
51170801470018,14:12:50.801,27.6300,100
51170801470018,14:12:50.801,27.6300,100
51170801502506,14:12:50.801,27.6300,100
51170801700048,14:12:50.801,27.6300,42
51170801781763,14:12:50.801,27.6300,58
51170906283229,14:12:50.906,27.6300,100
51170906925960,14:12:50.906,27.6200,1
51170906925960,14:12:50.906,27.6200,100
51182777019978,14:13:02.777,27.6300,100
51182777019978,14:13:02.777,27.6300,100
51187932947836,14:13:07.932,27.6200,58
51267942127905,14:14:27.942,27.6400,100
51267942127905,14:14:27.942,27.6400,100
51267942127905,14:14:27.942,27.6400,100
51268064960150,14:14:28.064,27.6400,100
51281401219100,14:14:41.401,27.6500,188
51281401219100,14:14:41.401,27.6500,100
51300208468279,14:15:00.208,27.6500,100
51300626274284,14:15:00.626,27.6500,100
51313455546885,14:15:13.455,27.6600,100
51313455546885,14:15:13.455,27.6600,100
51385488245340,14:16:25.488,27.6600,100
51385594029311,14:16:25.594,27.6600,41
51392071087626,14:16:32.071,27.6600,100
51401165487888,14:16:41.165,27.6700,100
51401165487888,14:16:41.165,27.6700,100
51401166150282,14:16:41.166,27.6700,100
51401166316065,14:16:41.166,27.6700,30
51401166871777,14:16:41.166,27.6700,70
51401167269283,14:16:41.167,27.6600,36
51406736665633,14:16:46.736,27.6700,64
51430010657782,14:17:10.010,27.6800,100
51430010698377,14:17:10.010,27.6800,64
51433296395747,14:17:13.296,27.6700,100
51445253149056,14:17:25.253,27.6800,36
51445253149056,14:17:25.253,27.6800,64
51457723888735,14:17:37.723,27.6800,36
51457723888735,14:17:37.723,27.6900,64
51459396645383,14:17:39.396,27.6800,100
51459396645383,14:17:39.396,27.6800,100
51506123047732,14:18:26.123,27.6800,2
51511186091430,14:18:31.186,27.6700,100
51511269987739,14:18:31.269,27.6700,100
51614616748417,14:20:14.616,27.7000,100
51654079880672,14:20:54.079,27.7200,1
51654079880672,14:20:54.079,27.7200,100
51654079880672,14:20:54.079,27.7200,99
51654079912482,14:20:54.079,27.7200,1
51654408829219,14:20:54.408,27.7100,100
51654408829219,14:20:54.408,27.7100,100
51699918914145,14:21:39.918,27.7400,100
51713708151183,14:21:53.708,27.7300,100
51713708151183,14:21:53.708,27.7300,28
51713708167562,14:21:53.708,27.7300,72
51713708167562,14:21:53.708,27.7300,1
51722177426632,14:22:02.177,27.7200,100
51744414163557,14:22:24.414,27.7200,100
51744414391205,14:22:24.414,27.7200,7
51744415618948,14:22:24.415,27.7200,200
51744415654690,14:22:24.415,27.7200,100
51744415784148,14:22:24.415,27.7200,100
51744415784148,14:22:24.415,27.7200,100
51776220299013,14:22:56.220,27.7200,100
51776220299013,14:22:56.220,27.7200,100
51776986479934,14:22:56.986,27.7100,62
51777439410529,14:22:57.439,27.7050,50
51818700165409,14:23:38.700,27.7100,100
51818700209886,14:23:38.700,27.7100,23
51818700470569,14:23:38.700,27.7100,42
51818705293420,14:23:38.705,27.7050,100
51818705293420,14:23:38.705,27.7000,100
51824937035114,14:23:44.937,27.7100,200
51832203747503,14:23:52.203,27.7100,100
51832203882750,14:23:52.203,27.7100,100
51872122941913,14:24:32.122,27.7000,100
51872122941913,14:24:32.122,27.7000,100
51872124055118,14:24:32.124,27.6900,82
51872124067105,14:24:32.124,27.6900,18
51872124090325,14:24:32.124,27.6900,18
51898417932089,14:24:58.417,27.6900,3
51929800432405,14:25:29.800,27.6800,6
51929800432405,14:25:29.800,27.6800,17
51994279852694,14:26:34.279,27.6700,1
52002336993754,14:26:42.336,27.6600,100
52114010556360,14:28:34.010,27.6500,21
52114010566142,14:28:34.010,27.6500,40
52114010725214,14:28:34.010,27.6500,39
52114166007926,14:28:34.166,27.6400,100
52123213355837,14:28:43.213,27.6500,100
52123214002012,14:28:43.214,27.6500,100
52200274994432,14:30:00.274,27.6400,100
52204777157063,14:30:04.777,27.6400,15
52204777698923,14:30:04.777,27.6400,85
52212580040977,14:30:12.580,27.6400,100
52212580066716,14:30:12.580,27.6400,100
52212580066716,14:30:12.580,27.6400,100
52213298195420,14:30:13.298,27.6400,100
52220388273045,14:30:20.388,27.6300,100
52238013429407,14:30:38.013,27.6300,32
52238013429407,14:30:38.013,27.6300,68
52250015487557,14:30:50.015,27.6100,100
52250016677992,14:30:50.016,27.6100,100
52250016724184,14:30:50.016,27.6100,7
52251486800081,14:30:51.486,27.6200,100
52254014167232,14:30:54.014,27.6100,100
52268006467279,14:31:08.006,27.5900,17
52276013597089,14:31:16.013,27.5800,100
52284881948511,14:31:24.881,27.5700,100
52285014053167,14:31:25.014,27.5700,100
52288294943779,14:31:28.294,27.5600,100
52292225147863,14:31:32.225,27.5600,100
52292225147863,14:31:32.225,27.5600,100
52312567398695,14:31:52.567,27.5600,100
52327550491991,14:32:07.550,27.5700,100
52346711175499,14:32:26.711,27.5700,5
52346711175499,14:32:26.711,27.5800,95
52356167811292,14:32:36.167,27.5800,100
52356167811292,14:32:36.167,27.5800,100
52356168310274,14:32:36.168,27.5800,20
52382232161116,14:33:02.232,27.5900,100
52428131241529,14:33:48.131,27.5900,100
52433266687828,14:33:53.266,27.5900,100
52464122233449,14:34:24.122,27.6000,100
52490026943549,14:34:50.026,27.6000,100
52490026975943,14:34:50.026,27.6000,100
52501663920418,14:35:01.663,27.6100,100
52501663957912,14:35:01.663,27.6100,13
52514354136313,14:35:14.354,27.6200,100
52514354136313,14:35:14.354,27.6200,100
52519997467220,14:35:19.997,27.6200,76
52519997476338,14:35:19.997,27.6200,24
52519997476338,14:35:19.997,27.6200,13
52519997482657,14:35:19.997,27.6200,74
52519997545863,14:35:19.997,27.6200,13
52532177539729,14:35:32.177,27.6200,100
52566061307582,14:36:06.061,27.6100,52
52566069894942,14:36:06.069,27.6100,100
52566070957923,14:36:06.070,27.6100,100
52566072026722,14:36:06.072,27.6200,100
52566072079736,14:36:06.072,27.6200,100
52593645421255,14:36:33.645,27.6200,100
52610333954536,14:36:50.333,27.6200,200
52631061811099,14:37:11.061,27.6100,200
52631061811099,14:37:11.061,27.6100,100
52631062072955,14:37:11.062,27.6100,100
52645804046660,14:37:25.804,27.6200,74
52645804149219,14:37:25.804,27.6200,26
52703468100964,14:38:23.468,27.6300,100
52703468130763,14:38:23.468,27.6300,100
52703468130763,14:38:23.468,27.6300,100
52703468130763,14:38:23.468,27.6300,100
52724277744455,14:38:44.277,27.6400,100
52763222020295,14:39:23.222,27.6400,13
52763222233578,14:39:23.222,27.6400,45
52763222240516,14:39:23.222,27.6400,42
52763222240516,14:39:23.222,27.6400,33
52763222246280,14:39:23.222,27.6400,37
52763222282994,14:39:23.222,27.6400,30
52857015997312,14:40:57.015,27.6400,1
52864220081773,14:41:04.220,27.6400,100
52883051957568,14:41:23.051,27.6500,20
52932976278838,14:42:12.976,27.6600,1
52938706415757,14:42:18.706,27.6600,99
52938706415757,14:42:18.706,27.6600,14
52938706426287,14:42:18.706,27.6600,37
52938706438766,14:42:18.706,27.6600,49
52938706438766,14:42:18.706,27.6600,5
52938706510266,14:42:18.706,27.6600,95
52938706510266,14:42:18.706,27.6600,54
52938706548423,14:42:18.706,27.6600,46
52958437197393,14:42:38.437,27.6600,100
52958437197393,14:42:38.437,27.6600,100
52970368626883,14:42:50.368,27.6600,100
52995075851796,14:43:15.075,27.6500,100
52995075851796,14:43:15.075,27.6500,100
52996102730029,14:43:16.102,27.6400,37
52996102777865,14:43:16.102,27.6400,63
52996102777865,14:43:16.102,27.6400,50
52996102980549,14:43:16.102,27.6400,50
53020374560671,14:43:40.374,27.6500,100
53020374594169,14:43:40.374,27.6500,200
53020374728603,14:43:40.374,27.6500,100
53020374728603,14:43:40.374,27.6500,100
53020377668273,14:43:40.377,27.6500,100
53033854309959,14:43:53.854,27.6500,100
53033854344893,14:43:53.854,27.6500,100
53033854354572,14:43:53.854,27.6500,100
53035779580547,14:43:55.779,27.6600,100
53077373833659,14:44:37.373,27.6700,13
53090253599916,14:44:50.253,27.6700,100
53090253636758,14:44:50.253,27.6700,50
53090253643376,14:44:50.253,27.6700,37
53090253657906,14:44:50.253,27.6700,100
53090253709067,14:44:50.253,27.6700,5
53090253827461,14:44:50.253,27.6700,100
53090257410108,14:44:50.257,27.6700,100
53091032170664,14:44:51.032,27.6700,100
53094528431697,14:44:54.528,27.6600,1
53094529570820,14:44:54.529,27.6500,100
53094530360549,14:44:54.530,27.6400,100
53135425967412,14:45:35.425,27.6500,100
53156447498009,14:45:56.447,27.6500,200
53156447498009,14:45:56.447,27.6500,100
53157026111451,14:45:57.026,27.6600,1
53161726008516,14:46:01.726,27.6600,199
53161726008516,14:46:01.726,27.6600,100
53161726008516,14:46:01.726,27.6600,1
53161726074328,14:46:01.726,27.6600,4
53188256308534,14:46:28.256,27.6600,95
53188256308534,14:46:28.256,27.6600,5
53188264020638,14:46:28.264,27.6600,100
53188267178349,14:46:28.267,27.6600,95
53205152735595,14:46:45.152,27.6700,100
53205152735595,14:46:45.152,27.6700,100
53220381804610,14:47:00.381,27.6700,100
53220381804610,14:47:00.381,27.6700,200
53220381804610,14:47:00.381,27.6700,100
53220381804610,14:47:00.381,27.6700,100
53221116099390,14:47:01.116,27.6800,100
53221116240484,14:47:01.116,27.6800,100
53221116240484,14:47:01.116,27.6800,100
53236300781728,14:47:16.300,27.6950,100
53236300781728,14:47:16.300,27.7000,100
53236300781728,14:47:16.300,27.7000,100
53236300781728,14:47:16.300,27.7000,11
53236300864416,14:47:16.300,27.7000,100
53236301881202,14:47:16.301,27.7000,89
53236301881202,14:47:16.301,27.7000,100
53248657851885,14:47:28.657,27.7100,31
53248657851885,14:47:28.657,27.7100,7
53248657852961,14:47:28.657,27.7100,78
53248657856221,14:47:28.657,27.7100,15
53248657856221,14:47:28.657,27.7100,24
53248657860533,14:47:28.657,27.7100,76
53269253143202,14:47:49.253,27.7100,100
53276308475351,14:47:56.308,27.7100,100
53276321764854,14:47:56.321,27.7000,100
53297217338067,14:48:17.217,27.7000,37
53297217350991,14:48:17.217,27.7000,37
53297217372780,14:48:17.217,27.7000,26
53297217372780,14:48:17.217,27.7000,7
53297217372780,14:48:17.217,27.7000,100
53314331680323,14:48:34.331,27.7000,100
53314331680323,14:48:34.331,27.7000,100
53443379143864,14:50:43.379,27.7000,1
53465115939264,14:51:05.115,27.6900,38
53465115982569,14:51:05.115,27.6900,74
53465116382920,14:51:05.116,27.6900,26
53465116382920,14:51:05.116,27.6900,74
53465117268634,14:51:05.117,27.6900,26
53467270919252,14:51:07.270,27.6900,100
53467271083106,14:51:07.271,27.6900,100
53522932086835,14:52:02.932,27.7000,100
53522932086835,14:52:02.932,27.7000,100
53522932153700,14:52:02.932,27.7000,84
53522932153700,14:52:02.932,27.7000,16
53522932297442,14:52:02.932,27.7000,8
53524134155490,14:52:04.134,27.6900,100
53524134155490,14:52:04.134,27.6900,100
53541061451086,14:52:21.061,27.7000,76
53541061451086,14:52:21.061,27.7000,100
53541061451086,14:52:21.061,27.7000,100
53550026872806,14:52:30.026,27.7100,100
53550026872806,14:52:30.026,27.7100,100
53550027021027,14:52:30.027,27.7100,100
53550027021027,14:52:30.027,27.7100,100
53550128781135,14:52:30.128,27.7200,100
53550130371725,14:52:30.130,27.7200,100
53560453602344,14:52:40.453,27.7300,100
53560453602344,14:52:40.453,27.7300,100
53560453762085,14:52:40.453,27.7300,100
53632272960639,14:53:52.272,27.7600,2
53668117962501,14:54:28.117,27.7800,1
53680697675927,14:54:40.697,27.7500,100
53729023811012,14:55:29.023,27.7700,1
53768050976850,14:56:08.050,27.7700,100
53784279384625,14:56:24.279,27.7550,100
53793225693861,14:56:33.225,27.7550,999
53793225693861,14:56:33.225,27.7600,1
53794490270276,14:56:34.490,27.7550,100
53801731556933,14:56:41.731,27.7550,100
53804581153211,14:56:44.581,27.7550,100
53804603857778,14:56:44.603,27.7550,2
53804609080096,14:56:44.609,27.7550,200
53808185139021,14:56:48.185,27.7550,100
53823980397952,14:57:03.980,27.7500,100
53860163769678,14:57:40.163,27.7500,200
53860166036246,14:57:40.166,27.7500,100
53860166443431,14:57:40.166,27.7400,100
53872883997293,14:57:52.883,27.7450,100
53874720236027,14:57:54.720,27.7450,100
53875070194990,14:57:55.070,27.7450,100
53879566095503,14:57:59.566,27.7450,100
53882570273009,14:58:02.570,27.7450,100
53889198518123,14:58:09.198,27.7450,100
53889714991974,14:58:09.714,27.7450,100
53894695953915,14:58:14.695,27.7450,100
53901398493326,14:58:21.398,27.7450,100
53907903135203,14:58:27.903,27.7450,200
53911283535812,14:58:31.283,27.7450,200
53915373897872,14:58:35.373,27.7450,200
53925954074457,14:58:45.954,27.7450,200
53932430379219,14:58:52.430,27.7450,200
53937036732200,14:58:57.036,27.7450,1
53950769326224,14:59:10.769,27.7450,200
53950770765020,14:59:10.770,27.7450,100
53969609973898,14:59:29.609,27.7450,100
53979948938026,14:59:39.948,27.7450,100
53993254523185,14:59:53.254,27.7450,147
53999277348187,14:59:59.277,27.7400,100
54052914551525,15:00:52.914,27.7450,553
54052914551525,15:00:52.914,27.7500,47
54052915621013,15:00:52.915,27.7500,53
54052915621013,15:00:52.915,27.7500,100
54052915621013,15:00:52.915,27.7500,100
54052915621013,15:00:52.915,27.7500,200
54052915621013,15:00:52.915,27.7500,47
54052915650322,15:00:52.915,27.7500,53
54052915655375,15:00:52.915,27.7500,53
54052915658564,15:00:52.915,27.7500,27
54052915719143,15:00:52.915,27.7500,20
54052916508698,15:00:52.916,27.7500,100
54052916508698,15:00:52.916,27.7500,100
54059292543646,15:00:59.292,27.7400,100
54059292543646,15:00:59.292,27.7400,100
54083874908280,15:01:23.874,27.7400,100
54083874908280,15:01:23.874,27.7400,100
54083874908280,15:01:23.874,27.7400,100
54083874908280,15:01:23.874,27.7400,100
54083875025826,15:01:23.875,27.7400,100
54083875258904,15:01:23.875,27.7300,5
54083875258904,15:01:23.875,27.7300,11
54083875415189,15:01:23.875,27.7300,89
54083875415189,15:01:23.875,27.7300,41
54083875452211,15:01:23.875,27.7300,59
54083875452211,15:01:23.875,27.7300,5
54116198511383,15:01:56.198,27.7300,200
54116198511383,15:01:56.198,27.7300,100
54116198511383,15:01:56.198,27.7300,100
54116198751544,15:01:56.198,27.7300,100
54116619330878,15:01:56.619,27.7400,200
54116619363522,15:01:56.619,27.7400,100
54116619513091,15:01:56.619,27.7400,200
54116619513091,15:01:56.619,27.7400,200
54141280247609,15:02:21.280,27.7300,100
54223606328158,15:03:43.606,27.7400,100
54249731805582,15:04:09.731,27.7400,129
54249731879846,15:04:09.731,27.7400,71
54249731879846,15:04:09.731,27.7400,100
54249731879846,15:04:09.731,27.7400,100
54249733268129,15:04:09.733,27.7400,100
54333298812263,15:05:33.298,27.7300,100
54333298812263,15:05:33.298,27.7300,100
54333298812263,15:05:33.298,27.7300,100
54333299467477,15:05:33.299,27.7200,5
54333299467477,15:05:33.299,27.7200,5
54333299467477,15:05:33.299,27.7200,43
54333299525580,15:05:33.299,27.7200,57
54333341393056,15:05:33.341,27.7300,4
54334521497348,15:05:34.521,27.7300,100
54334521497348,15:05:34.521,27.7300,100
54334521942924,15:05:34.521,27.7300,100
54353118994092,15:05:53.118,27.7300,100
54353118994092,15:05:53.118,27.7300,100
54353118994092,15:05:53.118,27.7300,100
54355669405128,15:05:55.669,27.7200,10
54355669405128,15:05:55.669,27.7200,100
54358183666915,15:05:58.183,27.7200,118
54358183666915,15:05:58.183,27.7200,100
54358183666915,15:05:58.183,27.7200,100
54358183666915,15:05:58.183,27.7200,100
54358183666915,15:05:58.183,27.7200,4
54376136427138,15:06:16.136,27.7250,44
54376233056833,15:06:16.233,27.7250,44
54417013487323,15:06:57.013,27.7250,2
54481398797976,15:08:01.398,27.7250,52
54485570104858,15:08:05.570,27.7250,200
54485570197715,15:08:05.570,27.7250,84
54485570345562,15:08:05.570,27.7250,74
54485570345562,15:08:05.570,27.7300,26
54485570352054,15:08:05.570,27.7300,48
54485570358755,15:08:05.570,27.7300,26
54485570358755,15:08:05.570,27.7300,100
54485570392845,15:08:05.570,27.7300,16
54485570406445,15:08:05.570,27.7300,84
54538287183916,15:08:58.287,27.7350,100
54545728465756,15:09:05.728,27.7300,100
54545728552914,15:09:05.728,27.7300,200
54545728552914,15:09:05.728,27.7300,100
54545728552914,15:09:05.728,27.7300,100
54545728552914,15:09:05.728,27.7300,7
54574072432414,15:09:34.072,27.7200,46
54592355108037,15:09:52.355,27.7200,54
54592355108037,15:09:52.355,27.7200,20
54592355183187,15:09:52.355,27.7200,80
54592355183187,15:09:52.355,27.7200,100
54598908020069,15:09:58.908,27.7200,11
54633571351378,15:10:33.571,27.7100,5
54633571351378,15:10:33.571,27.7100,5
54633571351378,15:10:33.571,27.7100,10
54633571351378,15:10:33.571,27.7100,59
54633571401919,15:10:33.571,27.7100,41
54633571401919,15:10:33.571,27.7100,100
54633571401919,15:10:33.571,27.7100,59
54633571433487,15:10:33.571,27.7100,41
54634242733804,15:10:34.242,27.7100,100
54634242733804,15:10:34.242,27.7100,100
54641170739967,15:10:41.170,27.7100,14
54641170739967,15:10:41.170,27.7100,86
54641170990264,15:10:41.170,27.7100,14
54657140765698,15:10:57.140,27.7000,1
54657140765698,15:10:57.140,27.7000,3
54657140765698,15:10:57.140,27.7000,5
54657140765698,15:10:57.140,27.7000,53
54665966495276,15:11:05.966,27.7000,1
54665966495276,15:11:05.966,27.7000,100
54666878548034,15:11:06.878,27.7000,100
54670069400171,15:11:10.069,27.6900,10
54670069400171,15:11:10.069,27.6900,90
54670070051865,15:11:10.070,27.6900,10
54692020126939,15:11:32.020,27.6900,200
54692020154769,15:11:32.020,27.6900,100
54692020154769,15:11:32.020,27.6900,100
54724263552172,15:12:04.263,27.7000,100
54724263654943,15:12:04.263,27.7000,100
54724263654943,15:12:04.263,27.7000,100
54731396046579,15:12:11.396,27.7000,100
54802027362924,15:13:22.027,27.7100,101
54806346182092,15:13:26.346,27.7100,100
54806346182092,15:13:26.346,27.7100,100
54806346182092,15:13:26.346,27.7100,100
54806346182092,15:13:26.346,27.7100,100
54806346474716,15:13:26.346,27.7200,100
54806346474716,15:13:26.346,27.7200,100
54808012492480,15:13:28.012,27.7300,1
54855669754484,15:14:15.669,27.7400,100
54855669754484,15:14:15.669,27.7400,100
54856056264024,15:14:16.056,27.7500,1
54881527848438,15:14:41.527,27.7600,100
54881527848958,15:14:41.527,27.7600,48
54881527863949,15:14:41.527,27.7600,52
54881527907706,15:14:41.527,27.7600,52
54881527915693,15:14:41.527,27.7600,15
54881528450280,15:14:41.528,27.7600,33
54881543149029,15:14:41.543,27.7600,100
54882009233339,15:14:42.009,27.7700,1
54892231238639,15:14:52.231,27.7700,100
54892231238639,15:14:52.231,27.7700,100
54892231238639,15:14:52.231,27.7700,100
54948001332153,15:15:48.001,27.7700,100
54948001332153,15:15:48.001,27.7700,100
54948001332153,15:15:48.001,27.7700,95
54948001339757,15:15:48.001,27.7700,105
54948001339757,15:15:48.001,27.7700,42
54948001345678,15:15:48.001,27.7700,22
54948001379346,15:15:48.001,27.7700,36
54948001379346,15:15:48.001,27.7700,100
54948001379346,15:15:48.001,27.7700,100
54955199381456,15:15:55.199,27.7800,100
54955199381456,15:15:55.199,27.7800,100
54955199408320,15:15:55.199,27.7800,100
54955199445700,15:15:55.199,27.7800,3
54955199544955,15:15:55.199,27.7800,97
54955199544955,15:15:55.199,27.7800,97
54989012766843,15:16:29.012,27.8000,1
54989012794164,15:16:29.012,27.7900,42
54989012795641,15:16:29.012,27.7900,58
54989012795641,15:16:29.012,27.7900,16
54989012829234,15:16:29.012,27.7900,100
54989012832600,15:16:29.012,27.7900,84
54989012832600,15:16:29.012,27.7900,38
54989012900770,15:16:29.012,27.7900,62
54989012900770,15:16:29.012,27.7900,38
54998523637221,15:16:38.523,27.7800,100
54998523637221,15:16:38.523,27.7800,100
54998523637221,15:16:38.523,27.7800,62
54998523637221,15:16:38.523,27.7800,100
54998523637221,15:16:38.523,27.7800,100
54998523868882,15:16:38.523,27.7800,200
54998523868882,15:16:38.523,27.7800,100
54998527592159,15:16:38.527,27.7700,100
54998527592159,15:16:38.527,27.7700,100
55017314865884,15:16:57.314,27.7700,100
55017315081295,15:16:57.315,27.7700,100
55017315228537,15:16:57.315,27.7700,100
55017315228537,15:16:57.315,27.7700,100
55044398230951,15:17:24.398,27.7600,100
55058987055484,15:17:38.987,27.7500,74
55058987327523,15:17:38.987,27.7500,24
55058987371530,15:17:38.987,27.7500,2
55095590681304,15:18:15.590,27.7400,100
55095590945161,15:18:15.590,27.7400,100
55095593912891,15:18:15.593,27.7300,10
55095604547588,15:18:15.604,27.7200,100
55100027875268,15:18:20.027,27.7200,100
55100027875268,15:18:20.027,27.7200,200
55100027979085,15:18:20.027,27.7200,100
55100028010861,15:18:20.028,27.7200,100
55100035471529,15:18:20.035,27.7300,100
55100042668196,15:18:20.042,27.7300,52
55100042692738,15:18:20.042,27.7300,148
55106108054074,15:18:26.108,27.7300,100
55108025321987,15:18:28.025,27.7300,100
55109728847652,15:18:29.728,27.7300,16
55109728878450,15:18:29.728,27.7300,84
55109735416105,15:18:29.735,27.7200,100
55126239913334,15:18:46.239,27.7300,14
55126239913334,15:18:46.239,27.7300,200
55126239913334,15:18:46.239,27.7300,66
55126240427144,15:18:46.240,27.7300,34
55126240427144,15:18:46.240,27.7300,100
55126240427144,15:18:46.240,27.7300,100
55202711630838,15:20:02.711,27.7400,100
55202711677959,15:20:02.711,27.7400,100
55202711708770,15:20:02.711,27.7400,100
55202711715445,15:20:02.711,27.7400,98
55202711723812,15:20:02.711,27.7400,2
55202711723812,15:20:02.711,27.7400,200
55202711723812,15:20:02.711,27.7400,98
55202711739009,15:20:02.711,27.7400,2
55227509430568,15:20:27.509,27.7500,200
55227509430568,15:20:27.509,27.7500,100
55227509715902,15:20:27.509,27.7500,96
55227509742396,15:20:27.509,27.7500,104
55234001986283,15:20:34.001,27.7600,20
55234001992192,15:20:34.001,27.7600,80
55234001992192,15:20:34.001,27.7600,20
55234001996577,15:20:34.001,27.7600,74
55234001999101,15:20:34.001,27.7600,6
55239280339297,15:20:39.280,27.7400,100
55239280339297,15:20:39.280,27.7400,100
55261172908613,15:21:01.172,27.7400,100
55261172908613,15:21:01.172,27.7400,100
55295609779456,15:21:35.609,27.7300,100
55295609824245,15:21:35.609,27.7300,100
55340817646828,15:22:20.817,27.7200,2
55340817646828,15:22:20.817,27.7200,2
55340817711183,15:22:20.817,27.7200,98
55340817711183,15:22:20.817,27.7200,2
55340817759864,15:22:20.817,27.7200,98
55340819565127,15:22:20.819,27.7200,200
55340823700856,15:22:20.823,27.7100,2
55340823700856,15:22:20.823,27.7100,100
55340823700856,15:22:20.823,27.7100,98
55341597988824,15:22:21.597,27.7100,100
55373893511522,15:22:53.893,27.7100,100
55373893551608,15:22:53.893,27.7100,7
55373902084713,15:22:53.902,27.7000,100
55373902084713,15:22:53.902,27.7000,100
55378598279294,15:22:58.598,27.7000,100
55378598306916,15:22:58.598,27.7000,49
55378598306916,15:22:58.598,27.7000,17
55378598306916,15:22:58.598,27.7000,200
55378598309543,15:22:58.598,27.7000,266
55378598322892,15:22:58.598,27.7000,34
55378603274407,15:22:58.603,27.7000,100
55378615456521,15:22:58.615,27.7100,200
55378615456521,15:22:58.615,27.7100,100
55382265177740,15:23:02.265,27.7100,32
55409774627106,15:23:29.774,27.6900,100
55409774699723,15:23:29.774,27.6900,100
55430840070037,15:23:50.840,27.6700,100
55430840198026,15:23:50.840,27.6700,2
55430840198026,15:23:50.840,27.6700,100
55430840198026,15:23:50.840,27.6700,100
55430840198026,15:23:50.840,27.6700,100
55435202279870,15:23:55.202,27.6700,100
55458237511583,15:24:18.237,27.6900,100
55461093199020,15:24:21.093,27.6900,100
55528322323857,15:25:28.322,27.7000,92
55528322569355,15:25:28.322,27.7000,8
55528322569355,15:25:28.322,27.7000,187
55528322574561,15:25:28.322,27.7000,13
55528322574561,15:25:28.322,27.7000,14
55528322576739,15:25:28.322,27.7000,22
55528323705194,15:25:28.323,27.7000,100
55528325146758,15:25:28.325,27.7000,78
55593675084649,15:26:33.675,27.7000,100
55642504288223,15:27:22.504,27.7000,100
55642504288223,15:27:22.504,27.7000,100
55642504288223,15:27:22.504,27.7000,100
55642504288223,15:27:22.504,27.7000,200
55642504288223,15:27:22.504,27.7000,100
55642504288223,15:27:22.504,27.7000,100
55673115850515,15:27:53.115,27.7000,300
55673115850515,15:27:53.115,27.7000,100
55673116186505,15:27:53.116,27.7000,122
55673116229002,15:27:53.116,27.7000,100
55673116233690,15:27:53.116,27.7000,74
55673116524010,15:27:53.116,27.7000,4
55673143249600,15:27:53.143,27.7100,300
55673143249600,15:27:53.143,27.7100,78
55673143249600,15:27:53.143,27.7100,100
55673143294786,15:27:53.143,27.7100,100
55685365015227,15:28:05.365,27.7100,100
55685365015227,15:28:05.365,27.7100,100
55685365015227,15:28:05.365,27.7100,100
55693118019617,15:28:13.118,27.7100,64
55693118693254,15:28:13.118,27.7100,36
55693118825783,15:28:13.118,27.7100,100
55693118864730,15:28:13.118,27.7100,100
55755523472582,15:29:15.523,27.7100,100
55755523488272,15:29:15.523,27.7100,1
55755523488272,15:29:15.523,27.7100,49
55755523504525,15:29:15.523,27.7100,51
55800680557728,15:30:00.680,27.6950,21
55800682505136,15:30:00.682,27.6950,79
55800682505136,15:30:00.682,27.6900,100
55800682505136,15:30:00.682,27.6900,21
55800682812975,15:30:00.682,27.6900,79
55800789662065,15:30:00.789,27.6800,100
55807224695969,15:30:07.224,27.6700,100
55807224695969,15:30:07.224,27.6700,100
55826110917727,15:30:26.110,27.6600,100
55829012447896,15:30:29.012,27.6700,100
55829012447896,15:30:29.012,27.6700,100
55829012447896,15:30:29.012,27.6700,100
55832866950838,15:30:32.866,27.6800,14
55877460069881,15:31:17.460,27.7000,300
55877460437151,15:31:17.460,27.7000,100
55888040542771,15:31:28.040,27.7100,2
55896443202162,15:31:36.443,27.7100,100
55896443202162,15:31:36.443,27.7100,200
55896696963572,15:31:36.696,27.7000,100
55896697520127,15:31:36.697,27.7000,100
55896697527274,15:31:36.697,27.7000,100
55896697738047,15:31:36.697,27.7000,62
55927534643285,15:32:07.534,27.7100,100
55927534643285,15:32:07.534,27.7100,200
55927534643285,15:32:07.534,27.7100,300
55927534643285,15:32:07.534,27.7100,100
55927559762230,15:32:07.559,27.7200,100
55927559762230,15:32:07.559,27.7200,200
55927559762230,15:32:07.559,27.7200,100
55927559762230,15:32:07.559,27.7200,200
55927559762230,15:32:07.559,27.7200,200
55929183341469,15:32:09.183,27.7200,100
55998067524549,15:33:18.067,27.7000,100
55998067524549,15:33:18.067,27.7000,200
55998067524549,15:33:18.067,27.7000,100
55998067524549,15:33:18.067,27.7000,100
55998067766874,15:33:18.067,27.7000,100
55998067790582,15:33:18.067,27.7000,100
55998067790582,15:33:18.067,27.7000,208
55998068675669,15:33:18.068,27.7100,100
55998068744179,15:33:18.068,27.7100,100
55998068744179,15:33:18.068,27.7100,100
55998068784610,15:33:18.068,27.7100,100
55998068784610,15:33:18.068,27.7100,100
55998068784610,15:33:18.068,27.7100,63
55998068812161,15:33:18.068,27.7100,37
55999009707482,15:33:19.009,27.7200,100
55999009707482,15:33:19.009,27.7200,80
56004644721807,15:33:24.644,27.7100,100
56004644721807,15:33:24.644,27.7100,100
56004645838039,15:33:24.645,27.7100,1
56004645900640,15:33:24.645,27.7100,99
56004645949168,15:33:24.645,27.7100,1
56004645996575,15:33:24.645,27.7100,100
56004646306895,15:33:24.646,27.7100,19
56004646306895,15:33:24.646,27.7100,400
56004646306895,15:33:24.646,27.7100,1000
56004646306895,15:33:24.646,27.7100,100
56004646306895,15:33:24.646,27.7100,100
56004663352922,15:33:24.663,27.7100,100
56004667249687,15:33:24.667,27.7100,100
56005072877072,15:33:25.072,27.7200,200
56005072877072,15:33:25.072,27.7200,100
56005072877072,15:33:25.072,27.7200,100
56005640075573,15:33:25.640,27.7200,100
56005640075573,15:33:25.640,27.7200,100
56006640299325,15:33:26.640,27.7100,100
56006640299325,15:33:26.640,27.7100,94
56007033726542,15:33:27.033,27.7000,99
56007638407030,15:33:27.638,27.7050,200
56008639978779,15:33:28.639,27.7000,1
56008639978779,15:33:28.639,27.7000,99
56008640264385,15:33:28.640,27.7000,1
56008690846867,15:33:28.690,27.7000,26
56008690846867,15:33:28.690,27.7000,100
56008690846867,15:33:28.690,27.7000,100
56008691653998,15:33:28.691,27.7100,100
56008691682307,15:33:28.691,27.7100,100
56008691682307,15:33:28.691,27.7100,100
56010640146634,15:33:30.640,27.7000,100
56010640146634,15:33:30.640,27.7000,100
56011640317407,15:33:31.640,27.6950,100
56012640293193,15:33:32.640,27.6900,100
56015562492553,15:33:35.562,27.6900,100
56015562492553,15:33:35.562,27.6900,200
56015562492553,15:33:35.562,27.6900,100
56015563594375,15:33:35.563,27.7100,100
56015640479134,15:33:35.640,27.7100,100
56015640479134,15:33:35.640,27.7100,100
56016230723503,15:33:36.230,27.7000,100
56016640963918,15:33:36.640,27.7000,100
56017667135256,15:33:37.667,27.6900,100
56018639835526,15:33:38.639,27.6900,100
56018639835526,15:33:38.639,27.6900,100
56018639835526,15:33:38.639,27.6900,100
56019640991097,15:33:39.640,27.6800,100
56019644985965,15:33:39.644,27.6800,100
56019644985965,15:33:39.644,27.6800,74
56019645215294,15:33:39.645,27.6800,26
56019645215294,15:33:39.645,27.6800,24
56019645735667,15:33:39.645,27.6800,176
56020641126053,15:33:40.641,27.6800,100
56020641126053,15:33:40.641,27.6800,100
56027640701937,15:33:47.640,27.6800,100
56027640701937,15:33:47.640,27.6800,100
56048758961323,15:34:08.758,27.6600,1
56048758986690,15:34:08.758,27.6600,199
56048758986690,15:34:08.758,27.6600,100
56048759410787,15:34:08.759,27.6700,100
56048759410787,15:34:08.759,27.6700,100
56049703203008,15:34:09.703,27.6600,200
56049703203008,15:34:09.703,27.6600,98
56052499790534,15:34:12.499,27.6500,2
56057759521844,15:34:17.759,27.6500,100
56062758363770,15:34:22.758,27.6600,100
56067446711920,15:34:27.446,27.6600,100
