timestamp,time,price,volume
34200259808268,09:30:00.259,0.1989,3574
34262723462899,09:31:02.723,0.1980,1000
34297193468962,09:31:37.193,0.1980,5000
34414169099426,09:33:34.169,0.1970,225
34414169099426,09:33:34.169,0.1970,500
34414169099426,09:33:34.169,0.1970,25
34414169099426,09:33:34.169,0.1970,1500
34414169099426,09:33:34.169,0.1970,650
34414197629250,09:33:34.197,0.1970,67
34414211270967,09:33:34.211,0.1965,50
34414211270967,09:33:34.211,0.1960,1000
34414211270967,09:33:34.211,0.1960,50
34443380702552,09:34:03.380,0.1960,53
34443398904934,09:34:03.398,0.1951,434
34460156964159,09:34:20.156,0.1960,4500
34460157237204,09:34:20.157,0.1960,500
34505945461937,09:35:05.945,0.1950,327
34505945461937,09:35:05.945,0.1950,426
34579063362985,09:36:19.063,0.1950,500
34579063362985,09:36:19.063,0.1950,500
34579063362985,09:36:19.063,0.1950,2000
34579063362985,09:36:19.063,0.1950,100
34579063362985,09:36:19.063,0.1950,49
34579073655565,09:36:19.073,0.1946,1000
34579077313050,09:36:19.077,0.1940,10
34579081609361,09:36:19.081,0.1920,1405
34579109571018,09:36:19.109,0.1920,3795
34579109571018,09:36:19.109,0.1920,1205
34579178263397,09:36:19.178,0.1920,3995
34579178263397,09:36:19.178,0.1919,14400
34579194797472,09:36:19.194,0.1919,1605
34774951778048,09:39:34.951,0.1957,55
34798200295360,09:39:58.200,0.1957,45
34798200295360,09:39:58.200,0.1957,8
34798200295360,09:39:58.200,0.1957,100
34798201285585,09:39:58.201,0.1957,100
34798216827536,09:39:58.216,0.1957,100
34798217985202,09:39:58.217,0.1957,100
34798252659659,09:39:58.252,0.1957,100
34798253585441,09:39:58.253,0.1957,100
34798269899063,09:39:58.269,0.1957,100
34798270950843,09:39:58.270,0.1957,100
34798288683721,09:39:58.288,0.1957,100
34798289539985,09:39:58.289,0.1957,100
34798303820210,09:39:58.303,0.1957,100
34798304810637,09:39:58.304,0.1957,100
34798325352967,09:39:58.325,0.1957,100
34857693271429,09:40:57.693,0.1996,100
34857694093029,09:40:57.694,0.1996,500
34941219195253,09:42:21.219,0.1961,100
34941219195253,09:42:21.219,0.1961,400
35029036555133,09:43:49.036,0.1950,150
35050118247948,09:44:10.118,0.1950,300
35141193990837,09:45:41.193,0.1931,364
35141194520182,09:45:41.194,0.1931,136
35141199548786,09:45:41.199,0.1930,595
35141204360421,09:45:41.204,0.1926,300
35141204877946,09:45:41.204,0.1926,722
35141205397283,09:45:41.205,0.1926,3478
35141209892863,09:45:41.209,0.1923,300
35239884191050,09:47:19.884,0.1982,42
35305230417350,09:48:25.230,0.1983,100
35707145512350,09:55:07.145,0.1975,100
35743371093017,09:55:43.371,0.1963,100
35743371093017,09:55:43.371,0.1963,1200
35748857733364,09:55:48.857,0.1961,100
35748857733364,09:55:48.857,0.1961,9300
35748871557958,09:55:48.871,0.1961,290
35965352845947,09:59:25.352,0.1963,500
36451653898526,10:07:31.653,0.1962,73
36451661663817,10:07:31.661,0.1950,400
36942996246867,10:15:42.996,0.1948,100
36942996246867,10:15:42.996,0.1932,100
36942996772204,10:15:42.996,0.1930,31
36942996772204,10:15:42.996,0.1926,100
36942996772204,10:15:42.996,0.1926,1000
36958267903883,10:15:58.267,0.1952,100
37048711272460,10:17:28.711,0.1924,1200
37049113807228,10:17:29.113,0.1924,600
37161212998109,10:19:21.212,0.1950,200
37226900842965,10:20:26.900,0.1950,100
37407826294354,10:23:27.826,0.1950,25
37407826294354,10:23:27.826,0.1950,5
37409057580467,10:23:29.057,0.1950,400
37597921179331,10:26:37.921,0.1940,100
37619997337664,10:26:59.997,0.1930,750
37619998001015,10:26:59.998,0.1925,1000
37619998001015,10:26:59.998,0.1925,300
37619998672294,10:26:59.998,0.1924,300
37619998672294,10:26:59.998,0.1924,2
37619999332372,10:26:59.999,0.1922,2000
37619999332372,10:26:59.999,0.1922,17
37619999332372,10:26:59.999,0.1922,400
37620000955480,10:27:00.000,0.1919,500
37620000955480,10:27:00.000,0.1919,500
37620000955480,10:27:00.000,0.1919,25
37620000955480,10:27:00.000,0.1919,1000
38207272047660,10:36:47.272,0.1930,4300
38207272047660,10:36:47.272,0.1930,836
38207272047660,10:36:47.272,0.1930,2738
38219759138377,10:36:59.759,0.1929,100
38219759138377,10:36:59.759,0.1929,900
38321518869679,10:38:41.518,0.1929,100
38349527156496,10:39:09.527,0.1929,100
38349530262825,10:39:09.530,0.1929,100
38349533747167,10:39:09.533,0.1929,100
38443616253024,10:40:43.616,0.1929,100
38443617449603,10:40:43.617,0.1929,100
38443636861231,10:40:43.636,0.1929,100
38529225887019,10:42:09.225,0.1950,100
38577918532474,10:42:57.918,0.1950,800
38652802776807,10:44:12.802,0.1940,100
38769141824732,10:46:09.141,0.1949,100
39237052859517,10:53:57.052,0.1949,100
39668988864519,11:01:08.988,0.1922,200
39668989609044,11:01:08.989,0.1921,109
39668990246955,11:01:08.990,0.1920,1000
39668990246955,11:01:08.990,0.1920,135
39668990246955,11:01:08.990,0.1920,9
39668990246955,11:01:08.990,0.1920,400
39699966343276,11:01:39.966,0.1923,100
39701136766401,11:01:41.136,0.1920,200
39701139949078,11:01:41.139,0.1919,10
39701144090860,11:01:41.144,0.1915,430
39701144137074,11:01:41.144,0.1915,70
40115106520919,11:08:35.106,0.1924,87
40115113580595,11:08:35.113,0.1916,500
40115116495747,11:08:35.116,0.1915,1500
40115116495747,11:08:35.116,0.1915,2500
40115116495747,11:08:35.116,0.1915,225
40115116495747,11:08:35.116,0.1915,44
40115119388144,11:08:35.119,0.1912,900
40115119388144,11:08:35.119,0.1912,4000
40115119388144,11:08:35.119,0.1911,6700
40115122272111,11:08:35.122,0.1910,10000
40115122272111,11:08:35.122,0.1910,200
40115122272111,11:08:35.122,0.1910,1325
40115124220804,11:08:35.124,0.1905,305
40115124722220,11:08:35.124,0.1905,658
40115125217210,11:08:35.125,0.1905,2037
40115128340460,11:08:35.128,0.1900,400
40115128340460,11:08:35.128,0.1900,1301
40115160937624,11:08:35.160,0.1900,2000
40115161095102,11:08:35.161,0.1900,1699
40115163730088,11:08:35.163,0.1900,20
40115163730088,11:08:35.163,0.1900,2
40115163730088,11:08:35.163,0.1900,100
40115163730088,11:08:35.163,0.1900,200
40115163730088,11:08:35.163,0.1900,500
40115163730088,11:08:35.163,0.1900,1
40115163730088,11:08:35.163,0.1900,2000
40115163730088,11:08:35.163,0.1900,2177
40115163854387,11:08:35.163,0.1900,301
40121808261672,11:08:41.808,0.1920,5200
40121808261672,11:08:41.808,0.1920,600
40136530884088,11:08:56.530,0.1918,500
40176610588535,11:09:36.610,0.1917,100
40197251467764,11:09:57.251,0.1917,25
40261291201787,11:11:01.291,0.1917,100
40348581942982,11:12:28.581,0.1917,1000
40356466545573,11:12:36.466,0.1917,600
40367832392616,11:12:47.832,0.1916,100
40367856342189,11:12:47.856,0.1916,100
40367880197855,11:12:47.880,0.1916,100
40367899767637,11:12:47.899,0.1916,100
40367921752998,11:12:47.921,0.1916,100
40367943692680,11:12:47.943,0.1916,100
40367965758142,11:12:47.965,0.1916,100
40367988060998,11:12:47.988,0.1916,100
40368009866191,11:12:48.009,0.1916,100
40368031954624,11:12:48.031,0.1916,100
40368053753981,11:12:48.053,0.1916,100
40368075873988,11:12:48.075,0.1916,100
40368097903862,11:12:48.097,0.1916,100
40368118131063,11:12:48.118,0.1916,100
40368139722284,11:12:48.139,0.1916,100
40368161758862,11:12:48.161,0.1916,100
40368189952449,11:12:48.189,0.1916,100
40368214132441,11:12:48.214,0.1916,100
40368245883552,11:12:48.245,0.1916,100
40368267829147,11:12:48.267,0.1916,100
40368290305312,11:12:48.290,0.1916,100
40368314229555,11:12:48.314,0.1916,100
40368335944753,11:12:48.335,0.1916,100
40368358158458,11:12:48.358,0.1916,100
40368379792919,11:12:48.379,0.1916,100
40368399489384,11:12:48.399,0.1916,100
40368419586733,11:12:48.419,0.1916,100
40368439478798,11:12:48.439,0.1916,100
40368457023751,11:12:48.457,0.1916,100
40368473362847,11:12:48.473,0.1916,100
40368489548125,11:12:48.489,0.1916,100
40368507493203,11:12:48.507,0.1916,100
40368525769086,11:12:48.525,0.1916,100
40368543700036,11:12:48.543,0.1916,100
40368559784599,11:12:48.559,0.1916,100
40368577681450,11:12:48.577,0.1916,100
40368595870267,11:12:48.595,0.1916,100
40368613573056,11:12:48.613,0.1916,100
40368629657969,11:12:48.629,0.1916,100
40368650171263,11:12:48.650,0.1916,100
40368667820164,11:12:48.667,0.1916,100
40368686051470,11:12:48.686,0.1916,100
40368703780561,11:12:48.703,0.1916,100
40368721957913,11:12:48.721,0.1916,100
40368739757717,11:12:48.739,0.1916,100
40368755715948,11:12:48.755,0.1916,100
40368772045551,11:12:48.772,0.1916,100
40368790225208,11:12:48.790,0.1916,100
40368808091626,11:12:48.808,0.1916,100
40368826187275,11:12:48.826,0.1916,100
40368844121125,11:12:48.844,0.1916,100
40368862150367,11:12:48.862,0.1916,100
40368880127499,11:12:48.880,0.1916,100
40368895854787,11:12:48.895,0.1916,100
40368911963390,11:12:48.911,0.1916,100
40368929993395,11:12:48.929,0.1916,100
40368948090714,11:12:48.948,0.1916,100
40368966170920,11:12:48.966,0.1916,100
40368984136282,11:12:48.984,0.1916,100
40369002190446,11:12:49.002,0.1916,100
40369020220210,11:12:49.020,0.1916,100
40369038263701,11:12:49.038,0.1916,100
40369056242979,11:12:49.056,0.1916,100
40369074318883,11:12:49.074,0.1916,37
40369074318883,11:12:49.074,0.1922,63
40369084634540,11:12:49.084,0.1922,37
40369084634540,11:12:49.084,0.1922,100
40369084634540,11:12:49.084,0.1922,63
40369084643626,11:12:49.084,0.1922,1437
40370211826867,11:12:50.211,0.1922,13
40715002119483,11:18:35.002,0.1924,300
41128857247585,11:25:28.857,0.1925,100
41128857247585,11:25:28.857,0.1925,100
41128857247585,11:25:28.857,0.1925,100
41128857247585,11:25:28.857,0.1925,100
41202209252423,11:26:42.209,0.1925,300
41202209252423,11:26:42.209,0.1925,100
41245590662368,11:27:25.590,0.1925,400
41256877462393,11:27:36.877,0.1950,50
41256877462393,11:27:36.877,0.1950,950
41298550493210,11:28:18.550,0.1950,350
41359220181177,11:29:19.220,0.1952,100
41364241457733,11:29:24.241,0.1952,100
41555231474583,11:32:35.231,0.1952,2600
41615245485742,11:33:35.245,0.1955,200
41704263521382,11:35:04.263,0.1960,11
41867621385152,11:37:47.621,0.1959,100
41867621495034,11:37:47.621,0.1959,100
41867621495034,11:37:47.621,0.1959,200
41867623467203,11:37:47.623,0.1959,100
41867623467203,11:37:47.623,0.1959,400
41867623467203,11:37:47.623,0.1959,100
41867625797161,11:37:47.625,0.1959,100
41867625797161,11:37:47.625,0.1958,2900
41867625859364,11:37:47.625,0.1958,100
41867628179265,11:37:47.628,0.1959,100
41867628179265,11:37:47.628,0.1955,200
41867628254204,11:37:47.628,0.1955,100
41867630209338,11:37:47.630,0.1959,100
41867630209338,11:37:47.630,0.1950,3
41867630278202,11:37:47.630,0.1950,100
41867632016983,11:37:47.632,0.1925,100
42476263659115,11:47:56.263,0.1969,100
44456804428257,12:20:56.804,0.1940,270
44596214488960,12:23:16.214,0.1940,10
44596214488960,12:23:16.214,0.1940,100
44596214488960,12:23:16.214,0.1930,24
44596214488960,12:23:16.214,0.1930,100
44596214488960,12:23:16.214,0.1930,1000
44596215139518,12:23:16.215,0.1930,100
44640274860176,12:24:00.274,0.1929,100
44697257944002,12:24:57.257,0.1925,1000
44702287273889,12:25:02.287,0.1925,870
44702289375086,12:25:02.289,0.1925,400
44702290245663,12:25:02.290,0.1925,200
44702290459021,12:25:02.290,0.1925,5996
44747280021987,12:25:47.280,0.1968,100
45410479314771,12:36:50.479,0.1966,100
45557119559593,12:39:17.119,0.1958,340
45557119559593,12:39:17.119,0.1958,65
46126290041652,12:48:46.290,0.1958,200
46382127947501,12:53:02.127,0.1930,100
46400200197603,12:53:20.200,0.1939,100
46400200197603,12:53:20.200,0.1939,49
46878635796589,13:01:18.635,0.1930,200
47123599549730,13:05:23.599,0.1938,100
47123599549730,13:05:23.599,0.1938,300
47123627513781,13:05:23.627,0.1938,100
47123649201029,13:05:23.649,0.1938,100
47123671351071,13:05:23.671,0.1938,100
47123693428590,13:05:23.693,0.1938,100
47615607909805,13:13:35.607,0.1950,500
47615607934745,13:13:35.607,0.1950,60
48180256905752,13:23:00.256,0.1955,100
48461892918046,13:27:41.892,0.1950,894
48461893151018,13:27:41.893,0.1950,1106
48833374923168,13:33:53.374,0.1954,100
48867259046718,13:34:27.259,0.1954,100
49501258720543,13:45:01.258,0.1953,100
49501264814319,13:45:01.264,0.1953,100
50183904913277,13:56:23.904,0.1941,100
50183905428724,13:56:23.905,0.1941,100
50272292703582,13:57:52.292,0.1941,100
50940974262376,14:09:00.974,0.1941,100
50940974262376,14:09:00.974,0.1941,100
50941001459276,14:09:01.001,0.1941,100
50941001459276,14:09:01.001,0.1941,100
50941001622629,14:09:01.001,0.1941,100
50941001622629,14:09:01.001,0.1941,100
50941012246853,14:09:01.012,0.1941,100
50941012246853,14:09:01.012,0.1941,100
50941019542250,14:09:01.019,0.1941,100
50941019542250,14:09:01.019,0.1941,100
50941031114773,14:09:01.031,0.1941,100
50941031114773,14:09:01.031,0.1941,100
50941039666279,14:09:01.039,0.1941,100
50972290392524,14:09:32.290,0.1941,100
50981149353054,14:09:41.149,0.1941,100
50981149353054,14:09:41.149,0.1941,50
50981149860603,14:09:41.149,0.1941,50
51028399807690,14:10:28.399,0.1941,50
51028399807690,14:10:28.399,0.1941,100
51028399807690,14:10:28.399,0.1941,50
51028425687235,14:10:28.425,0.1941,50
51028425687235,14:10:28.425,0.1941,100
51028425687235,14:10:28.425,0.1941,50
51028449820399,14:10:28.449,0.1941,50
51028449820399,14:10:28.449,0.1941,100
51028449820399,14:10:28.449,0.1941,50
51028475554010,14:10:28.475,0.1941,50
51028475554010,14:10:28.475,0.1941,100
51028475554010,14:10:28.475,0.1941,50
51028501320960,14:10:28.501,0.1941,50
51028501320960,14:10:28.501,0.1941,100
51028501320960,14:10:28.501,0.1941,50
51036535401657,14:10:36.535,0.1941,50
51036535401657,14:10:36.535,0.1941,50
51168276117455,14:12:48.276,0.1940,5700
51168276270517,14:12:48.276,0.1940,2000
51173872606539,14:12:53.872,0.1940,100
51173872606539,14:12:53.872,0.1940,50
51635643386729,14:20:35.643,0.1940,100
51635643386729,14:20:35.643,0.1940,425
52017298212589,14:26:57.298,0.1940,100
52043254110963,14:27:23.254,0.1940,100
52119278350861,14:28:39.278,0.1941,50
52119278350861,14:28:39.278,0.1941,50
52273253440407,14:31:13.253,0.1941,50
52273253440407,14:31:13.253,0.1941,50
52338260091017,14:32:18.260,0.1941,50
52338260091017,14:32:18.260,0.1941,50
52440400184027,14:34:00.400,0.1941,50
52440400184027,14:34:00.400,0.1941,50
52451597104500,14:34:11.597,0.1936,100
52451597104500,14:34:11.597,0.1936,300
52451605589814,14:34:11.605,0.1935,65
52471322962181,14:34:31.322,0.1941,50
52471322962181,14:34:31.322,0.1941,50
52488802439784,14:34:48.802,0.1941,50
52488802439784,14:34:48.802,0.1941,50
52488822068619,14:34:48.822,0.1941,50
52488822068619,14:34:48.822,0.1941,50
52488838182079,14:34:48.838,0.1941,50
52488838182079,14:34:48.838,0.1941,50
52488854412334,14:34:48.854,0.1941,50
52488854412334,14:34:48.854,0.1941,50
52488854533180,14:34:48.854,0.1941,50
52488854533180,14:34:48.854,0.1941,50
52488869773402,14:34:48.869,0.1941,50
52488869773402,14:34:48.869,0.1941,50
52488886117772,14:34:48.886,0.1941,50
52488886117772,14:34:48.886,0.1941,50
52500747875169,14:35:00.747,0.1941,29
52500759463212,14:35:00.759,0.1941,21
52500759463212,14:35:00.759,0.1941,8
52500771933001,14:35:00.771,0.1941,29
52500782810419,14:35:00.782,0.1941,29
52500794169095,14:35:00.794,0.1941,29
52500809645949,14:35:00.809,0.1941,5
52500809645949,14:35:00.809,0.1941,24
52500821482846,14:35:00.821,0.1941,29
52500833257882,14:35:00.833,0.1941,29
52500844677761,14:35:00.844,0.1941,18
52500844677761,14:35:00.844,0.1941,11
52500856750078,14:35:00.856,0.1941,29
52500867289000,14:35:00.867,0.1941,29
52500878828001,14:35:00.878,0.1941,29
52500890446008,14:35:00.890,0.1941,2
52500890446008,14:35:00.890,0.1941,27
52500896999674,14:35:00.896,0.1941,73
52500896999674,14:35:00.896,0.1941,27
52500903379156,14:35:00.903,0.1941,29
52500922822571,14:35:00.922,0.1941,44
52500922822571,14:35:00.922,0.1941,56
52500929595578,14:35:00.929,0.1941,44
52500929595578,14:35:00.929,0.1941,56
52500936253309,14:35:00.936,0.1941,29
52500954808772,14:35:00.954,0.1941,15
52500954808772,14:35:00.954,0.1941,85
52500961011840,14:35:00.961,0.1941,15
52500961011840,14:35:00.961,0.1941,14
52500979727066,14:35:00.979,0.1941,86
52500979727066,14:35:00.979,0.1941,14
52500986478468,14:35:00.986,0.1941,86
52500986478468,14:35:00.986,0.1941,14
52500992280724,14:35:00.992,0.1941,29
52501011653862,14:35:01.011,0.1941,57
52501011653862,14:35:01.011,0.1941,43
52501018530790,14:35:01.018,0.1941,29
52501039837278,14:35:01.039,0.1941,28
52501039837278,14:35:01.039,0.1941,72
52501046499521,14:35:01.046,0.1941,28
52501046499521,14:35:01.046,0.1941,1
52501066074972,14:35:01.066,0.1941,99
52501066074972,14:35:01.066,0.1941,1
52501073803210,14:35:01.073,0.1941,99
52501073803210,14:35:01.073,0.1941,1
52501079723946,14:35:01.079,0.1941,29
52501098819476,14:35:01.098,0.1941,70
52501098819476,14:35:01.098,0.1941,30
52501105286757,14:35:01.105,0.1941,70
52501105286757,14:35:01.105,0.1941,30
52501111104507,14:35:01.111,0.1941,29
52501130023020,14:35:01.130,0.1941,41
52501130023020,14:35:01.130,0.1941,59
52501136809554,14:35:01.136,0.1941,41
52501136809554,14:35:01.136,0.1941,59
52501142710361,14:35:01.142,0.1941,29
52501161585844,14:35:01.161,0.1941,12
52501161585844,14:35:01.161,0.1941,88
52501167927129,14:35:01.167,0.1941,12
52501167927129,14:35:01.167,0.1941,17
52501187527582,14:35:01.187,0.1941,83
52501187527582,14:35:01.187,0.1941,17
52501194327882,14:35:01.194,0.1941,83
52501194327882,14:35:01.194,0.1941,17
52501200094171,14:35:01.200,0.1941,29
52501219230113,14:35:01.219,0.1941,54
52501219230113,14:35:01.219,0.1941,46
52501225522141,14:35:01.225,0.1941,54
52501225522141,14:35:01.225,0.1941,75
52501231696438,14:35:01.231,0.1941,25
52501231696438,14:35:01.231,0.1941,4
52501237953937,14:35:01.237,0.1941,96
52501237953937,14:35:01.237,0.1941,33
52501244379035,14:35:01.244,0.1941,67
52501244379035,14:35:01.244,0.1941,62
52501250613107,14:35:01.250,0.1941,29
52501257328208,14:35:01.257,0.1941,9
52501257328208,14:35:01.257,0.1941,20
52505396681090,14:35:05.396,0.1941,80
52505396681090,14:35:05.396,0.1941,100
52505396681090,14:35:05.396,0.1941,49
52510260736003,14:35:10.260,0.1941,100
52513919637279,14:35:13.919,0.1941,100
52539276259298,14:35:39.276,0.1941,100
52618290705846,14:36:58.290,0.1941,100
52618290826234,14:36:58.290,0.1941,100
52665247836528,14:37:45.247,0.1941,100
52757266888702,14:39:17.266,0.1941,100
52757266888702,14:39:17.266,0.1941,100
52797267118874,14:39:57.267,0.1941,100
52856292237088,14:40:56.292,0.1941,100
52856292358295,14:40:56.292,0.1941,100
52900270226371,14:41:40.270,0.1941,100
52994259230368,14:43:14.259,0.1941,100
52994259350973,14:43:14.259,0.1941,100
53002145635294,14:43:22.145,0.1941,100
53002476240258,14:43:22.476,0.1941,100
53018165865515,14:43:38.165,0.1941,100
53018165990821,14:43:38.165,0.1941,100
53044172271450,14:44:04.172,0.1941,100
53069281057963,14:44:29.281,0.1941,100
53105247995108,14:45:05.247,0.1941,100
53130245086201,14:45:30.245,0.1941,100
53130245205700,14:45:30.245,0.1941,100
53208889166621,14:46:48.889,0.1941,100
53208889166621,14:46:48.889,0.1941,200
53232149666317,14:47:12.149,0.1941,100
53278282583828,14:47:58.282,0.1941,100
53279300684372,14:47:59.300,0.1941,100
53310209761915,14:48:30.209,0.1941,100
53408264535834,14:50:08.264,0.1941,100
53430354107645,14:50:30.354,0.1941,100
53431298891904,14:50:31.298,0.1941,100
53439154921236,14:50:39.154,0.1941,100
53541871546838,14:52:21.871,0.1941,100
53541871546838,14:52:21.871,0.1941,100
53550202320786,14:52:30.202,0.1941,100
53552283592953,14:52:32.283,0.1941,100
53652250164252,14:54:12.250,0.1941,100
53711177138028,14:55:11.177,0.1941,461
53724182595852,14:55:24.182,0.1941,100
53744152383181,14:55:44.152,0.1941,100
53744152503349,14:55:44.152,0.1941,100
53751255289880,14:55:51.255,0.1941,100
53792146656934,14:56:32.146,0.1941,100
53813116605077,14:56:53.116,0.1941,100
53813116605077,14:56:53.116,0.1941,1591
53889265197846,14:58:09.265,0.1954,100
54028687831931,15:00:28.687,0.1955,100
54028704875904,15:00:28.704,0.1955,100
54028705631221,15:00:28.705,0.1955,100
54028705689856,15:00:28.705,0.1955,100
54028712424305,15:00:28.712,0.1955,100
54028712424305,15:00:28.712,0.1955,33
54028717360729,15:00:28.717,0.1955,100
54028717456329,15:00:28.717,0.1955,100
54028733147936,15:00:28.733,0.1955,100
54028733853815,15:00:28.733,0.1955,100
54028733890317,15:00:28.733,0.1955,100
54028745761397,15:00:28.745,0.1955,100
54028745854225,15:00:28.745,0.1955,67
54252434750216,15:04:12.434,0.1954,100
54291202761542,15:04:51.202,0.1960,100
54347546944916,15:05:47.546,0.1950,100
54381371666310,15:06:21.371,0.1950,100
54469007110649,15:07:49.007,0.1941,3600
54542751424282,15:09:02.751,0.1941,2709
54576073185676,15:09:36.073,0.1935,435
54642188127428,15:10:42.188,0.1939,100
54786851516369,15:13:06.851,0.1930,10300
54786856845458,15:13:06.856,0.1923,900
54786856845458,15:13:06.856,0.1923,200
54786856845458,15:13:06.856,0.1923,31
54786859553100,15:13:06.859,0.1922,750
54786862583177,15:13:06.862,0.1920,300
54807282178857,15:13:27.282,0.1939,200
54820510942036,15:13:40.510,0.1920,100
54927258754758,15:15:27.258,0.1920,100
55011243414350,15:16:51.243,0.1920,200
55017298277040,15:16:57.298,0.1960,200
55018142966234,15:16:58.142,0.1917,500
55018142966234,15:16:58.142,0.1910,1
55066271928687,15:17:46.271,0.1958,100
55123299204803,15:18:43.299,0.1955,100
55138265022973,15:18:58.265,0.1957,200
55322116282977,15:22:02.116,0.1959,200
55709815067676,15:28:29.815,0.1959,700
55709815159450,15:28:29.815,0.1959,1000
55709820064486,15:28:29.820,0.1950,200
55709820095193,15:28:29.820,0.1950,200
55709849201498,15:28:29.849,0.1959,300
55709850441423,15:28:29.850,0.1959,100
55710075794701,15:28:30.075,0.1959,1000
55710075879998,15:28:30.075,0.1959,100
55711046887894,15:28:31.046,0.1959,1000
55711046887894,15:28:31.046,0.1959,400
55738290878644,15:28:58.290,0.1960,100
55757429354161,15:29:17.429,0.1927,100
55757429354161,15:29:17.429,0.1927,600
55757429354161,15:29:17.429,0.1927,1000
55761891764524,15:29:21.891,0.1940,500
55765928738667,15:29:25.928,0.1940,100
55778937732877,15:29:38.937,0.1940,100
55788189852514,15:29:48.189,0.1940,200
55882169801028,15:31:22.169,0.1960,100
55920245573282,15:32:00.245,0.1960,100
56001169203128,15:33:21.169,0.1950,100
56041148478751,15:34:01.148,0.1948,200
56061175218653,15:34:21.175,0.1948,200
56121307010298,15:35:21.307,0.1944,100
56126292729531,15:35:26.292,0.1960,100
56567276419221,15:42:47.276,0.1939,9
56567276419221,15:42:47.276,0.1938,191
56567379880683,15:42:47.379,0.1938,67
56754777466236,15:45:54.777,0.1934,100
56754777466236,15:45:54.777,0.1934,100
56796290996466,15:46:36.290,0.1934,100
56797926607665,15:46:37.926,0.1935,14
56858847925553,15:47:38.847,0.1935,100
56899867775146,15:48:19.867,0.1935,400
56904304822628,15:48:24.304,0.1935,100
56918179285839,15:48:38.179,0.1935,1068
56918196032222,15:48:38.196,0.1960,55
56919329824416,15:48:39.329,0.1960,100
56924190465255,15:48:44.190,0.1960,100
56938314526708,15:48:58.314,0.1960,100
56939213528570,15:48:59.213,0.1960,100
56958129716294,15:49:18.129,0.1960,100
57020270276956,15:50:20.270,0.1960,100
57020282333749,15:50:20.282,0.1960,100
57030284161656,15:50:30.284,0.1955,400
57030284161656,15:50:30.284,0.1960,200
57098458501433,15:51:38.458,0.1951,100
57106201202058,15:51:46.201,0.1951,200
57124289483062,15:52:04.289,0.1960,400
57124298699083,15:52:04.298,0.1960,200
57127650071806,15:52:07.650,0.1960,500
57130730451411,15:52:10.730,0.1960,100
57170296039746,15:52:50.296,0.1960,100
57170552335831,15:52:50.552,0.1960,1739
57172594017417,15:52:52.594,0.1960,200
57185177758400,15:53:05.177,0.1960,100
57199190660521,15:53:19.190,0.1960,100
57202300796716,15:53:22.300,0.1960,100
57230188354187,15:53:50.188,0.1960,100
57245289472833,15:54:05.289,0.1960,100
57299373476026,15:54:59.373,0.1960,100
57307160312793,15:55:07.160,0.1960,200
57309276582329,15:55:09.276,0.1960,200
57322322063985,15:55:22.322,0.1960,100
57323095273434,15:55:23.095,0.1960,100
57336057223695,15:55:36.057,0.1960,100
57368483533119,15:56:08.483,0.1950,6632
57368483533119,15:56:08.483,0.1950,68
57368504615479,15:56:08.504,0.1950,32
57368504615479,15:56:08.504,0.1950,10
57368504615479,15:56:08.504,0.1934,3
57368504615479,15:56:08.504,0.1932,30
57368504615479,15:56:08.504,0.1928,225
57380057577778,15:56:20.057,0.1960,665
57380057577778,15:56:20.057,0.1960,2435
57380057738966,15:56:20.057,0.1960,1000
57384309032828,15:56:24.309,0.1960,200
57385221016622,15:56:25.221,0.1960,200
57385229142727,15:56:25.229,0.1960,87
57387577770752,15:56:27.577,0.1967,500
57538451823683,15:58:58.451,0.1966,650
57600315928934,16:00:00.315,0.2000,50
57600315928934,16:00:00.315,0.2000,400
57600315928934,16:00:00.315,0.2000,250
57600315928934,16:00:00.315,0.2000,400
57600315928934,16:00:00.315,0.2000,433
57600315928934,16:00:00.315,0.2000,4026
57600315928934,16:00:00.315,0.2000,6159
62806607021749,17:26:46.607,0.1990,3381
63029682668883,17:30:29.682,0.1950,200
63029686089965,17:30:29.686,0.1920,1
63029686893125,17:30:29.686,0.1919,150
63029687457493,17:30:29.687,0.1918,305
