timestamp,time,price,volume
34200440983961,09:30:00.440,0.0000,0
34230358334977,09:30:30.358,12.3000,100
34236240848703,09:30:36.240,12.3000,100
34236240874753,09:30:36.240,12.3000,396
34236353268552,09:30:36.353,12.3000,100
34236356862762,09:30:36.356,12.3000,100
34236409986329,09:30:36.409,12.2900,40
34236495859316,09:30:36.495,12.3000,100
34236498148618,09:30:36.498,12.3000,100
34236499916479,09:30:36.499,12.3100,100
34236517119027,09:30:36.517,12.3100,100
34236520145884,09:30:36.520,12.3100,100
34236520145884,09:30:36.520,12.3100,100
34236520145884,09:30:36.520,12.3100,100
34236523094298,09:30:36.523,12.3000,100
34236523094298,09:30:36.523,12.3000,100
34236523094298,09:30:36.523,12.3000,100
34237112349270,09:30:37.112,12.3100,100
34237208534092,09:30:37.208,12.3100,100
34237208534092,09:30:37.208,12.3100,100
34237208534092,09:30:37.208,12.3100,100
34237208721087,09:30:37.208,12.3100,100
34237208721087,09:30:37.208,12.3100,100
34238132585107,09:30:38.132,12.3200,100
34238843509580,09:30:38.843,12.3200,100
34238843778996,09:30:38.843,12.3200,100
34238843778996,09:30:38.843,12.3200,100
34238975002613,09:30:38.975,12.3100,100
34239146456699,09:30:39.146,12.3100,100
34239146456699,09:30:39.146,12.3100,100
34251527099308,09:30:51.527,12.3200,100
34251527099308,09:30:51.527,12.3200,475
34251527099308,09:30:51.527,12.3200,100
34252879907197,09:30:52.879,12.3200,100
34254194061207,09:30:54.194,12.3200,100
34260075136109,09:31:00.075,12.3300,475
34260075136109,09:31:00.075,12.3300,100
34265784781870,09:31:05.784,12.3300,31
34265784807077,09:31:05.784,12.3300,69
34272159765565,09:31:12.159,12.3300,100
34272159765565,09:31:12.159,12.3300,100
34272160954761,09:31:12.160,12.3300,100
34272160954761,09:31:12.160,12.3300,100
34272160954761,09:31:12.160,12.3300,100
34272160954761,09:31:12.160,12.3300,400
34272160954761,09:31:12.160,12.3300,100
34283540673153,09:31:23.540,12.3500,500
34283540673153,09:31:23.540,12.3500,436
34307860915976,09:31:47.860,12.3300,100
34312330076130,09:31:52.330,12.3200,100
34312445812278,09:31:52.445,12.3200,100
34312445812278,09:31:52.445,12.3200,100
34312445812278,09:31:52.445,12.3200,100
34312445812278,09:31:52.445,12.3200,288
34312446155258,09:31:52.446,12.3300,288
34312446155258,09:31:52.446,12.3300,100
34312446645614,09:31:52.446,12.3300,100
34312446645614,09:31:52.446,12.3300,100
34312447343536,09:31:52.447,12.3300,100
34312447343536,09:31:52.447,12.3300,100
34312449515512,09:31:52.449,12.3400,100
34312449741697,09:31:52.449,12.3400,100
34312449741697,09:31:52.449,12.3400,100
34312450338640,09:31:52.450,12.3400,100
34319018225017,09:31:59.018,12.3300,100
34319018225017,09:31:59.018,12.3300,100
34320297420392,09:32:00.297,12.3300,100
34320297420392,09:32:00.297,12.3300,100
34320297420392,09:32:00.297,12.3300,200
34320297512529,09:32:00.297,12.3300,100
34320297538350,09:32:00.297,12.3300,100
34320297538350,09:32:00.297,12.3300,92
34320297635357,09:32:00.297,12.3300,100
34320297635357,09:32:00.297,12.3300,100
34320297739038,09:32:00.297,12.3300,100
34320297852399,09:32:00.297,12.3300,100
34320297852399,09:32:00.297,12.3300,100
34320298166635,09:32:00.298,12.3300,100
34320298168529,09:32:00.298,12.3300,100
34320298168529,09:32:00.298,12.3300,100
34320298233799,09:32:00.298,12.3300,100
34320298381727,09:32:00.298,12.3300,100
34320298381727,09:32:00.298,12.3300,100
34320298385505,09:32:00.298,12.3300,100
34320299996672,09:32:00.299,12.3400,100
34320301004423,09:32:00.301,12.3300,100
34320301004423,09:32:00.301,12.3300,100
34320301004423,09:32:00.301,12.3300,100
34320301004423,09:32:00.301,12.3300,100
34320301004423,09:32:00.301,12.3300,100
34320301004423,09:32:00.301,12.3300,200
34320301928603,09:32:00.301,12.3300,100
34320302522313,09:32:00.302,12.3300,100
34320302892037,09:32:00.302,12.3300,100
34320302892037,09:32:00.302,12.3300,100
34320302892037,09:32:00.302,12.3300,38
34320302903786,09:32:00.302,12.3300,62
34320302903786,09:32:00.302,12.3300,100
34320302903786,09:32:00.302,12.3300,100
34320302903786,09:32:00.302,12.3300,26
34320303287538,09:32:00.303,12.3300,100
34320303287538,09:32:00.303,12.3300,100
34320303287538,09:32:00.303,12.3300,100
34320303287538,09:32:00.303,12.3300,100
34320371963487,09:32:00.371,12.3300,100
34320371963487,09:32:00.371,12.3300,100
34320371963487,09:32:00.371,12.3300,100
34320371963487,09:32:00.371,12.3300,100
34320372144682,09:32:00.372,12.3300,100
34320372144682,09:32:00.372,12.3300,100
34320372144682,09:32:00.372,12.3300,100
34320372144682,09:32:00.372,12.3300,100
34320372144682,09:32:00.372,12.3300,100
34320372144682,09:32:00.372,12.3300,100
34320373452309,09:32:00.373,12.3300,100
34320373452309,09:32:00.373,12.3300,100
34320374246978,09:32:00.374,12.3300,100
34321636512073,09:32:01.636,12.3200,100
34321790442276,09:32:01.790,12.3100,100
34321790471360,09:32:01.790,12.3100,100
34321790471360,09:32:01.790,12.3100,100
34321820168388,09:32:01.820,12.3000,100
34321994516907,09:32:01.994,12.3000,100
34322127770296,09:32:02.127,12.3000,100
34322127813645,09:32:02.127,12.3000,100
34322127813645,09:32:02.127,12.3000,600
34322150125831,09:32:02.150,12.3000,100
34322150153362,09:32:02.150,12.3000,100
34322150153362,09:32:02.150,12.3000,100
34322150153362,09:32:02.150,12.3000,100
34322154116308,09:32:02.154,12.2900,100
34322154141156,09:32:02.154,12.2900,100
34322154141156,09:32:02.154,12.2900,100
34323950864521,09:32:03.950,12.2900,25
34323951343028,09:32:03.951,12.2900,75
34350309024949,09:32:30.309,12.2900,100
34354561418303,09:32:34.561,12.2600,100
34354561418303,09:32:34.561,12.2600,100
34354561418303,09:32:34.561,12.2600,200
34354561418303,09:32:34.561,12.2600,100
34354561980617,09:32:34.561,12.2600,100
34354561980617,09:32:34.561,12.2600,100
34354561980617,09:32:34.561,12.2600,100
34354561980617,09:32:34.561,12.2600,100
34354561980617,09:32:34.561,12.2600,100
34354562032842,09:32:34.562,12.2500,200
34354562032842,09:32:34.562,12.2500,100
34354572271728,09:32:34.572,12.2500,100
34354572271728,09:32:34.572,12.2500,100
34354572271728,09:32:34.572,12.2500,257
34354572271728,09:32:34.572,12.2500,100
34354936875996,09:32:34.936,12.2600,100
34363465056077,09:32:43.465,12.2700,100
34377046517923,09:32:57.046,12.2700,100
34377046517923,09:32:57.046,12.2700,100
34381601466111,09:33:01.601,12.2500,100
34383880419699,09:33:03.880,12.2600,100
34393193386290,09:33:13.193,12.2600,100
34393193386290,09:33:13.193,12.2600,100
34395530520050,09:33:15.530,12.2500,10
34397105063181,09:33:17.105,12.2400,100
34397291817632,09:33:17.291,12.2400,55
34397292058159,09:33:17.292,12.2400,45
34403213339449,09:33:23.213,12.2400,100
34403213339449,09:33:23.213,12.2400,100
34403213339449,09:33:23.213,12.2400,10
34405833098522,09:33:25.833,12.2300,100
34405834288217,09:33:25.834,12.2200,32
34405837773041,09:33:25.837,12.2200,99
34434871007062,09:33:54.871,12.2300,200
34437444781559,09:33:57.444,12.2300,100
34438498858686,09:33:58.498,12.2400,100
34438498858686,09:33:58.498,12.2400,200
34449979901156,09:34:09.979,12.2600,100
34450514722898,09:34:10.514,12.2500,100
34451489834470,09:34:11.489,12.2400,100
34453087558040,09:34:13.087,12.2300,50
34453087581878,09:34:13.087,12.2300,50
34469164581883,09:34:29.164,12.2300,96
34469164635466,09:34:29.164,12.2300,4
34475454109487,09:34:35.454,12.2300,100
34478861518870,09:34:38.861,12.2300,100
34488555889197,09:34:48.555,12.2200,200
34488555889197,09:34:48.555,12.2200,100
34505751576431,09:35:05.751,12.2200,200
34505751576431,09:35:05.751,12.2200,350
34510020024300,09:35:10.020,12.2100,63
34510020282512,09:35:10.020,12.2100,37
34510020282512,09:35:10.020,12.2100,60
34517583975043,09:35:17.583,12.2000,100
34518316708290,09:35:18.316,12.2000,100
34518316708290,09:35:18.316,12.2000,100
34519090942852,09:35:19.090,12.2100,100
34519090942852,09:35:19.090,12.2100,100
34526801711894,09:35:26.801,12.2100,100
34526801711894,09:35:26.801,12.2100,100
34526801711894,09:35:26.801,12.2100,410
34532058760860,09:35:32.058,12.1900,297
34532058793466,09:35:32.058,12.1900,114
34532781502301,09:35:32.781,12.1800,100
34532781502301,09:35:32.781,12.1800,100
34532781502301,09:35:32.781,12.1800,42
34535188922624,09:35:35.188,12.1800,100
34535188922624,09:35:35.188,12.1800,100
34535188922624,09:35:35.188,12.1800,200
34535188922624,09:35:35.188,12.1800,100
34535188922624,09:35:35.188,12.1800,100
34539848888877,09:35:39.848,12.1700,100
34539848888877,09:35:39.848,12.1700,100
34539848888877,09:35:39.848,12.1700,100
34539848888877,09:35:39.848,12.1700,100
34546689737455,09:35:46.689,12.1700,100
34546689765248,09:35:46.689,12.1700,100
34546689765248,09:35:46.689,12.1700,100
34546689765248,09:35:46.689,12.1700,100
34546689765248,09:35:46.689,12.1700,100
34549751656208,09:35:49.751,12.1700,200
34549751656208,09:35:49.751,12.1700,100
34561462858919,09:36:01.462,12.1800,200
34561462858919,09:36:01.462,12.1800,100
34561463692356,09:36:01.463,12.1800,100
34561463692356,09:36:01.463,12.1800,100
34561464827987,09:36:01.464,12.1800,100
34561464827987,09:36:01.464,12.1800,100
34561464827987,09:36:01.464,12.1800,100
34561464827987,09:36:01.464,12.1800,100
34561464827987,09:36:01.464,12.1800,100
34561464827987,09:36:01.464,12.1800,300
34561464827987,09:36:01.464,12.1800,47
34561464827987,09:36:01.464,12.1800,100
34561464827987,09:36:01.464,12.1800,100
34561464827987,09:36:01.464,12.1800,53
34561483196851,09:36:01.483,12.1800,47
34561483196851,09:36:01.483,12.1800,51
34561514792914,09:36:01.514,12.1800,100
34561514792914,09:36:01.514,12.1800,100
34561514792914,09:36:01.514,12.1800,100
34565834425454,09:36:05.834,12.1900,114
34570133563163,09:36:10.133,12.1800,100
34571170633181,09:36:11.170,12.1800,85
34572649473114,09:36:12.649,12.1800,15
34579400448692,09:36:19.400,12.1800,100
34579989216293,09:36:19.989,12.1800,100
34579989216293,09:36:19.989,12.1800,411
34584052270685,09:36:24.052,12.1800,100
34584052270685,09:36:24.052,12.1800,100
34584052270685,09:36:24.052,12.1800,100
34584052666030,09:36:24.052,12.1800,100
34584052666030,09:36:24.052,12.1800,100
34584053354945,09:36:24.053,12.1800,100
34584827900916,09:36:24.827,12.1900,100
34584827900916,09:36:24.827,12.1900,100
34605355842031,09:36:45.355,12.1800,100
34605355842031,09:36:45.355,12.1800,100
34605356268613,09:36:45.356,12.1800,100
34605406745938,09:36:45.406,12.1800,200
34605406745938,09:36:45.406,12.1800,100
34605406745938,09:36:45.406,12.1800,100
34605408704917,09:36:45.408,12.1800,100
34605408704917,09:36:45.408,12.1800,100
34605408704917,09:36:45.408,12.1800,100
34605408704917,09:36:45.408,12.1800,100
34605408704917,09:36:45.408,12.1800,100
34605408704917,09:36:45.408,12.1800,100
34605408704917,09:36:45.408,12.1800,100
34605408704917,09:36:45.408,12.1800,200
34605463111783,09:36:45.463,12.1700,100
34605472232989,09:36:45.472,12.1700,100
34606472804104,09:36:46.472,12.1700,400
34606472804104,09:36:46.472,12.1700,80
34606472804104,09:36:46.472,12.1700,100
34606472804104,09:36:46.472,12.1700,20
34606472834474,09:36:46.472,12.1700,24
34606657550975,09:36:46.657,12.1700,56
34606689245735,09:36:46.689,12.1700,100
34606689245735,09:36:46.689,12.1700,200
34606689245735,09:36:46.689,12.1700,100
34606689245735,09:36:46.689,12.1700,100
34609577682986,09:36:49.577,12.1800,34
34617019343543,09:36:57.019,12.1800,100
34617019343543,09:36:57.019,12.1800,66
34617019393421,09:36:57.019,12.1800,66
34620920807961,09:37:00.920,12.1800,100
34620921140778,09:37:00.921,12.1800,114
34621911409945,09:37:01.911,12.1800,34
34623126300726,09:37:03.126,12.2000,100
34623141610544,09:37:03.141,12.2000,36
34650488727725,09:37:30.488,12.2000,100
34653482842940,09:37:33.482,12.1900,96
34677750464070,09:37:57.750,12.2000,100
34677750464070,09:37:57.750,12.2000,100
34677750464070,09:37:57.750,12.2000,100
34679337657366,09:37:59.337,12.2100,100
34682645091676,09:38:02.645,12.2200,58
34691710107192,09:38:11.710,12.2200,17
34691711144683,09:38:11.711,12.2200,83
34710709843126,09:38:30.709,12.2300,100
34710908831458,09:38:30.908,12.2300,100
34711608896416,09:38:31.608,12.2200,100
34711609356960,09:38:31.609,12.2200,100
34711609356960,09:38:31.609,12.2200,39
34719950716631,09:38:39.950,12.2300,100
34719951336714,09:38:39.951,12.2300,100
34719951336714,09:38:39.951,12.2300,100
34757977107141,09:39:17.977,12.2300,100
34757977107141,09:39:17.977,12.2300,100
34757977464813,09:39:17.977,12.2300,67
34757977691609,09:39:17.977,12.2300,33
34757977691609,09:39:17.977,12.2300,59
34757977732482,09:39:17.977,12.2300,41
34778942489332,09:39:38.942,12.2400,100
34786531431480,09:39:46.531,12.2500,100
34786531431480,09:39:46.531,12.2500,100
34786531431480,09:39:46.531,12.2500,100
34790611021720,09:39:50.611,12.2400,100
34809947507720,09:40:09.947,12.2200,100
34814327284862,09:40:14.327,12.2200,100
34814327284862,09:40:14.327,12.2200,100
34814327284862,09:40:14.327,12.2200,100
34823023478466,09:40:23.023,12.2300,100
34832448827708,09:40:32.448,12.2300,100
34832448827708,09:40:32.448,12.2300,100
34837331616821,09:40:37.331,12.2200,100
34837331616821,09:40:37.331,12.2200,100
34838371586700,09:40:38.371,12.2100,2
34838371678460,09:40:38.371,12.2100,98
34860209280298,09:41:00.209,12.2200,200
34886600888556,09:41:26.600,12.2100,100
34886600888556,09:41:26.600,12.2100,200
34886644584552,09:41:26.644,12.2100,100
34903502357989,09:41:43.502,12.2100,100
34911017569485,09:41:51.017,12.2000,100
34911017569485,09:41:51.017,12.2000,100
34911017569485,09:41:51.017,12.2000,100
34911042228863,09:41:51.042,12.2000,100
34911827185766,09:41:51.827,12.2000,200
34911942954003,09:41:51.942,12.2000,100
34911960619165,09:41:51.960,12.2000,100
34913457690527,09:41:53.457,12.2050,100
34913457690527,09:41:53.457,12.2100,100
34913457690527,09:41:53.457,12.2100,100
34913457690527,09:41:53.457,12.2100,100
34913457690527,09:41:53.457,12.2100,200
34934270230200,09:42:14.270,12.1900,100
34940683421633,09:42:20.683,12.1900,100
34940703402529,09:42:20.703,12.1900,100
34954479398438,09:42:34.479,12.1900,100
34970927512155,09:42:50.927,12.1900,50
34970927576593,09:42:50.927,12.1900,50
34970927576593,09:42:50.927,12.1900,100
34971222394643,09:42:51.222,12.1800,100
34971222394643,09:42:51.222,12.1800,100
34971222394643,09:42:51.222,12.1800,100
34971224210014,09:42:51.224,12.1800,100
34971242763709,09:42:51.242,12.1800,100
34972241955618,09:42:52.241,12.1800,200
34972248379905,09:42:52.248,12.1800,100
34972442041045,09:42:52.442,12.1800,100
34973042975462,09:42:53.042,12.1800,100
34978371608273,09:42:58.371,12.1700,100
34983837906195,09:43:03.837,12.1800,100
34983837906195,09:43:03.837,12.1800,100
34983837906195,09:43:03.837,12.1800,100
34983837906195,09:43:03.837,12.1800,200
34983837906195,09:43:03.837,12.1800,300
34983837906195,09:43:03.837,12.1800,300
34983838088577,09:43:03.838,12.1800,100
34983838088577,09:43:03.838,12.1800,100
34983838088577,09:43:03.838,12.1800,200
34983838088577,09:43:03.838,12.1800,100
34983938021961,09:43:03.938,12.1800,100
34983938021961,09:43:03.938,12.1800,100
34983938021961,09:43:03.938,12.1800,100
34983938021961,09:43:03.938,12.1800,47
34983938021961,09:43:03.938,12.1800,53
34984137483366,09:43:04.137,12.1800,100
35011176659907,09:43:31.176,12.1900,100
35011176747793,09:43:31.176,12.1900,28
35011238766543,09:43:31.238,12.1800,100
35011238766543,09:43:31.238,12.1800,200
35011339160440,09:43:31.339,12.1800,100
35021258553906,09:43:41.258,12.1800,200
35021258553906,09:43:41.258,12.1800,100
35021342193713,09:43:41.342,12.1700,100
35021342193713,09:43:41.342,12.1700,100
35021342193713,09:43:41.342,12.1700,100
35021342193713,09:43:41.342,12.1700,100
35021342193713,09:43:41.342,12.1700,100
35021342553343,09:43:41.342,12.1700,100
35021342553343,09:43:41.342,12.1700,100
35021342553343,09:43:41.342,12.1700,200
35021342553343,09:43:41.342,12.1700,100
35021342553343,09:43:41.342,12.1700,100
35021360524608,09:43:41.360,12.1700,100
35021425408047,09:43:41.425,12.1700,100
35021440586110,09:43:41.440,12.1700,100
35021995338893,09:43:41.995,12.1800,100
35021995338893,09:43:41.995,12.1800,200
35021995338893,09:43:41.995,12.1800,200
35030017228162,09:43:50.017,12.1800,55
35030017272931,09:43:50.017,12.1800,45
35030017272931,09:43:50.017,12.1800,100
35030017647624,09:43:50.017,12.1800,100
35042230125674,09:44:02.230,12.1800,180
35042230362871,09:44:02.230,12.1800,20
35042230362871,09:44:02.230,12.1800,100
35043258328673,09:44:03.258,12.1700,100
35047812362493,09:44:07.812,12.1700,100
35077895586165,09:44:37.895,12.1400,56
35094365049452,09:44:54.365,12.1400,100
35100024504568,09:45:00.024,12.1500,200
35100024504568,09:45:00.024,12.1500,200
35100973314294,09:45:00.973,12.1500,100
35100973314294,09:45:00.973,12.1500,200
35100973314294,09:45:00.973,12.1500,100
35100973314294,09:45:00.973,12.1500,100
35100973314294,09:45:00.973,12.1500,67
35100973314294,09:45:00.973,12.1500,133
35100973721670,09:45:00.973,12.1500,67
35107082716770,09:45:07.082,12.1500,120
35115655397806,09:45:15.655,12.1600,100
35123000191739,09:45:23.000,12.1700,20
35123051152918,09:45:23.051,12.1700,100
35123051152918,09:45:23.051,12.1700,100
35123051152918,09:45:23.051,12.1700,69
35123051152918,09:45:23.051,12.1700,37
35124439473438,09:45:24.439,12.1700,163
35124439473438,09:45:24.439,12.1700,100
35129563118613,09:45:29.563,12.1600,100
35129563118613,09:45:29.563,12.1600,100
35129563174285,09:45:29.563,12.1600,100
35138283576769,09:45:38.283,12.1500,100
35138283576769,09:45:38.283,12.1500,200
35138283576769,09:45:38.283,12.1500,100
35138283576769,09:45:38.283,12.1500,100
35138291643921,09:45:38.291,12.1500,100
35138291643921,09:45:38.291,12.1500,100
35138368478491,09:45:38.368,12.1500,100
35141496139522,09:45:41.496,12.1600,600
35141496139522,09:45:41.496,12.1600,100
35141496139522,09:45:41.496,12.1600,100
35145024677591,09:45:45.024,12.1700,100
35145024677591,09:45:45.024,12.1700,200
35145024677591,09:45:45.024,12.1700,100
35151721587245,09:45:51.721,12.1800,100
35181268683015,09:46:21.268,12.1800,200
35204322323622,09:46:44.322,12.1850,100
35222364846064,09:47:02.364,12.1800,200
35222364846064,09:47:02.364,12.1800,100
35222364846064,09:47:02.364,12.1800,100
35227887981626,09:47:07.887,12.1750,100
35229501265609,09:47:09.501,12.1700,200
35229501265609,09:47:09.501,12.1700,200
35229501265609,09:47:09.501,12.1700,100
35229502202638,09:47:09.502,12.1700,100
35229502202638,09:47:09.502,12.1700,100
35229502202638,09:47:09.502,12.1700,100
35229502202638,09:47:09.502,12.1700,100
35229502202638,09:47:09.502,12.1700,100
35229502202638,09:47:09.502,12.1700,100
35229502202638,09:47:09.502,12.1700,100
35229502202638,09:47:09.502,12.1700,200
35229502202638,09:47:09.502,12.1700,100
35229502202638,09:47:09.502,12.1700,30
35230024278094,09:47:10.024,12.1700,200
35249147493715,09:47:29.147,12.1700,100
35249147493715,09:47:29.147,12.1700,100
35259208228958,09:47:39.208,12.1700,30
35259219937228,09:47:39.219,12.1600,100
35259219963638,09:47:39.219,12.1600,95
35269501021139,09:47:49.501,12.1700,100
35269501021139,09:47:49.501,12.1700,200
35269501535339,09:47:49.501,12.1700,100
35269501535339,09:47:49.501,12.1700,200
35269504708687,09:47:49.504,12.1700,200
35269504708687,09:47:49.504,12.1700,70
35269504708687,09:47:49.504,12.1700,100
35269504708687,09:47:49.504,12.1700,100
35269504708687,09:47:49.504,12.1700,100
35269504708687,09:47:49.504,12.1700,100
35269504708687,09:47:49.504,12.1700,200
35269504708687,09:47:49.504,12.1700,200
35286205370201,09:48:06.205,12.1600,5
35286205370201,09:48:06.205,12.1600,100
35286375215470,09:48:06.375,12.1550,100
35287205085159,09:48:07.205,12.1600,100
35287205085159,09:48:07.205,12.1600,105
35287205085159,09:48:07.205,12.1600,100
35290489342054,09:48:10.489,12.1600,200
35290489342054,09:48:10.489,12.1600,100
35295645510946,09:48:15.645,12.1600,100
35302543011289,09:48:22.543,12.1650,100
35306122092984,09:48:26.122,12.1700,200
35306122092984,09:48:26.122,12.1700,100
35306124942973,09:48:26.124,12.1700,100
35306124942973,09:48:26.124,12.1700,300
35306124942973,09:48:26.124,12.1700,65
35306124942973,09:48:26.124,12.1700,200
35306124942973,09:48:26.124,12.1700,100
35306124942973,09:48:26.124,12.1700,75
35306599931581,09:48:26.599,12.1700,100
35306599931581,09:48:26.599,12.1700,200
35320451521407,09:48:40.451,12.1600,100
35326394301341,09:48:46.394,12.1600,100
35331163606798,09:48:51.163,12.1600,119
35331163641037,09:48:51.163,12.1600,200
35331163697667,09:48:51.163,12.1600,93
35358123392061,09:49:18.123,12.1500,84
35365251515209,09:49:25.251,12.1700,200
35365251515209,09:49:25.251,12.1700,100
35365251515209,09:49:25.251,12.1700,100
35367977736505,09:49:27.977,12.1700,79
35367977736505,09:49:27.977,12.1700,200
35367978038549,09:49:27.978,12.1700,100
35367980924295,09:49:27.980,12.1700,100
35367981425313,09:49:27.981,12.1700,34
35381527138002,09:49:41.527,12.1700,100
35381527138002,09:49:41.527,12.1700,16
35381535553539,09:49:41.535,12.1600,100
35381535553539,09:49:41.535,12.1600,100
35381535553539,09:49:41.535,12.1600,100
35381535553539,09:49:41.535,12.1600,100
35381535553539,09:49:41.535,12.1600,200
35381535553539,09:49:41.535,12.1600,100
35381535595821,09:49:41.535,12.1600,100
35381535874645,09:49:41.535,12.1600,100
35381535874645,09:49:41.535,12.1600,200
35395143034901,09:49:55.143,12.1700,100
35395143034901,09:49:55.143,12.1700,200
35395143034901,09:49:55.143,12.1700,200
35416813345268,09:50:16.813,12.1750,200
35416895702135,09:50:16.895,12.1750,100
35423093114509,09:50:23.093,12.1900,20
35423093114509,09:50:23.093,12.1900,100
35423093114509,09:50:23.093,12.1900,100
35425424587533,09:50:25.424,12.1900,100
35434978822959,09:50:34.978,12.1800,100
35434978822959,09:50:34.978,12.1800,200
35434978822959,09:50:34.978,12.1800,100
35470105953378,09:51:10.105,12.1750,200
35483961305753,09:51:23.961,12.1700,200
35483961305753,09:51:23.961,12.1700,100
35483961305753,09:51:23.961,12.1700,100
35483961305753,09:51:23.961,12.1700,100
35483961335670,09:51:23.961,12.1700,16
35483961339852,09:51:23.961,12.1700,47
35485053516651,09:51:25.053,12.1600,100
35487832485573,09:51:27.832,12.1550,100
35531128527060,09:52:11.128,12.1500,100
35531128527060,09:52:11.128,12.1500,60
35533764465613,09:52:13.764,12.1500,100
35533764465613,09:52:13.764,12.1500,13
35533764500934,09:52:13.764,12.1500,87
35533764500934,09:52:13.764,12.1500,100
35533764500934,09:52:13.764,12.1500,415
35535800847356,09:52:15.800,12.1400,100
35537113324935,09:52:17.113,12.1400,100
35537113324935,09:52:17.113,12.1450,100
35537113324935,09:52:17.113,12.1450,100
35550185816478,09:52:30.185,12.1450,100
35550185816478,09:52:30.185,12.1450,100
35550233160544,09:52:30.233,12.1400,100
35560441826019,09:52:40.441,12.1500,100
35560441826019,09:52:40.441,12.1500,300
35560441826019,09:52:40.441,12.1500,100
35570332925191,09:52:50.332,12.1600,100
35570332925191,09:52:50.332,12.1600,200
35570332925191,09:52:50.332,12.1600,100
35570332925191,09:52:50.332,12.1600,100
35570332925191,09:52:50.332,12.1600,200
35587851446874,09:53:07.851,12.1500,100
35587852165437,09:53:07.852,12.1500,100
35587852165437,09:53:07.852,12.1500,418
35587928545745,09:53:07.928,12.1400,100
35588909921501,09:53:08.909,12.1500,100
35588909921501,09:53:08.909,12.1500,300
35588909921501,09:53:08.909,12.1500,100
35588909921501,09:53:08.909,12.1500,100
35588909921501,09:53:08.909,12.1500,300
35588909921501,09:53:08.909,12.1500,200
35596147345062,09:53:16.147,12.1500,100
35596147345062,09:53:16.147,12.1500,100
35596147345062,09:53:16.147,12.1500,100
35596147345062,09:53:16.147,12.1500,50
35596227096008,09:53:16.227,12.1500,100
35597618202288,09:53:17.618,12.1500,100
35597618202288,09:53:17.618,12.1500,100
35597618202288,09:53:17.618,12.1500,300
35597618202288,09:53:17.618,12.1500,100
35597618202288,09:53:17.618,12.1500,100
35597627388386,09:53:17.627,12.1400,100
35633558812671,09:53:53.558,12.1500,100
35633558812671,09:53:53.558,12.1500,100
35666452546646,09:54:26.452,12.1550,1
35666452546646,09:54:26.452,12.1550,3
35666452546646,09:54:26.452,12.1550,2
35666452546646,09:54:26.452,12.1550,1
35666452546646,09:54:26.452,12.1550,1
35666452546646,09:54:26.452,12.1550,1
35666452546646,09:54:26.452,12.1550,1
35666452546646,09:54:26.452,12.1550,1
35666452546646,09:54:26.452,12.1550,1
35666452546646,09:54:26.452,12.1550,1
35666452546646,09:54:26.452,12.1550,1
35666452546646,09:54:26.452,12.1550,1
35666452546646,09:54:26.452,12.1550,2
35666452546646,09:54:26.452,12.1550,3
35666452546646,09:54:26.452,12.1550,1
35709731378819,09:55:09.731,12.1600,200
35724525241666,09:55:24.525,12.1600,200
35724525241666,09:55:24.525,12.1600,100
35724525241666,09:55:24.525,12.1600,100
35724525241666,09:55:24.525,12.1600,100
35724525241666,09:55:24.525,12.1600,200
35724528604292,09:55:24.528,12.1600,200
35724645418475,09:55:24.645,12.1600,100
35724645418475,09:55:24.645,12.1600,100
35724645418475,09:55:24.645,12.1600,100
35727163958019,09:55:27.163,12.1650,100
35731798323399,09:55:31.798,12.1650,100
35751690287655,09:55:51.690,12.1600,100
35751690287655,09:55:51.690,12.1600,100
35751690287655,09:55:51.690,12.1600,6
35751690334170,09:55:51.690,12.1600,194
35761239292342,09:56:01.239,12.1550,100
35761715292656,09:56:01.715,12.1500,100
35761715300851,09:56:01.715,12.1500,1281
35761715330455,09:56:01.715,12.1500,1439
35761715332079,09:56:01.715,12.1500,5180
35761715332079,09:56:01.715,12.1500,100
35761753031748,09:56:01.753,12.1400,100
35761848603385,09:56:01.848,12.1500,400
35761848603385,09:56:01.848,12.1500,300
35761848603385,09:56:01.848,12.1500,200
35761848603385,09:56:01.848,12.1500,100
35761848603385,09:56:01.848,12.1500,200
35761848603385,09:56:01.848,12.1500,171
35761848603385,09:56:01.848,12.1500,100
35761848603385,09:56:01.848,12.1500,100
35761848603385,09:56:01.848,12.1500,100
35761848665289,09:56:01.848,12.1500,100
35769918902511,09:56:09.918,12.1500,100
35769918902511,09:56:09.918,12.1500,300
35769918902511,09:56:09.918,12.1500,77
35769918941490,09:56:09.918,12.1500,23
35769918941490,09:56:09.918,12.1500,77
35769919306510,09:56:09.919,12.1500,23
35792848472662,09:56:32.848,12.1500,100
35792848472662,09:56:32.848,12.1500,100
35792848472662,09:56:32.848,12.1500,100
35792848472662,09:56:32.848,12.1500,100
35792848472662,09:56:32.848,12.1500,100
35792848472662,09:56:32.848,12.1500,200
35818499511356,09:56:58.499,12.1600,100
35818499511356,09:56:58.499,12.1600,100
35818499551327,09:56:58.499,12.1600,200
35823851620107,09:57:03.851,12.1700,100
35823851620107,09:57:03.851,12.1700,100
35823851620107,09:57:03.851,12.1700,200
35823851620107,09:57:03.851,12.1700,100
35823851620107,09:57:03.851,12.1700,100
35823851620107,09:57:03.851,12.1700,200
35831524054940,09:57:11.524,12.1800,100
35831524054940,09:57:11.524,12.1800,62
35831525325379,09:57:11.525,12.1800,100
35848192355696,09:57:28.192,12.1850,3
35848192355696,09:57:28.192,12.1850,1
35848192355696,09:57:28.192,12.1850,2
35848192355696,09:57:28.192,12.1850,1
35848192355696,09:57:28.192,12.1850,2
35848192355696,09:57:28.192,12.1850,2
35848192355696,09:57:28.192,12.1850,1
35848192355696,09:57:28.192,12.1850,1
35848192355696,09:57:28.192,12.1850,1
35848192355696,09:57:28.192,12.1850,1
35848192355696,09:57:28.192,12.1850,1
35848192355696,09:57:28.192,12.1850,1
35848192355696,09:57:28.192,12.1850,1
35848192355696,09:57:28.192,12.1850,1
35848192355696,09:57:28.192,12.1850,3
35848192355696,09:57:28.192,12.1850,2
35848192355696,09:57:28.192,12.1850,1
35848192355696,09:57:28.192,12.1850,1
35848192355696,09:57:28.192,12.1850,1
35848192355696,09:57:28.192,12.1850,2
35848192355696,09:57:28.192,12.1850,1
35848192355696,09:57:28.192,12.1850,1
35848192355696,09:57:28.192,12.1850,1
35848192355696,09:57:28.192,12.1900,100
35848192355696,09:57:28.192,12.1900,100
35848192355696,09:57:28.192,12.1900,200
35848192355696,09:57:28.192,12.1900,100
35848192355696,09:57:28.192,12.1900,100
35848192355696,09:57:28.192,12.1900,100
35848192355696,09:57:28.192,12.1900,200
35848192355696,09:57:28.192,12.1900,100
35848192355696,09:57:28.192,12.1900,68
35848192416185,09:57:28.192,12.1900,32
35848305993636,09:57:28.305,12.2000,200
35848305993636,09:57:28.305,12.2000,100
35848305993636,09:57:28.305,12.2000,78
35862959558041,09:57:42.959,12.2000,2
35862959886342,09:57:42.959,12.2000,98
35862960405862,09:57:42.960,12.2000,100
35864501347957,09:57:44.501,12.2000,31
35866362384032,09:57:46.362,12.2000,69
35866362384032,09:57:46.362,12.2000,31
35878659066011,09:57:58.659,12.2000,100
35878850602067,09:57:58.850,12.2100,100
35878851374031,09:57:58.851,12.2100,300
35886553000300,09:58:06.553,12.2000,100
35886553000300,09:58:06.553,12.2000,100
35888027496811,09:58:08.027,12.1900,100
35888027496811,09:58:08.027,12.1900,100
35888027496811,09:58:08.027,12.1900,28
35888027529209,09:58:08.027,12.1900,272
35931462749427,09:58:51.462,12.1900,300
35931462749427,09:58:51.462,12.1900,100
35935483625673,09:58:55.483,12.2000,200
35935483625673,09:58:55.483,12.2000,300
35935483625673,09:58:55.483,12.2000,100
35955512180887,09:59:15.512,12.2100,100
35955512180887,09:59:15.512,12.2100,100
35971817967836,09:59:31.817,12.2100,100
35971817967836,09:59:31.817,12.2100,100
35972430872435,09:59:32.430,12.2100,100
35986538694983,09:59:46.538,12.2100,100
35986538694983,09:59:46.538,12.2100,100
35986538694983,09:59:46.538,12.2100,100
35986538694983,09:59:46.538,12.2100,100
35986538702053,09:59:46.538,12.2100,100
35986538703600,09:59:46.538,12.2100,600
35995240782043,09:59:55.240,12.2000,100
36002726989234,10:00:02.726,12.2100,100
36010812185053,10:00:10.812,12.2100,91
36010812209860,10:00:10.812,12.2100,9
36010812209860,10:00:10.812,12.2100,100
36030081724857,10:00:30.081,12.2100,100
36031928422527,10:00:31.928,12.2100,100
36039872279164,10:00:39.872,12.2100,103
36071418343623,10:01:11.418,12.2000,100
36071418343623,10:01:11.418,12.2000,100
36071418343623,10:01:11.418,12.2000,100
36071418343623,10:01:11.418,12.2000,100
36071418343623,10:01:11.418,12.2000,3
36071418343623,10:01:11.418,12.2000,100
36071418343623,10:01:11.418,12.2000,100
36071418343623,10:01:11.418,12.2000,4
36071418404330,10:01:11.418,12.2000,100
36098894597714,10:01:38.894,12.2000,100
36117275140215,10:01:57.275,12.2000,100
36119372878738,10:01:59.372,12.2000,100
36119372878738,10:01:59.372,12.2000,100
36119372878738,10:01:59.372,12.2000,200
36119372878738,10:01:59.372,12.2000,100
36129140812794,10:02:09.140,12.2000,52
36142683973454,10:02:22.683,12.2000,11
36152062565272,10:02:32.062,12.2000,100
36160589853057,10:02:40.589,12.1900,100
36160852215738,10:02:40.852,12.1850,100
36160861692647,10:02:40.861,12.1900,200
36160861692647,10:02:40.861,12.1900,100
36160861692647,10:02:40.861,12.1900,100
36160861692647,10:02:40.861,12.1900,300
36160861692647,10:02:40.861,12.1900,100
36161057349151,10:02:41.057,12.1900,100
36166652047012,10:02:46.652,12.1800,100
36166652047012,10:02:46.652,12.1800,100
36166688499917,10:02:46.688,12.1700,100
36166688499917,10:02:46.688,12.1700,100
36166688499917,10:02:46.688,12.1700,300
36166688499917,10:02:46.688,12.1700,100
36166688499917,10:02:46.688,12.1700,100
36166688499917,10:02:46.688,12.1700,100
36166688920910,10:02:46.688,12.1700,400
36166689648481,10:02:46.689,12.1700,100
36166695660303,10:02:46.695,12.1700,100
36166696004847,10:02:46.696,12.1700,100
36166696459679,10:02:46.696,12.1700,200
36166708672223,10:02:46.708,12.1700,10
36166711499098,10:02:46.711,12.1700,90
36168047176288,10:02:48.047,12.1600,100
36171897897592,10:02:51.897,12.1650,100
36191488257892,10:03:11.488,12.1600,100
36191488257892,10:03:11.488,12.1600,100
36208053847017,10:03:28.053,12.1550,100
36212806643036,10:03:32.806,12.1500,200
36232871110278,10:03:52.871,12.1450,100
36243800819945,10:04:03.800,12.1500,300
36243800819945,10:04:03.800,12.1500,100
36243800819945,10:04:03.800,12.1500,100
36243800852064,10:04:03.800,12.1500,7
36243819014874,10:04:03.819,12.1550,53
36306021738679,10:05:06.021,12.1450,2
36306021738679,10:05:06.021,12.1450,1
36306021738679,10:05:06.021,12.1450,2
36306021738679,10:05:06.021,12.1450,2
36306021738679,10:05:06.021,12.1450,1
36306021738679,10:05:06.021,12.1450,1
36306021738679,10:05:06.021,12.1450,2
36306021738679,10:05:06.021,12.1450,2
36306021738679,10:05:06.021,12.1450,1
36306021738679,10:05:06.021,12.1450,1
36306021738679,10:05:06.021,12.1450,3
36306021738679,10:05:06.021,12.1450,1
36306021738679,10:05:06.021,12.1450,1
36306021738679,10:05:06.021,12.1450,1
36306021738679,10:05:06.021,12.1450,2
36306021738679,10:05:06.021,12.1450,1
36306021738679,10:05:06.021,12.1450,1
36306021738679,10:05:06.021,12.1450,2
36306021738679,10:05:06.021,12.1450,1
36306021738679,10:05:06.021,12.1450,1
36306021738679,10:05:06.021,12.1450,1
36306021738679,10:05:06.021,12.1450,1
36306021738679,10:05:06.021,12.1450,1
36306021738679,10:05:06.021,12.1450,1
36306021738679,10:05:06.021,12.1450,2
36306021738679,10:05:06.021,12.1450,1
36306021738679,10:05:06.021,12.1450,1
36311533213050,10:05:11.533,12.1400,100
36311533213050,10:05:11.533,12.1400,200
36311533213050,10:05:11.533,12.1400,100
36311533243020,10:05:11.533,12.1400,8200
36311533243020,10:05:11.533,12.1400,700
36311533417416,10:05:11.533,12.1400,100
36311557703442,10:05:11.557,12.1350,100
36311557703442,10:05:11.557,12.1300,100
36311557703442,10:05:11.557,12.1300,100
36311557703442,10:05:11.557,12.1300,100
36311657746029,10:05:11.657,12.1350,100
36319921719685,10:05:19.921,12.1400,100
36319921719685,10:05:19.921,12.1400,300
36336251749867,10:05:36.251,12.1500,100
36336251749867,10:05:36.251,12.1500,100
36336251749867,10:05:36.251,12.1500,100
36351279078959,10:05:51.279,12.1500,100
36351279105460,10:05:51.279,12.1500,100
36363259455785,10:06:03.259,12.1450,100
36368278654224,10:06:08.278,12.1500,100
36368278654224,10:06:08.278,12.1500,100
36368278654224,10:06:08.278,12.1500,10
36388542530404,10:06:28.542,12.1550,1
36401657625172,10:06:41.657,12.1550,100
36401672098073,10:06:41.672,12.1500,793
36401672098073,10:06:41.672,12.1500,100
36401672098073,10:06:41.672,12.1500,100
36401672098073,10:06:41.672,12.1500,300
36401672098073,10:06:41.672,12.1500,200
36401672098073,10:06:41.672,12.1500,7
36401672136998,10:06:41.672,12.1500,193
36401672136998,10:06:41.672,12.1500,100
36401672551899,10:06:41.672,12.1500,200
36406428004992,10:06:46.428,12.1400,100
36406428004992,10:06:46.428,12.1400,100
36406428768167,10:06:46.428,12.1400,100
36406429491044,10:06:46.429,12.1400,100
36418217112011,10:06:58.217,12.1300,100
36423054476502,10:07:03.054,12.1300,100
36423054476502,10:07:03.054,12.1300,200
36423054476502,10:07:03.054,12.1300,100
36434561159827,10:07:14.561,12.1200,100
36437146312313,10:07:17.146,12.1200,34
36437370276785,10:07:17.370,12.1200,1
36437370324035,10:07:17.370,12.1200,165
36454584159419,10:07:34.584,12.1100,141
36454584159419,10:07:34.584,12.1100,200
36458702927904,10:07:38.702,12.1100,100
36458702927904,10:07:38.702,12.1100,100
36460053680972,10:07:40.053,12.1100,100
36460053680972,10:07:40.053,12.1100,40
36460053709936,10:07:40.053,12.1100,60
36464936109288,10:07:44.936,12.1100,100
36488953970555,10:08:08.953,12.1050,3
36488960675650,10:08:08.960,12.1050,1
36488961327464,10:08:08.961,12.1050,1
36488991690278,10:08:08.991,12.1050,1
36488996331484,10:08:08.996,12.1050,1
36489002973999,10:08:09.002,12.1050,1
36489011139029,10:08:09.011,12.1050,1
36489041194728,10:08:09.041,12.1050,3
36489046173505,10:08:09.046,12.1050,1
36489051499886,10:08:09.051,12.1050,1
36489052070009,10:08:09.052,12.1050,1
36489071449605,10:08:09.071,12.1050,1
36489082588328,10:08:09.082,12.1050,1
36489082952917,10:08:09.082,12.1050,1
36489098013094,10:08:09.098,12.1050,1
36489107603023,10:08:09.107,12.1050,1
36492756596930,10:08:12.756,12.1100,100
36492756596930,10:08:12.756,12.1100,100
36492756596930,10:08:12.756,12.1100,100
36492756596930,10:08:12.756,12.1100,100
36492756596930,10:08:12.756,12.1100,6
36492756596930,10:08:12.756,12.1100,94
36492756638523,10:08:12.756,12.1100,6
36492756638523,10:08:12.756,12.1100,100
36492758112510,10:08:12.758,12.1100,100
36501545379853,10:08:21.545,12.1050,43
36501545465593,10:08:21.545,12.1050,43
36501545536622,10:08:21.545,12.1050,43
36501545610610,10:08:21.545,12.1050,43
36501545832248,10:08:21.545,12.1000,43
36501663412183,10:08:21.663,12.0950,100
36505049430692,10:08:25.049,12.1000,100
36505049430692,10:08:25.049,12.1000,100
36523224979982,10:08:43.224,12.1100,42
36523225005412,10:08:43.225,12.1100,58
36528822006098,10:08:48.822,12.1150,74
36528822368500,10:08:48.822,12.1150,100
36528822420283,10:08:48.822,12.1150,100
36528823062809,10:08:48.823,12.1150,100
36528823385368,10:08:48.823,12.1150,100
36536627539136,10:08:56.627,12.1200,100
36536627539136,10:08:56.627,12.1200,300
36536627539136,10:08:56.627,12.1200,100
36536627539136,10:08:56.627,12.1200,100
36553785585709,10:09:13.785,12.1200,100
36553785585709,10:09:13.785,12.1200,18
36553785787971,10:09:13.785,12.1200,182
36553785787971,10:09:13.785,12.1200,469
36560037134523,10:09:20.037,12.1200,192
36560037161391,10:09:20.037,12.1200,608
36560037161391,10:09:20.037,12.1200,100
36576874063951,10:09:36.874,12.1300,300
36576874063951,10:09:36.874,12.1300,100
36579851594417,10:09:39.851,12.1400,100
36579851668245,10:09:39.851,12.1400,100
36579851668245,10:09:39.851,12.1400,100
36579851668245,10:09:39.851,12.1400,100
36608174558194,10:10:08.174,12.1400,100
36608174558194,10:10:08.174,12.1400,100
36608174558194,10:10:08.174,12.1400,100
36615028091033,10:10:15.028,12.1350,1
36616029501868,10:10:16.029,12.1400,12
36664071632431,10:11:04.071,12.1400,100
36665634541133,10:11:05.634,12.1300,100
36666093189715,10:11:06.093,12.1300,100
36666093189715,10:11:06.093,12.1300,176
36666093189715,10:11:06.093,12.1300,11
36675481201875,10:11:15.481,12.1300,100
36675481201875,10:11:15.481,12.1300,100
36685391144750,10:11:25.391,12.1300,100
36685391144750,10:11:25.391,12.1300,100
36691248699403,10:11:31.248,12.1400,100
36691271854710,10:11:31.271,12.1450,3
36708723905069,10:11:48.723,12.1600,100
36708723905069,10:11:48.723,12.1600,100
36708723905069,10:11:48.723,12.1600,100
36738001936115,10:12:18.001,12.1800,22
36738001936115,10:12:18.001,12.1800,200
36744507242958,10:12:24.507,12.1800,100
36744507242958,10:12:24.507,12.1800,800
36747818066812,10:12:27.818,12.1800,100
36747818066812,10:12:27.818,12.1800,100
36766225812589,10:12:46.225,12.1700,100
36766225812589,10:12:46.225,12.1700,100
36766225812589,10:12:46.225,12.1700,100
36766225812589,10:12:46.225,12.1700,100
36766225812589,10:12:46.225,12.1700,100
36766226565437,10:12:46.226,12.1700,200
36766226565437,10:12:46.226,12.1700,97
36790206638729,10:13:10.206,12.1800,100
36790206638729,10:13:10.206,12.1800,100
36790206638729,10:13:10.206,12.1800,100
36794014269517,10:13:14.014,12.1800,100
36807523118857,10:13:27.523,12.1800,298
36807523118857,10:13:27.523,12.1800,100
36807524307050,10:13:27.524,12.1800,100
36819319771704,10:13:39.319,12.1850,100
36819319771704,10:13:39.319,12.1800,100
36819319771704,10:13:39.319,12.1800,100
36819319771704,10:13:39.319,12.1800,100
36819319771704,10:13:39.319,12.1800,201
36819319804536,10:13:39.319,12.1800,99
36819319804536,10:13:39.319,12.1800,100
36837705973971,10:13:57.705,12.1800,100
36840274542856,10:14:00.274,12.1800,100
36853255556287,10:14:13.255,12.1800,100
36853255556287,10:14:13.255,12.1800,23
36862345013163,10:14:22.345,12.1750,100
36907012601514,10:15:07.012,12.1700,2
36907012601514,10:15:07.012,12.1700,200
36912327655376,10:15:12.327,12.1700,100
36912327655376,10:15:12.327,12.1700,100
36928381187071,10:15:28.381,12.1700,100
36936657009273,10:15:36.657,12.1650,100
36940908002039,10:15:40.908,12.1650,100
36946414416632,10:15:46.414,12.1700,18
37004221008723,10:16:44.221,12.1700,100
37004221008723,10:16:44.221,12.1700,2
37004221008723,10:16:44.221,12.1700,100
37004221008723,10:16:44.221,12.1700,100
37017865695880,10:16:57.865,12.1600,100
37017996941341,10:16:57.996,12.1550,100
37030830403804,10:17:10.830,12.1500,100
37030991570781,10:17:10.991,12.1450,100
37043283293876,10:17:23.283,12.1400,48
37043283293876,10:17:23.283,12.1450,100
37043283293876,10:17:23.283,12.1450,52
37064512273745,10:17:44.512,12.1400,100
37064518664849,10:17:44.518,12.1350,100
37064518664849,10:17:44.518,12.1300,100
37064518664849,10:17:44.518,12.1300,100
37064518664849,10:17:44.518,12.1300,100
37064518664849,10:17:44.518,12.1300,300
37064518664849,10:17:44.518,12.1300,200
37064518664849,10:17:44.518,12.1300,200
37064518664849,10:17:44.518,12.1300,100
37064518664849,10:17:44.518,12.1300,200
37064518664849,10:17:44.518,12.1300,100
37064518664849,10:17:44.518,12.1300,100
37064518664849,10:17:44.518,12.1300,100
37064518664849,10:17:44.518,12.1300,100
37064519083462,10:17:44.519,12.1300,300
37064574214561,10:17:44.574,12.1250,100
37064582319506,10:17:44.582,12.1250,100
37064582319506,10:17:44.582,12.1200,100
37064582319506,10:17:44.582,12.1200,100
37064582319506,10:17:44.582,12.1200,300
37064582351041,10:17:44.582,12.1200,200
37064595008464,10:17:44.595,12.1200,100
37064595008464,10:17:44.595,12.1200,200
37064595008464,10:17:44.595,12.1250,100
37064673631880,10:17:44.673,12.1250,100
37076023846309,10:17:56.023,12.1200,100
37076023846309,10:17:56.023,12.1200,100
37076023846309,10:17:56.023,12.1200,429
37076023846309,10:17:56.023,12.1200,71
37076023895691,10:17:56.023,12.1200,29
37077873135655,10:17:57.873,12.1200,100
37077873135655,10:17:57.873,12.1200,100
37077873135655,10:17:57.873,12.1200,100
37077873135655,10:17:57.873,12.1200,300
37077873135655,10:17:57.873,12.1200,100
37077873135655,10:17:57.873,12.1200,12
37088481244583,10:18:08.481,12.1200,100
37088484077886,10:18:08.484,12.1200,400
37088484077886,10:18:08.484,12.1200,300
37088484077886,10:18:08.484,12.1200,200
37088484077886,10:18:08.484,12.1200,100
37088484077886,10:18:08.484,12.1200,100
37088484077886,10:18:08.484,12.1200,100
37091562801905,10:18:11.562,12.1150,100
37091562801905,10:18:11.562,12.1100,100
37091562801905,10:18:11.562,12.1100,100
37091589451213,10:18:11.589,12.1150,100
37147887458980,10:19:07.887,12.1150,100
37158506662337,10:19:18.506,12.1100,90
37175015263512,10:19:35.015,12.1200,100
37175015263512,10:19:35.015,12.1200,140
37175015275789,10:19:35.015,12.1200,60
37175015275789,10:19:35.015,12.1200,100
37181314088245,10:19:41.314,12.1200,10
37181314088245,10:19:41.314,12.1200,82
37220150044734,10:20:20.150,12.1300,400
37220150044734,10:20:20.150,12.1300,40
37220150071850,10:20:20.150,12.1300,60
37220150071850,10:20:20.150,12.1300,100
37220150071850,10:20:20.150,12.1300,7
37224922446697,10:20:24.922,12.1400,100
37224922446697,10:20:24.922,12.1400,200
37224922446697,10:20:24.922,12.1400,100
37227831646078,10:20:27.831,12.1450,3
37248537383218,10:20:48.537,12.1500,100
37248537418872,10:20:48.537,12.1500,200
37248537418872,10:20:48.537,12.1500,100
37264510322015,10:21:04.510,12.1500,700
37294712746093,10:21:34.712,12.1500,3
37294713753229,10:21:34.713,12.1600,100
37294713753229,10:21:34.713,12.1600,300
37294713753229,10:21:34.713,12.1600,100
37294713753229,10:21:34.713,12.1600,100
37294713753229,10:21:34.713,12.1600,200
37294713753229,10:21:34.713,12.1600,100
37294713753229,10:21:34.713,12.1600,100
37294713753229,10:21:34.713,12.1600,200
37294714405036,10:21:34.714,12.1600,300
37294714405036,10:21:34.714,12.1600,200
37294714405036,10:21:34.714,12.1600,400
37294714405036,10:21:34.714,12.1600,200
37294714405036,10:21:34.714,12.1600,100
37294714405036,10:21:34.714,12.1600,100
37294714405036,10:21:34.714,12.1600,300
37294714405036,10:21:34.714,12.1600,100
37294714405036,10:21:34.714,12.1600,100
37294714405036,10:21:34.714,12.1600,100
37294714405036,10:21:34.714,12.1600,100
37294714405036,10:21:34.714,12.1600,100
37294714405036,10:21:34.714,12.1600,300
37294714405036,10:21:34.714,12.1600,300
37294714405036,10:21:34.714,12.1600,164
37296664020949,10:21:36.664,12.1500,459
37312780032611,10:21:52.780,12.1500,100
37325211593629,10:22:05.211,12.1500,100
37325211593629,10:22:05.211,12.1500,100
37325211593629,10:22:05.211,12.1500,100
37360990885464,10:22:40.990,12.1500,100
37360990885464,10:22:40.990,12.1500,100
37362159642388,10:22:42.159,12.1450,2
37362174938868,10:22:42.174,12.1450,1
37362175654125,10:22:42.175,12.1450,1
37362177309859,10:22:42.177,12.1450,1
37362179116951,10:22:42.179,12.1450,2
37362180545011,10:22:42.180,12.1450,1
37362181597739,10:22:42.181,12.1450,1
37396003859266,10:23:16.003,12.1400,100
37396003859266,10:23:16.003,12.1400,5
37396003872269,10:23:16.003,12.1400,72
37396003941800,10:23:16.003,12.1400,23
37396003941800,10:23:16.003,12.1400,2
37397894511454,10:23:17.894,12.1350,100
37397894511454,10:23:17.894,12.1350,100
37398015477365,10:23:18.015,12.1400,100
37398015477365,10:23:18.015,12.1400,100
37399055383192,10:23:19.055,12.1400,100
37399055383192,10:23:19.055,12.1400,11
37415218163032,10:23:35.218,12.1500,300
37415218163032,10:23:35.218,12.1500,100
37428843039761,10:23:48.843,12.1550,4
37428848908161,10:23:48.848,12.1550,1
37444064465967,10:24:04.064,12.1500,100
37458070792508,10:24:18.070,12.1500,90
37463000153115,10:24:23.000,12.1500,10
37463000153115,10:24:23.000,12.1500,300
37463000153115,10:24:23.000,12.1500,700
37468596894162,10:24:28.596,12.1400,100
37468596924379,10:24:28.596,12.1400,483
37468597111542,10:24:28.597,12.1400,217
37476620703240,10:24:36.620,12.1400,100
37493014681145,10:24:53.014,12.1500,100
37493014681145,10:24:53.014,12.1500,100
37493014681145,10:24:53.014,12.1500,12
37493137122565,10:24:53.137,12.1550,72
37504095468680,10:25:04.095,12.1400,78
37547660001811,10:25:47.660,12.1450,100
37573615051369,10:26:13.615,12.1400,22
37573615051369,10:26:13.615,12.1400,67
37574150612819,10:26:14.150,12.1400,33
37574150612819,10:26:14.150,12.1400,200
37574150612819,10:26:14.150,12.1400,100
37574150612819,10:26:14.150,12.1400,49
37606782727121,10:26:46.782,12.1350,1
37634027826719,10:27:14.027,12.1300,4
37634027826719,10:27:14.027,12.1300,97
37634027855341,10:27:14.027,12.1300,3
37652920412961,10:27:32.920,12.1300,200
37652920412961,10:27:32.920,12.1300,100
37652920412961,10:27:32.920,12.1300,200
37683830237260,10:28:03.830,12.1300,100
37691104619720,10:28:11.104,12.1250,100
37745216072494,10:29:05.216,12.1250,2
37745216072494,10:29:05.216,12.1250,3
37745216072494,10:29:05.216,12.1250,3
37745216072494,10:29:05.216,12.1250,2
37745216072494,10:29:05.216,12.1250,1
37767436528048,10:29:27.436,12.1250,3
37767436528048,10:29:27.436,12.1250,2
37767436528048,10:29:27.436,12.1250,2
37767436528048,10:29:27.436,12.1250,2
37767436528048,10:29:27.436,12.1250,100
37767436528048,10:29:27.436,12.1300,100
37767436528048,10:29:27.436,12.1300,100
37767436528048,10:29:27.436,12.1300,100
37767436528048,10:29:27.436,12.1300,100
37767436528048,10:29:27.436,12.1300,100
37767436528048,10:29:27.436,12.1300,9
37767436528048,10:29:27.436,12.1300,100
37767436528048,10:29:27.436,12.1300,100
37767436528048,10:29:27.436,12.1300,300
37767436528048,10:29:27.436,12.1300,100
37767436528048,10:29:27.436,12.1300,91
37767436618393,10:29:27.436,12.1300,9
37767436618393,10:29:27.436,12.1300,100
37783026800559,10:29:43.026,12.1400,100
37783026800559,10:29:43.026,12.1400,100
37783026800559,10:29:43.026,12.1400,71
37800069051483,10:30:00.069,12.1350,100
37800069051483,10:30:00.069,12.1400,29
37800069051483,10:30:00.069,12.1400,200
37800069051483,10:30:00.069,12.1400,100
37800069051483,10:30:00.069,12.1400,200
37800069051483,10:30:00.069,12.1400,100
37800069051483,10:30:00.069,12.1400,100
37800069051483,10:30:00.069,12.1400,100
37800069051483,10:30:00.069,12.1500,100
37800069051483,10:30:00.069,12.1500,200
37800069051483,10:30:00.069,12.1500,71
37800076295005,10:30:00.076,12.1500,29
37800076295005,10:30:00.076,12.1500,71
37800076737412,10:30:00.076,12.1500,29
37800076737412,10:30:00.076,12.1500,100
37800076737412,10:30:00.076,12.1500,100
37800076737412,10:30:00.076,12.1500,200
37800076737412,10:30:00.076,12.1500,100
37800076737412,10:30:00.076,12.1500,100
37800076737412,10:30:00.076,12.1500,100
37800076802113,10:30:00.076,12.1500,100
37800082449951,10:30:00.082,12.1600,200
37800082449951,10:30:00.082,12.1600,100
37800082449951,10:30:00.082,12.1600,100
37800082449951,10:30:00.082,12.1600,8200
37800082449951,10:30:00.082,12.1600,800
37800091163861,10:30:00.091,12.1700,100
37800091163861,10:30:00.091,12.1700,721
37800093125737,10:30:00.093,12.1600,100
37800111265050,10:30:00.111,12.1700,120
37800111265050,10:30:00.111,12.1700,300
37800111265050,10:30:00.111,12.1700,100
37800111265050,10:30:00.111,12.1700,300
37800111265050,10:30:00.111,12.1700,300
37800111265050,10:30:00.111,12.1700,200
37800112146212,10:30:00.112,12.1700,100
37800112538400,10:30:00.112,12.1700,400
37800112538400,10:30:00.112,12.1700,200
37800134154161,10:30:00.134,12.1800,180
37800134504066,10:30:00.134,12.1800,200
37800134732465,10:30:00.134,12.1800,220
37800134883975,10:30:00.134,12.1800,120
37800136860794,10:30:00.136,12.1800,200
37800174009108,10:30:00.174,12.1800,300
37800174009108,10:30:00.174,12.1800,100
37800174009108,10:30:00.174,12.1800,200
37800174009108,10:30:00.174,12.1800,300
37800174009108,10:30:00.174,12.1800,42
37800174028486,10:30:00.174,12.1800,58
37800174028486,10:30:00.174,12.1800,100
37800174040013,10:30:00.174,12.1800,55
37800174040013,10:30:00.174,12.1800,103
37800174048263,10:30:00.174,12.1800,97
37800174066628,10:30:00.174,12.1800,100
37800209879557,10:30:00.209,12.1700,300
37800209879557,10:30:00.209,12.1700,200
37800209879557,10:30:00.209,12.1700,100
37800209879557,10:30:00.209,12.1700,100
37800209879557,10:30:00.209,12.1700,100
37800209879557,10:30:00.209,12.1700,100
37800209879557,10:30:00.209,12.1700,100
37800209879557,10:30:00.209,12.1700,8
37800381363668,10:30:00.381,12.1700,300
37800381363668,10:30:00.381,12.1700,100
37800381363668,10:30:00.381,12.1700,300
37800381363668,10:30:00.381,12.1700,181
37800381363668,10:30:00.381,12.1700,200
37800381363668,10:30:00.381,12.1700,200
37812075805740,10:30:12.075,12.1900,800
37816781000458,10:30:16.781,12.1800,82
37816781165291,10:30:16.781,12.1800,100
37816781165291,10:30:16.781,12.1800,100
37831258231854,10:30:31.258,12.1700,100
37831727626660,10:30:31.727,12.1650,127
37831727626660,10:30:31.727,12.1700,143
37831727626660,10:30:31.727,12.1700,326
37832281648992,10:30:32.281,12.1800,300
37832281648992,10:30:32.281,12.1800,19
37832281648992,10:30:32.281,12.1800,100
37842423879241,10:30:42.423,12.2000,100
37842439121130,10:30:42.439,12.2000,100
37842513989589,10:30:42.513,12.2000,300
37842513989589,10:30:42.513,12.2000,100
37845292057406,10:30:45.292,12.2000,100
37845292091323,10:30:45.292,12.2000,96
37845292091323,10:30:45.292,12.2000,300
37865612343108,10:31:05.612,12.2000,100
37865612343108,10:31:05.612,12.2000,100
37865616702820,10:31:05.616,12.2000,100
37865616702820,10:31:05.616,12.2000,200
37869103663685,10:31:09.103,12.2000,100
37875920413315,10:31:15.920,12.2000,100
37880156548961,10:31:20.156,12.2000,207
37880157103156,10:31:20.157,12.2000,93
37880157103156,10:31:20.157,12.2000,7
37886095313679,10:31:26.095,12.2000,93
37886095313679,10:31:26.095,12.2000,107
37892029111907,10:31:32.029,12.2100,100
37892029111907,10:31:32.029,12.2100,100
37892029739017,10:31:32.029,12.2100,100
37892029739017,10:31:32.029,12.2100,400
37892030262265,10:31:32.030,12.2100,100
37901380112742,10:31:41.380,12.2100,100
37901380112742,10:31:41.380,12.2100,100
37915020007610,10:31:55.020,12.2000,300
37915020007610,10:31:55.020,12.2000,100
37921200191043,10:32:01.200,12.2000,100
37921200191043,10:32:01.200,12.2000,100
37921200220104,10:32:01.200,12.2000,100
37940425616753,10:32:20.425,12.1900,100
37941614120602,10:32:21.614,12.1900,100
37941614120602,10:32:21.614,12.1900,100
37941614120602,10:32:21.614,12.1900,300
37943502356477,10:32:23.502,12.2000,100
37943502356477,10:32:23.502,12.2000,34
37943502434761,10:32:23.502,12.2000,66
37943502434761,10:32:23.502,12.2000,23
37943502505642,10:32:23.502,12.2000,59
37943502565458,10:32:23.502,12.2000,18
37943502565458,10:32:23.502,12.2000,22
37943502633866,10:32:23.502,12.2000,26
37943789760120,10:32:23.789,12.2000,52
37943789760120,10:32:23.789,12.2000,3
37953112709036,10:32:33.112,12.2100,300
37953112709036,10:32:33.112,12.2100,100
37976891552497,10:32:56.891,12.2200,100
37976891552497,10:32:56.891,12.2200,100
37976891588207,10:32:56.891,12.2200,100
37976891588207,10:32:56.891,12.2200,100
37977852051383,10:32:57.852,12.2200,100
37977852051383,10:32:57.852,12.2200,100
37992880117896,10:33:12.880,12.2200,150
37992880197462,10:33:12.880,12.2200,100
37992880262540,10:33:12.880,12.2200,50
37992880326041,10:33:12.880,12.2200,25
37992880385540,10:33:12.880,12.2200,13
37992880444789,10:33:12.880,12.2200,6
37992880505887,10:33:12.880,12.2200,3
37992880568474,10:33:12.880,12.2200,2
37992880630749,10:33:12.880,12.2200,1
37993147562493,10:33:13.147,12.2200,50
37994789441704,10:33:14.789,12.2300,100
37996257861343,10:33:16.257,12.2300,400
37996257861343,10:33:16.257,12.2300,200
37996257861343,10:33:16.257,12.2300,100
37996257861343,10:33:16.257,12.2300,100
37996257861343,10:33:16.257,12.2300,100
37996278633084,10:33:16.278,12.2300,100
37996589494952,10:33:16.589,12.2300,100
37996720615168,10:33:16.720,12.2300,100
37999568309630,10:33:19.568,12.2300,100
38002019772811,10:33:22.019,12.2400,100
38002019772811,10:33:22.019,12.2400,100
38010544020401,10:33:30.544,12.2450,100
38015450889013,10:33:35.450,12.2400,100
38015450889013,10:33:35.450,12.2400,100
38015450889013,10:33:35.450,12.2400,100
38015450889013,10:33:35.450,12.2400,100
38015450889013,10:33:35.450,12.2400,200
38016135814044,10:33:36.135,12.2300,100
38016235740527,10:33:36.235,12.2300,100
38018194490362,10:33:38.194,12.2300,100
38018194490362,10:33:38.194,12.2300,100
38018195404199,10:33:38.195,12.2300,1118
38018195404199,10:33:38.195,12.2300,200
38018195404199,10:33:38.195,12.2300,100
38018195404199,10:33:38.195,12.2300,300
38018195404199,10:33:38.195,12.2300,100
38018195404199,10:33:38.195,12.2300,100
38018195404199,10:33:38.195,12.2300,100
38018195404199,10:33:38.195,12.2300,100
38018195404199,10:33:38.195,12.2300,100
38018195404199,10:33:38.195,12.2300,100
38018195404199,10:33:38.195,12.2300,82
38021445675743,10:33:41.445,12.2300,300
38021445675743,10:33:41.445,12.2300,100
38021445675743,10:33:41.445,12.2300,100
38021446434300,10:33:41.446,12.2300,100
38021446493181,10:33:41.446,12.2300,100
38022545747174,10:33:42.545,12.2300,100
38022545747174,10:33:42.545,12.2300,82
38022545747174,10:33:42.545,12.2300,300
38023725089729,10:33:43.725,12.2400,100
38028716391627,10:33:48.716,12.2400,100
38037026697861,10:33:57.026,12.2500,100
38037026697861,10:33:57.026,12.2500,100
38040589464012,10:34:00.589,12.2500,100
38040595230757,10:34:00.595,12.2550,1
38040595315166,10:34:00.595,12.2550,2
38040595357086,10:34:00.595,12.2550,3
38040595398025,10:34:00.595,12.2550,1
38041642233474,10:34:01.642,12.2500,124
38041642233474,10:34:01.642,12.2500,100
38041642233474,10:34:01.642,12.2500,498
38041642244558,10:34:01.642,12.2500,202
38045719546214,10:34:05.719,12.2500,17
38045719546214,10:34:05.719,12.2500,100
38048057370207,10:34:08.057,12.2400,87
38048058501867,10:34:08.058,12.2400,13
38048182485438,10:34:08.182,12.2300,100
38051519963840,10:34:11.519,12.2300,100
38051519963840,10:34:11.519,12.2300,300
38051861589130,10:34:11.861,12.2300,100
38051861589130,10:34:11.861,12.2300,100
38051861589130,10:34:11.861,12.2300,300
38051861589130,10:34:11.861,12.2300,131
38057530328690,10:34:17.530,12.2300,100
38057530328690,10:34:17.530,12.2300,100
38057530328690,10:34:17.530,12.2300,100
38072351119054,10:34:32.351,12.2300,100
38073067165777,10:34:33.067,12.2300,100
38073067165777,10:34:33.067,12.2300,100
38075779492143,10:34:35.779,12.2300,100
38076404141932,10:34:36.404,12.2300,44
38076404181206,10:34:36.404,12.2300,56
38100771625558,10:35:00.771,12.2350,2
38100771625558,10:35:00.771,12.2350,2
38100771625558,10:35:00.771,12.2350,2
38100771625558,10:35:00.771,12.2350,2
38100771625558,10:35:00.771,12.2350,1
38100771625558,10:35:00.771,12.2350,1
38100771625558,10:35:00.771,12.2400,100
38100771625558,10:35:00.771,12.2400,200
38100771625558,10:35:00.771,12.2400,90
38100771665782,10:35:00.771,12.2400,10
38100771720033,10:35:00.771,12.2400,10
38100772290918,10:35:00.772,12.2400,90
38157290598254,10:35:57.290,12.2400,100
38161850972003,10:36:01.850,12.2300,100
38161850972003,10:36:01.850,12.2300,100
38161850972003,10:36:01.850,12.2300,300
38161850972003,10:36:01.850,12.2300,100
38161850972003,10:36:01.850,12.2300,100
38161850972003,10:36:01.850,12.2300,100
38161850972003,10:36:01.850,12.2300,100
38161850972003,10:36:01.850,12.2300,700
38173139686746,10:36:13.139,12.2300,4
38173229746554,10:36:13.229,12.2300,100
38173229746554,10:36:13.229,12.2300,400
38173229746554,10:36:13.229,12.2300,100
38173229746554,10:36:13.229,12.2300,100
38173229746554,10:36:13.229,12.2300,100
38173229746554,10:36:13.229,12.2300,100
38173229746554,10:36:13.229,12.2300,100
38173229746554,10:36:13.229,12.2300,100
38173229746554,10:36:13.229,12.2300,400
38173229746554,10:36:13.229,12.2300,100
38173229746554,10:36:13.229,12.2300,126
38173229746554,10:36:13.229,12.2300,300
38173229746554,10:36:13.229,12.2300,800
38173229746554,10:36:13.229,12.2300,200
38173229746554,10:36:13.229,12.2300,100
38173229746554,10:36:13.229,12.2300,300
38173646946598,10:36:13.646,12.2250,100
38173646946598,10:36:13.646,12.2300,400
38173646946598,10:36:13.646,12.2300,100
38173646946598,10:36:13.646,12.2300,300
38173646946598,10:36:13.646,12.2300,100
38173646987718,10:36:13.646,12.2300,100
38173729450681,10:36:13.729,12.2300,100
38205552337939,10:36:45.552,12.2300,100
38205552367602,10:36:45.552,12.2300,100
38205552367602,10:36:45.552,12.2300,100
38205596180109,10:36:45.596,12.2200,100
38205596180109,10:36:45.596,12.2200,100
38217691029866,10:36:57.691,12.2200,100
38217691029866,10:36:57.691,12.2200,100
38221795802009,10:37:01.795,12.2200,100
38221795802009,10:37:01.795,12.2200,200
38221795802009,10:37:01.795,12.2200,80
38254527662733,10:37:34.527,12.2100,100
38254527662733,10:37:34.527,12.2100,100
38254527662733,10:37:34.527,12.2100,100
38259353376886,10:37:39.353,12.2000,100
38259353376886,10:37:39.353,12.2000,2
38263189876048,10:37:43.189,12.2000,92
38263189902708,10:37:43.189,12.2000,8
38263189902708,10:37:43.189,12.2000,100
38263189902708,10:37:43.189,12.2000,100
38272265760284,10:37:52.265,12.2000,800
38272265760284,10:37:52.265,12.2000,100
38272265760284,10:37:52.265,12.2000,100
38272265760284,10:37:52.265,12.2000,100
38272265760284,10:37:52.265,12.2000,200
38273271989129,10:37:53.271,12.1950,100
38273271989129,10:37:53.271,12.1950,100
38273292104530,10:37:53.292,12.1900,100
38273292104530,10:37:53.292,12.1900,300
38273292104530,10:37:53.292,12.1900,100
38273292104530,10:37:53.292,12.1900,100
38273292104530,10:37:53.292,12.1900,200
38284160207865,10:38:04.160,12.2000,300
38286418781714,10:38:06.418,12.2050,100
38286418781714,10:38:06.418,12.2050,100
38286418781714,10:38:06.418,12.2100,100
38286418781714,10:38:06.418,12.2100,100
38286418781714,10:38:06.418,12.2100,100
38286418781714,10:38:06.418,12.2100,100
38286418781714,10:38:06.418,12.2100,200
38286418781714,10:38:06.418,12.2100,200
38286418781714,10:38:06.418,12.2100,200
38286418781714,10:38:06.418,12.2100,100
38286418781714,10:38:06.418,12.2100,100
38286657033794,10:38:06.657,12.2100,100
38286938996073,10:38:06.938,12.2100,100
38288483094399,10:38:08.483,12.2100,200
38304480367415,10:38:24.480,12.2100,92
38304480396470,10:38:24.480,12.2100,8
38312288304463,10:38:32.288,12.2100,100
38329484583306,10:38:49.484,12.2100,100
38340104598429,10:39:00.104,12.2000,2
38353959080839,10:39:13.959,12.2100,100
38372657616009,10:39:32.657,12.2000,100
38372817291291,10:39:32.817,12.1950,100
38380315281057,10:39:40.315,12.2000,100
38410812961851,10:40:10.812,12.1900,100
38410812961851,10:40:10.812,12.1900,40
38444136922312,10:40:44.136,12.1900,44
38444514901703,10:40:44.514,12.1900,56
38455745957944,10:40:55.745,12.1900,100
38455745987093,10:40:55.745,12.1900,100
38455745987093,10:40:55.745,12.1900,100
38455745987093,10:40:55.745,12.1900,12
38455745987093,10:40:55.745,12.1900,100
38463208385216,10:41:03.208,12.1900,56
38467902952555,10:41:07.902,12.1800,300
38509764722134,10:41:49.764,12.1700,100
38521241487826,10:42:01.241,12.1800,100
38521241487826,10:42:01.241,12.1800,100
38521241487826,10:42:01.241,12.1800,400
38521241487826,10:42:01.241,12.1800,100
38521241487826,10:42:01.241,12.1800,100
38521241487826,10:42:01.241,12.1800,100
38521241487826,10:42:01.241,12.1800,500
38521279668598,10:42:01.279,12.1900,400
38521279668598,10:42:01.279,12.1900,100
38521279668598,10:42:01.279,12.1900,100
38521279668598,10:42:01.279,12.1900,300
38521279668598,10:42:01.279,12.1900,100
38521279668598,10:42:01.279,12.1900,100
38521279668598,10:42:01.279,12.1900,100
38521348887767,10:42:01.348,12.1900,300
38539379173624,10:42:19.379,12.1900,100
38546073590203,10:42:26.073,12.1950,1
38546073590203,10:42:26.073,12.2000,200
38546073590203,10:42:26.073,12.2000,100
38546073590203,10:42:26.073,12.2000,100
38546073590203,10:42:26.073,12.2000,4
38546073590203,10:42:26.073,12.2000,95
38583159198310,10:43:03.159,12.2000,100
38583159227081,10:43:03.159,12.2000,600
38588048035889,10:43:08.048,12.1900,100
38605439990751,10:43:25.439,12.1800,100
38612616333108,10:43:32.616,12.1800,200
38612616333108,10:43:32.616,12.1800,100
38621617461658,10:43:41.617,12.1800,100
38621617461658,10:43:41.617,12.1800,100
38657617751345,10:44:17.617,12.1900,100
38657617751345,10:44:17.617,12.1900,100
38657617751345,10:44:17.617,12.1900,100
38657617751345,10:44:17.617,12.1900,1
38657617751345,10:44:17.617,12.1900,110
38657617751345,10:44:17.617,12.1900,71
38657617851111,10:44:17.617,12.1900,100
38657617942583,10:44:17.617,12.1900,29
38657617942583,10:44:17.617,12.1900,100
38662246772774,10:44:22.246,12.2000,100
38662246772774,10:44:22.246,12.2000,100
38662246772774,10:44:22.246,12.2000,100
38662247843859,10:44:22.247,12.2000,100
38669602028023,10:44:29.602,12.2100,100
38669602028023,10:44:29.602,12.2100,100
38669602028023,10:44:29.602,12.2100,100
38669602028023,10:44:29.602,12.2100,100
38703687679911,10:45:03.687,12.2100,100
38703687679911,10:45:03.687,12.2100,100
38703687679911,10:45:03.687,12.2100,100
38703687679911,10:45:03.687,12.2100,100
38703687679911,10:45:03.687,12.2100,100
38707159452513,10:45:07.159,12.2100,100
38707159452513,10:45:07.159,12.2100,300
38707159452513,10:45:07.159,12.2100,100
38723841807515,10:45:23.841,12.2000,100
38723841807515,10:45:23.841,12.2000,100
38723841807515,10:45:23.841,12.2000,100
38723841807515,10:45:23.841,12.2000,100
38724463626645,10:45:24.463,12.2000,100
38727094854483,10:45:27.094,12.2000,400
38747882632813,10:45:47.882,12.2000,2
38749435402930,10:45:49.435,12.2000,300
38749435402930,10:45:49.435,12.2000,100
38749435402930,10:45:49.435,12.2000,100
38753956163817,10:45:53.956,12.2050,100
38753956163817,10:45:53.956,12.2050,100
38753956163817,10:45:53.956,12.2050,100
38753956163817,10:45:53.956,12.2050,100
38757201039537,10:45:57.201,12.2050,100
38759921416576,10:45:59.921,12.2050,100
38759927510452,10:45:59.927,12.2050,100
38759927510452,10:45:59.927,12.2100,100
38765071911867,10:46:05.071,12.2100,100
38765071911867,10:46:05.071,12.2100,200
38778004438844,10:46:18.004,12.2100,100
38778004438844,10:46:18.004,12.2100,100
38778004438844,10:46:18.004,12.2100,5
38778004438844,10:46:18.004,12.2100,100
38778005616092,10:46:18.005,12.2100,100
38778062366574,10:46:18.062,12.2150,1
38778062445395,10:46:18.062,12.2150,3
38778062512235,10:46:18.062,12.2150,3
38778062540079,10:46:18.062,12.2150,2
38778062578376,10:46:18.062,12.2150,1
38778063104456,10:46:18.063,12.2150,2
38804072048349,10:46:44.072,12.2150,100
38822308069400,10:47:02.308,12.2150,1
38825325433370,10:47:05.325,12.2100,100
38825325773051,10:47:05.325,12.2100,100
38825326051587,10:47:05.326,12.2100,100
38825327873417,10:47:05.327,12.2100,100
38825328100319,10:47:05.328,12.2100,100
38825328132258,10:47:05.328,12.2100,100
38825331468794,10:47:05.331,12.2100,100
38825335352733,10:47:05.335,12.2100,100
38825339903401,10:47:05.339,12.2100,100
38825359248919,10:47:05.359,12.2100,100
38825375852988,10:47:05.375,12.2100,100
38825400547459,10:47:05.400,12.2100,100
38825425838242,10:47:05.425,12.2100,49
38825425865811,10:47:05.425,12.2150,51
38825425865811,10:47:05.425,12.2100,300
38825425865811,10:47:05.425,12.2100,100
38825425865811,10:47:05.425,12.2100,63
38825425865811,10:47:05.425,12.2100,86
38828693452035,10:47:08.693,12.2150,100
38828693452035,10:47:08.693,12.2150,100
38837240702389,10:47:17.240,12.2200,200
38837240702389,10:47:17.240,12.2200,100
38837240702389,10:47:17.240,12.2200,100
38837240702389,10:47:17.240,12.2200,100
38837240702389,10:47:17.240,12.2200,100
38837240702389,10:47:17.240,12.2200,600
38837242750780,10:47:17.242,12.2250,100
38841738758709,10:47:21.738,12.2250,100
38848860939756,10:47:28.860,12.2200,100
38848911591546,10:47:28.911,12.2200,200
38850440156234,10:47:30.440,12.2200,14
38850440156234,10:47:30.440,12.2200,200
38850510437114,10:47:30.510,12.2150,100
38850510437114,10:47:30.510,12.2100,100
38858962890460,10:47:38.962,12.2150,100
38867329449323,10:47:47.329,12.2100,100
38867329449323,10:47:47.329,12.2100,100
38867329449323,10:47:47.329,12.2100,100
38867329449323,10:47:47.329,12.2100,100
38867329449323,10:47:47.329,12.2100,100
38867445691351,10:47:47.445,12.2100,134
38867445691351,10:47:47.445,12.2100,100
38867445691351,10:47:47.445,12.2100,100
38867447107323,10:47:47.447,12.2100,100
38892282194208,10:48:12.282,12.2100,100
38892282194208,10:48:12.282,12.2100,300
38892282194208,10:48:12.282,12.2100,600
38932010067803,10:48:52.010,12.2050,100
38932010067803,10:48:52.010,12.2050,1
38932010067803,10:48:52.010,12.2050,2
38932010067803,10:48:52.010,12.2050,1
38932010067803,10:48:52.010,12.2050,1
38932010067803,10:48:52.010,12.2050,1
38932010067803,10:48:52.010,12.2050,1
38932010067803,10:48:52.010,12.2050,1
38932010067803,10:48:52.010,12.2050,1
38942486787436,10:49:02.486,12.2000,2
38942486787436,10:49:02.486,12.2000,100
38942486787436,10:49:02.486,12.2000,100
38942486787436,10:49:02.486,12.2000,5
38942486787436,10:49:02.486,12.2000,227
38942486870465,10:49:02.486,12.2000,2
38942487484783,10:49:02.487,12.2000,181
38942487511420,10:49:02.487,12.2000,290
38945569947426,10:49:05.569,12.2000,100
38945569947426,10:49:05.569,12.2000,100
38945569947426,10:49:05.569,12.2000,100
38945569947426,10:49:05.569,12.2000,100
38945569947426,10:49:05.569,12.2000,100
38945569947426,10:49:05.569,12.2000,100
38945569947426,10:49:05.569,12.2000,98
38945570057131,10:49:05.570,12.2000,2
38945570317836,10:49:05.570,12.2000,300
38945570317836,10:49:05.570,12.2000,100
38945570317836,10:49:05.570,12.2000,100
38945570317836,10:49:05.570,12.2000,100
38945570317836,10:49:05.570,12.2000,100
38945570831488,10:49:05.570,12.2000,100
38989014611658,10:49:49.014,12.2050,2
38989014695095,10:49:49.014,12.2050,1
39000233021071,10:50:00.233,12.2000,100
39000233047355,10:50:00.233,12.2000,800
39000233047355,10:50:00.233,12.2000,100
39000233047355,10:50:00.233,12.2000,100
39000233047355,10:50:00.233,12.2000,100
39006373938774,10:50:06.373,12.2000,400
39013367744223,10:50:13.367,12.2000,100
39013367744223,10:50:13.367,12.2000,100
39013367744223,10:50:13.367,12.2000,200
39013367773755,10:50:13.367,12.2000,400
39013367773755,10:50:13.367,12.2000,17
39013367773755,10:50:13.367,12.2000,300
39018323791125,10:50:18.323,12.2100,100
39030189701598,10:50:30.189,12.2100,400
39030189701598,10:50:30.189,12.2100,100
39030189701598,10:50:30.189,12.2100,100
39030189701598,10:50:30.189,12.2100,100
39030190994992,10:50:30.190,12.2100,100
39030191776978,10:50:30.191,12.2100,100
39030191951135,10:50:30.191,12.2100,100
39032728105704,10:50:32.728,12.2100,100
39032729630345,10:50:32.729,12.2100,100
39035894394709,10:50:35.894,12.2050,100
39039783474753,10:50:39.783,12.2000,150
39039783500632,10:50:39.783,12.2000,250
39039784267714,10:50:39.784,12.2000,300
39039784267714,10:50:39.784,12.2000,100
39039784267714,10:50:39.784,12.2000,100
39039784267714,10:50:39.784,12.2000,100
39039784267714,10:50:39.784,12.2000,300
39039784267714,10:50:39.784,12.2000,500
39039784267714,10:50:39.784,12.2000,69
39039786229163,10:50:39.786,12.2000,169
39052936831040,10:50:52.936,12.2000,100
39052936831040,10:50:52.936,12.2000,100
39052936831040,10:50:52.936,12.2000,100
39052936831040,10:50:52.936,12.2000,100
39053966650114,10:50:53.966,12.2050,100
39053966650114,10:50:53.966,12.2050,100
39068035492745,10:51:08.035,12.2050,1
39077198254542,10:51:17.198,12.2100,100
39077198254542,10:51:17.198,12.2100,100
39083094989973,10:51:23.094,12.2150,3
39083095014448,10:51:23.095,12.2150,1
39083095090741,10:51:23.095,12.2150,1
39083095167803,10:51:23.095,12.2150,2
39083095180365,10:51:23.095,12.2150,2
39083095226053,10:51:23.095,12.2150,2
39083095268727,10:51:23.095,12.2150,2
39093010225711,10:51:33.010,12.2200,100
39093010225711,10:51:33.010,12.2200,100
39093010225711,10:51:33.010,12.2200,200
39094514487568,10:51:34.514,12.2300,100
39105182207237,10:51:45.182,12.2300,300
39112964948278,10:51:52.964,12.2300,300
39112964948278,10:51:52.964,12.2300,100
39112964948278,10:51:52.964,12.2300,100
39112964948278,10:51:52.964,12.2300,100
39112964948278,10:51:52.964,12.2300,200
39112965902786,10:51:52.965,12.2300,100
39113352759093,10:51:53.352,12.2300,100
39113352759093,10:51:53.352,12.2300,400
39113352759093,10:51:53.352,12.2300,100
39113461316919,10:51:53.461,12.2300,100
39113462798336,10:51:53.462,12.2300,200
39149925576780,10:52:29.925,12.2300,600
39149925576780,10:52:29.925,12.2300,200
39161102152123,10:52:41.102,12.2200,400
39161102152123,10:52:41.102,12.2200,150
39161102155123,10:52:41.102,12.2200,250
39161102155123,10:52:41.102,12.2200,100
39161102155123,10:52:41.102,12.2200,200
39161102155123,10:52:41.102,12.2200,100
39161102155123,10:52:41.102,12.2200,52
39161102157019,10:52:41.102,12.2200,148
39180259539909,10:53:00.259,12.2150,1
39180259739874,10:53:00.259,12.2150,2
39180260351214,10:53:00.260,12.2150,2
39180261322552,10:53:00.261,12.2150,1
39180261980163,10:53:00.261,12.2150,1
39180262052217,10:53:00.262,12.2150,3
39180262112808,10:53:00.262,12.2150,2
39180262190980,10:53:00.262,12.2150,1
39188966487715,10:53:08.966,12.2150,100
39192214994590,10:53:12.214,12.2150,100
39204475001128,10:53:24.475,12.2150,100
39209180701629,10:53:29.180,12.2100,100
39209180701629,10:53:29.180,12.2100,100
39209180701629,10:53:29.180,12.2100,200
39209180701629,10:53:29.180,12.2100,200
39209180701629,10:53:29.180,12.2100,100
39209180701629,10:53:29.180,12.2100,200
39230033065764,10:53:50.033,12.2050,100
39230033065764,10:53:50.033,12.2050,100
39230059384714,10:53:50.059,12.2050,100
39230059384714,10:53:50.059,12.2000,100
39230059384714,10:53:50.059,12.2000,100
39230059384714,10:53:50.059,12.2000,400
39230059384714,10:53:50.059,12.2000,200
39230068531160,10:53:50.068,12.2050,100
39230068531160,10:53:50.068,12.2000,300
39243542895651,10:54:03.542,12.2100,100
39243542895651,10:54:03.542,12.2100,100
39243542895651,10:54:03.542,12.2100,100
39243542895651,10:54:03.542,12.2100,26
39243542895651,10:54:03.542,12.2100,100
39246017762036,10:54:06.017,12.2150,100
39246028917501,10:54:06.028,12.2100,400
39246028917501,10:54:06.028,12.2100,100
39246028917501,10:54:06.028,12.2100,100
39246028917501,10:54:06.028,12.2100,400
39248715855664,10:54:08.715,12.2150,100
39248715855664,10:54:08.715,12.2150,100
39260355288565,10:54:20.355,12.2150,3
39260355374930,10:54:20.355,12.2150,2
39260355436307,10:54:20.355,12.2150,1
39260355476080,10:54:20.355,12.2150,4
39280004984347,10:54:40.004,12.2200,100
39280004984347,10:54:40.004,12.2200,100
39280004984347,10:54:40.004,12.2200,100
39280004984347,10:54:40.004,12.2200,100
39280004984347,10:54:40.004,12.2200,100
39280006275876,10:54:40.006,12.2200,100
39308628057088,10:55:08.628,12.2300,95
39308628069537,10:55:08.628,12.2300,5
39308628069537,10:55:08.628,12.2300,100
39308628069537,10:55:08.628,12.2300,100
39308628069537,10:55:08.628,12.2300,2
39308628069537,10:55:08.628,12.2300,273
39308628101995,10:55:08.628,12.2300,27
39308628101995,10:55:08.628,12.2300,100
39316337613956,10:55:16.337,12.2400,100
39316338120885,10:55:16.338,12.2400,200
39316338120885,10:55:16.338,12.2400,100
39317619222373,10:55:17.619,12.2400,100
39353833078230,10:55:53.833,12.2400,100
39353833078230,10:55:53.833,12.2400,600
39354944254360,10:55:54.944,12.2350,93
39358278896676,10:55:58.278,12.2350,100
39358293631026,10:55:58.293,12.2350,100
39364026032694,10:56:04.026,12.2350,100
39374705560959,10:56:14.705,12.2300,100
39374705560959,10:56:14.705,12.2300,100
39374705560959,10:56:14.705,12.2300,100
39374705560959,10:56:14.705,12.2300,60
39374705794254,10:56:14.705,12.2300,100
39374705870488,10:56:14.705,12.2300,400
39374705870488,10:56:14.705,12.2300,100
39374705938629,10:56:14.705,12.2300,100
39374705938629,10:56:14.705,12.2300,100
39407110631538,10:56:47.110,12.2250,1017
39407110631538,10:56:47.110,12.2300,100
39407110631538,10:56:47.110,12.2300,100
39407110631538,10:56:47.110,12.2300,1000
39407110631538,10:56:47.110,12.2300,100
39407110631538,10:56:47.110,12.2300,100
39407110631538,10:56:47.110,12.2300,100
39407110631538,10:56:47.110,12.2300,28
39407110631538,10:56:47.110,12.2300,100
39407110665475,10:56:47.110,12.2300,328
39407111037087,10:56:47.111,12.2300,300
39407111731261,10:56:47.111,12.2300,100
39407138788797,10:56:47.138,12.2300,100
39407138788797,10:56:47.138,12.2300,200
39407138788797,10:56:47.138,12.2300,400
39407138788797,10:56:47.138,12.2300,55
39415394886877,10:56:55.394,12.2300,100
39415394886877,10:56:55.394,12.2300,100
39415394886877,10:56:55.394,12.2300,100
39415394886877,10:56:55.394,12.2300,100
39417606442813,10:56:57.606,12.2200,400
39417645699759,10:56:57.645,12.2300,400
39417645699759,10:56:57.645,12.2300,100
39417645699759,10:56:57.645,12.2300,163
39417646336008,10:56:57.646,12.2300,100
39417646336008,10:56:57.646,12.2300,400
39425020795992,10:57:05.020,12.2400,100
39425020795992,10:57:05.020,12.2400,200
39425020795992,10:57:05.020,12.2400,100
39432084525881,10:57:12.084,12.2400,100
39432084525881,10:57:12.084,12.2400,100
39432084525881,10:57:12.084,12.2400,100
39432084525881,10:57:12.084,12.2400,100
39452970578570,10:57:32.970,12.2400,100
39467295069781,10:57:47.295,12.2400,100
39467295069781,10:57:47.295,12.2400,100
39532068164867,10:58:52.068,12.2300,100
39535507504091,10:58:55.507,12.2350,100
39535507504091,10:58:55.507,12.2300,100
39540047915634,10:59:00.047,12.2300,100
39573015285908,10:59:33.015,12.2300,100
39573015285908,10:59:33.015,12.2300,100
39573015285908,10:59:33.015,12.2300,700
39596520131812,10:59:56.520,12.2250,1
39596520131812,10:59:56.520,12.2250,3
39596520131812,10:59:56.520,12.2300,100
39596520131812,10:59:56.520,12.2300,100
39596520131812,10:59:56.520,12.2300,100
39596520131812,10:59:56.520,12.2300,96
39596520624496,10:59:56.520,12.2300,4
39596520624496,10:59:56.520,12.2300,26
39596563970117,10:59:56.563,12.2300,100
39614948932671,11:00:14.948,12.2400,100
39614948932671,11:00:14.948,12.2400,100
39614948932671,11:00:14.948,12.2400,100
39614948932671,11:00:14.948,12.2400,300
39614948932671,11:00:14.948,12.2400,100
39614948932671,11:00:14.948,12.2400,100
39614948932671,11:00:14.948,12.2400,100
39614948932671,11:00:14.948,12.2400,100
39614948932671,11:00:14.948,12.2400,100
39614948968008,11:00:14.948,12.2400,18
39615412605858,11:00:15.412,12.2500,100
39615412605858,11:00:15.412,12.2500,100
39615412605858,11:00:15.412,12.2500,100
39615412605858,11:00:15.412,12.2500,100
39615412605858,11:00:15.412,12.2500,200
39615412605858,11:00:15.412,12.2500,100
39615412605858,11:00:15.412,12.2500,200
39615413322912,11:00:15.413,12.2500,100
39615413472230,11:00:15.413,12.2500,100
39616614785447,11:00:16.614,12.2600,100
39616614785447,11:00:16.614,12.2600,100
39616614785447,11:00:16.614,12.2600,100
39629020995846,11:00:29.020,12.2700,100
39663393296673,11:01:03.393,12.2800,100
39663393296673,11:01:03.393,12.2800,100
39663393296673,11:01:03.393,12.2800,100
39663393296673,11:01:03.393,12.2800,200
39663463786684,11:01:03.463,12.2900,34
39663466844908,11:01:03.466,12.2900,166
39663466844908,11:01:03.466,12.2900,100
39663466844908,11:01:03.466,12.2900,34
39663467043491,11:01:03.467,12.2900,66
39663467043491,11:01:03.467,12.2900,100
39666850740304,11:01:06.850,12.2900,600
39666851782252,11:01:06.851,12.2900,100
39666852305258,11:01:06.852,12.2900,87
39666852706839,11:01:06.852,12.2900,113
39666854797760,11:01:06.854,12.2900,100
39671669620583,11:01:11.669,12.2800,200
39671669620583,11:01:11.669,12.2800,100
39671669620583,11:01:11.669,12.2800,200
39671669751091,11:01:11.669,12.2800,100
39684617209002,11:01:24.617,12.2750,1
39684617209002,11:01:24.617,12.2750,3
39684617209002,11:01:24.617,12.2750,1
39684617209002,11:01:24.617,12.2750,2
39684617209002,11:01:24.617,12.2750,93
39684617547654,11:01:24.617,12.2750,15
39684617547654,11:01:24.617,12.2800,85
39684617577788,11:01:24.617,12.2800,15
39695932047890,11:01:35.932,12.2800,100
39730975995730,11:02:10.975,12.2800,200
39730976608670,11:02:10.976,12.2800,78
39730976856846,11:02:10.976,12.2800,122
39730976856846,11:02:10.976,12.2800,100
39730977443600,11:02:10.977,12.2800,179
39733774215610,11:02:13.774,12.2800,2
39742527911696,11:02:22.527,12.2800,100
39742542474588,11:02:22.542,12.2800,100
39742916769332,11:02:22.916,12.2800,100
39745308888799,11:02:25.308,12.2800,1
39755905512460,11:02:35.905,12.2700,2
39780049045805,11:03:00.049,12.2800,100
39780049045805,11:03:00.049,12.2800,100
39780049045805,11:03:00.049,12.2800,400
39780049081897,11:03:00.049,12.2800,28
39780049091413,11:03:00.049,12.2800,72
39780049091413,11:03:00.049,12.2800,28
39780049099358,11:03:00.049,12.2800,72
39780049099358,11:03:00.049,12.2800,100
39780049099358,11:03:00.049,12.2800,100
39780049099358,11:03:00.049,12.2800,128
39780049142265,11:03:00.049,12.2800,72
39780049142265,11:03:00.049,12.2800,100
39798370336509,11:03:18.370,12.2800,100
39798370336509,11:03:18.370,12.2800,86
39798370369213,11:03:18.370,12.2800,14
39798370369213,11:03:18.370,12.2800,100
39798370369213,11:03:18.370,12.2800,100
39798634963213,11:03:18.634,12.2800,100
39798634963213,11:03:18.634,12.2800,100
39798634963213,11:03:18.634,12.2800,200
39798634963213,11:03:18.634,12.2800,100
39798634963213,11:03:18.634,12.2800,180
39798634963213,11:03:18.634,12.2800,100
39798634963213,11:03:18.634,12.2800,100
39798636060145,11:03:18.636,12.2800,100
39799632858499,11:03:19.632,12.2800,100
39799632858499,11:03:19.632,12.2800,100
39799632858499,11:03:19.632,12.2800,100
39800276395557,11:03:20.276,12.2750,100
39800287883173,11:03:20.287,12.2700,100
39800287883173,11:03:20.287,12.2700,100
39808975896301,11:03:28.975,12.2750,1
39808975896301,11:03:28.975,12.2750,1
39808975896301,11:03:28.975,12.2750,3
39808975896301,11:03:28.975,12.2750,3
39808975896301,11:03:28.975,12.2750,1
39808975896301,11:03:28.975,12.2750,1
39808975896301,11:03:28.975,12.2750,1
39808975896301,11:03:28.975,12.2750,1
39808975896301,11:03:28.975,12.2750,1
39808975896301,11:03:28.975,12.2750,100
39829473258802,11:03:49.473,12.2800,100
39829473258802,11:03:49.473,12.2800,100
39829473258802,11:03:49.473,12.2800,100
39847865415530,11:04:07.865,12.2850,1
39847865491678,11:04:07.865,12.2850,3
39851119341967,11:04:11.119,12.2900,100
39851119341967,11:04:11.119,12.2900,100
39851119341967,11:04:11.119,12.2900,75
39851119341967,11:04:11.119,12.2900,100
39851119341967,11:04:11.119,12.2900,100
39851119341967,11:04:11.119,12.2900,100
39851119341967,11:04:11.119,12.2900,200
39851119341967,11:04:11.119,12.2900,100
39851119341967,11:04:11.119,12.2900,122
39851119364285,11:04:11.119,12.2900,180
39851119364285,11:04:11.119,12.2900,100
39851119364285,11:04:11.119,12.2900,31
39851890229580,11:04:11.890,12.3000,1500
39851890229580,11:04:11.890,12.3000,100
39851890229580,11:04:11.890,12.3000,100
39853876034726,11:04:13.876,12.3050,100
39868724493459,11:04:28.724,12.3050,1
39868724493459,11:04:28.724,12.3050,1
39868724493459,11:04:28.724,12.3050,1
39868724493459,11:04:28.724,12.3050,2
39868724493459,11:04:28.724,12.3050,1
39868724493459,11:04:28.724,12.3050,1
39868724493459,11:04:28.724,12.3050,1
39868724493459,11:04:28.724,12.3050,1
39868724493459,11:04:28.724,12.3050,1
39868724493459,11:04:28.724,12.3050,2
39868724493459,11:04:28.724,12.3050,1
39868724493459,11:04:28.724,12.3050,1
39868724493459,11:04:28.724,12.3050,1
39868724493459,11:04:28.724,12.3050,2
39884257710289,11:04:44.257,12.3100,100
39884257721859,11:04:44.257,12.3100,100
39884257738195,11:04:44.257,12.3100,100
39884257738195,11:04:44.257,12.3100,100
39901022315899,11:05:01.022,12.3200,100
39901022315899,11:05:01.022,12.3200,100
39901022315899,11:05:01.022,12.3200,100
39901022315899,11:05:01.022,12.3200,300
39901022350895,11:05:01.022,12.3200,277
39911712086062,11:05:11.712,12.3250,100
39911728072861,11:05:11.728,12.3250,100
39911728072861,11:05:11.728,12.3200,100
39911728072861,11:05:11.728,12.3200,100
39911728072861,11:05:11.728,12.3200,100
39911728382855,11:05:11.728,12.3200,100
39911739523656,11:05:11.739,12.3200,100
39940293903077,11:05:40.293,12.3250,100
39940293903077,11:05:40.293,12.3200,100
39940660675122,11:05:40.660,12.3250,100
39945162978092,11:05:45.162,12.3200,100
39945162978092,11:05:45.162,12.3200,100
39945162978092,11:05:45.162,12.3200,100
39945163070513,11:05:45.163,12.3200,100
39945490450424,11:05:45.490,12.3200,900
39945490450424,11:05:45.490,12.3200,200
39945490450424,11:05:45.490,12.3200,179
39945490450424,11:05:45.490,12.3200,400
39945490450424,11:05:45.490,12.3200,100
39959898110381,11:05:59.898,12.3250,100
39959898110381,11:05:59.898,12.3200,100
39959898110381,11:05:59.898,12.3200,433
39959898110381,11:05:59.898,12.3200,400
39969573043911,11:06:09.573,12.3100,100
39969573071823,11:06:09.573,12.3100,100
39969573709673,11:06:09.573,12.3100,100
39969573800984,11:06:09.573,12.3100,67
39969573891793,11:06:09.573,12.3100,45
39969573971706,11:06:09.573,12.3100,34
39969574033350,11:06:09.574,12.3100,22
39969574094736,11:06:09.574,12.3100,15
39969574155334,11:06:09.574,12.3100,10
39969574215152,11:06:09.574,12.3100,7
39969574274308,11:06:09.574,12.3100,4
39969574281163,11:06:09.574,12.3100,177
39969574336587,11:06:09.574,12.3100,3
39969574394560,11:06:09.574,12.3100,2
39969574453151,11:06:09.574,12.3100,1
39969574510908,11:06:09.574,12.3100,1
39969574572432,11:06:09.574,12.3100,1
39969595940494,11:06:09.595,12.3100,100
39969595971545,11:06:09.595,12.3100,100
39995124728093,11:06:35.124,12.3100,11
39995124728093,11:06:35.124,12.3100,100
39995124728093,11:06:35.124,12.3100,23
39995124803427,11:06:35.124,12.3100,177
39995124803427,11:06:35.124,12.3100,100
39995124803427,11:06:35.124,12.3100,100
39995124803427,11:06:35.124,12.3100,200
39995124803427,11:06:35.124,12.3100,100
39996401936597,11:06:36.401,12.3000,100
39996401936597,11:06:36.401,12.3000,100
39996401936597,11:06:36.401,12.3000,100
39996401936597,11:06:36.401,12.3000,173
39996401936597,11:06:36.401,12.3000,100
39996401936597,11:06:36.401,12.3000,100
40004702066206,11:06:44.702,12.3100,37
40004718721089,11:06:44.718,12.3150,100
40032013361646,11:07:12.013,12.3150,100
40033879006251,11:07:13.879,12.3150,100
40034597027944,11:07:14.597,12.3100,100
40034597027944,11:07:14.597,12.3100,100
40034597027944,11:07:14.597,12.3100,100
40106573070939,11:08:26.573,12.3100,400
40106573412971,11:08:26.573,12.3100,100
40106573412971,11:08:26.573,12.3100,100
40106573412971,11:08:26.573,12.3100,100
40106573412971,11:08:26.573,12.3100,100
40106573412971,11:08:26.573,12.3100,100
40106573412971,11:08:26.573,12.3100,100
40106573412971,11:08:26.573,12.3100,100
40106573412971,11:08:26.573,12.3100,100
40106573412971,11:08:26.573,12.3100,62
40106573412971,11:08:26.573,12.3100,100
40106573412971,11:08:26.573,12.3100,300
40106573412971,11:08:26.573,12.3100,100
40106573412971,11:08:26.573,12.3100,100
40106573412971,11:08:26.573,12.3100,100
40106573412971,11:08:26.573,12.3100,137
40106573412971,11:08:26.573,12.3100,400
40106573412971,11:08:26.573,12.3100,169
40106573412971,11:08:26.573,12.3100,100
40106573502580,11:08:26.573,12.3100,100
40106573502580,11:08:26.573,12.3100,100
40106574756757,11:08:26.574,12.3100,200
40106574756757,11:08:26.574,12.3100,300
40106574756757,11:08:26.574,12.3100,100
40106574756757,11:08:26.574,12.3100,200
40106644447560,11:08:26.644,12.3100,100
40106644447560,11:08:26.644,12.3100,74
40167340622675,11:09:27.340,12.3100,100
40167340622675,11:09:27.340,12.3100,100
40167340622675,11:09:27.340,12.3100,100
40167340622675,11:09:27.340,12.3100,100
40167340622675,11:09:27.340,12.3100,40
40167340622675,11:09:27.340,12.3100,100
40167340622675,11:09:27.340,12.3100,100
40167340622675,11:09:27.340,12.3100,200
40167341670326,11:09:27.341,12.3100,100
40186871489188,11:09:46.871,12.3100,100
40186871489188,11:09:46.871,12.3100,100
40211792419024,11:10:11.792,12.3150,1
40211792419024,11:10:11.792,12.3150,100
40211792419024,11:10:11.792,12.3150,1
40211792419024,11:10:11.792,12.3150,1
40211792419024,11:10:11.792,12.3150,2
40211792419024,11:10:11.792,12.3150,1
40224423162481,11:10:24.423,12.3200,386
40224423218486,11:10:24.423,12.3200,14
40224423218486,11:10:24.423,12.3200,56
40224423220257,11:10:24.423,12.3200,44
40224423220257,11:10:24.423,12.3200,43
40224423220257,11:10:24.423,12.3200,13
40224423323290,11:10:24.423,12.3200,47
40225057730890,11:10:25.057,12.3200,100
40225057730890,11:10:25.057,12.3200,400
40225057730890,11:10:25.057,12.3200,100
40225057730890,11:10:25.057,12.3200,100
40225057730890,11:10:25.057,12.3200,400
40225057730890,11:10:25.057,12.3200,600
40225057730890,11:10:25.057,12.3200,200
40225057730890,11:10:25.057,12.3200,600
40225058696464,11:10:25.058,12.3200,100
40225059475538,11:10:25.059,12.3200,52
40225059475538,11:10:25.059,12.3200,148
40225059895554,11:10:25.059,12.3200,200
40225061040752,11:10:25.061,12.3200,100
40225061064522,11:10:25.061,12.3200,100
40225063122942,11:10:25.063,12.3200,100
40225063183407,11:10:25.063,12.3200,100
40225063329848,11:10:25.063,12.3200,100
40225077973057,11:10:25.077,12.3200,100
40225094266269,11:10:25.094,12.3200,100
40225096562441,11:10:25.096,12.3200,100
40225114023450,11:10:25.114,12.3200,52
40225114023450,11:10:25.114,12.3200,400
40225114023450,11:10:25.114,12.3200,100
40225114023450,11:10:25.114,12.3200,100
40225114023450,11:10:25.114,12.3200,100
40225114023450,11:10:25.114,12.3200,200
40225114023450,11:10:25.114,12.3200,148
40225114741256,11:10:25.114,12.3250,100
40225114741256,11:10:25.114,12.3200,100
40225114741256,11:10:25.114,12.3200,100
40225114932577,11:10:25.114,12.3200,100
40230467539066,11:10:30.467,12.3200,200
40244932682995,11:10:44.932,12.3100,300
40290518429281,11:11:30.518,12.3050,1
40290518500081,11:11:30.518,12.3050,2
40290518606571,11:11:30.518,12.3050,1
40290518656020,11:11:30.518,12.3050,1
40290518685303,11:11:30.518,12.3050,1
40290518743685,11:11:30.518,12.3050,3
40290518825878,11:11:30.518,12.3050,1
40290519271066,11:11:30.519,12.3050,1
40291664162742,11:11:31.664,12.3000,100
40291666546001,11:11:31.666,12.3000,100
40291683924626,11:11:31.683,12.3000,100
40291683961924,11:11:31.683,12.3000,100
40291686224697,11:11:31.686,12.3000,100
40291688804463,11:11:31.688,12.3000,100
40291691182988,11:11:31.691,12.3000,100
40291783875295,11:11:31.783,12.3050,100
40373753784208,11:12:53.753,12.3000,100
40373753929205,11:12:53.753,12.3000,400
40373753929205,11:12:53.753,12.3000,100
40373753929205,11:12:53.753,12.3000,400
40373753929205,11:12:53.753,12.3000,100
40373754408707,11:12:53.754,12.3000,141
40374246449442,11:12:54.246,12.3000,100
40374246449442,11:12:54.246,12.3000,200
40374247835469,11:12:54.247,12.3000,100
40385732821229,11:13:05.732,12.3000,100
40426603150128,11:13:46.603,12.3000,100
40426603150128,11:13:46.603,12.3000,100
40426603150128,11:13:46.603,12.3000,100
40426603150128,11:13:46.603,12.3000,100
40426603150128,11:13:46.603,12.3000,100
40426603150128,11:13:46.603,12.3000,100
40426603150128,11:13:46.603,12.3000,14
40426603399670,11:13:46.603,12.3000,86
40426604197378,11:13:46.604,12.3000,100
40443045934914,11:14:03.045,12.3050,3
40481502533142,11:14:41.502,12.3050,3
40481502623927,11:14:41.502,12.3050,2
40481502668541,11:14:41.502,12.3050,1
40485238193942,11:14:45.238,12.3050,1
40485238281868,11:14:45.238,12.3050,1
40485238483037,11:14:45.238,12.3050,1
40485242376154,11:14:45.242,12.3050,1
40485243412894,11:14:45.243,12.3050,1
40485243517208,11:14:45.243,12.3050,1
40485243571370,11:14:45.243,12.3050,1
40485243633108,11:14:45.243,12.3050,1
40485243686831,11:14:45.243,12.3050,2
40485243722112,11:14:45.243,12.3050,1
40485243812689,11:14:45.243,12.3050,2
40485243864141,11:14:45.243,12.3050,2
40485243880751,11:14:45.243,12.3050,1
40485243948746,11:14:45.243,12.3050,2
40485243998664,11:14:45.243,12.3050,1
40512271636318,11:15:12.271,12.3100,100
40512271636318,11:15:12.271,12.3100,2
40512271696069,11:15:12.271,12.3100,98
40512271696069,11:15:12.271,12.3100,100
40512271696069,11:15:12.271,12.3100,100
40512271696069,11:15:12.271,12.3100,94
40512271744046,11:15:12.271,12.3100,6
40512271744046,11:15:12.271,12.3100,200
40512271744046,11:15:12.271,12.3100,30
40512271750302,11:15:12.271,12.3100,70
40512271750302,11:15:12.271,12.3100,30
40512271760680,11:15:12.271,12.3100,70
40512271760680,11:15:12.271,12.3100,30
40512271778640,11:15:12.271,12.3100,4
40512271778640,11:15:12.271,12.3100,100
40512271778640,11:15:12.271,12.3100,100
40572396055735,11:16:12.396,12.3150,1
40572396242618,11:16:12.396,12.3150,1
40572396335557,11:16:12.396,12.3150,1
40572396374903,11:16:12.396,12.3150,1
40572396408966,11:16:12.396,12.3150,2
40572396472356,11:16:12.396,12.3150,1
40572396523296,11:16:12.396,12.3150,1
40572396533681,11:16:12.396,12.3150,1
40589014815626,11:16:29.014,12.3150,1
40589014815626,11:16:29.014,12.3150,2
40600071287399,11:16:40.071,12.3150,100
40600071287399,11:16:40.071,12.3100,100
40600071287399,11:16:40.071,12.3100,100
40600071287399,11:16:40.071,12.3100,100
40600071287399,11:16:40.071,12.3100,100
40600071287399,11:16:40.071,12.3100,300
40600071473606,11:16:40.071,12.3100,100
40600071473606,11:16:40.071,12.3100,100
40600071473606,11:16:40.071,12.3100,500
40600071473606,11:16:40.071,12.3100,100
40600073442680,11:16:40.073,12.3100,100
40600074362715,11:16:40.074,12.3100,192
40600075567684,11:16:40.075,12.3100,8
40600075567684,11:16:40.075,12.3100,92
40600077630292,11:16:40.077,12.3100,8
40600081192417,11:16:40.081,12.3150,92
40600081192417,11:16:40.081,12.3100,500
40600081192417,11:16:40.081,12.3100,100
40600081192417,11:16:40.081,12.3100,200
40600081192417,11:16:40.081,12.3100,100
40600083332911,11:16:40.083,12.3100,100
40600084413710,11:16:40.084,12.3100,100
40600084763455,11:16:40.084,12.3100,100
40600085474420,11:16:40.085,12.3100,100
40600085518569,11:16:40.085,12.3100,100
40637165448779,11:17:17.165,12.3150,1
40638173097957,11:17:18.173,12.3200,100
40638173097957,11:17:18.173,12.3200,100
40638173097957,11:17:18.173,12.3200,100
40638173097957,11:17:18.173,12.3200,100
40638173097957,11:17:18.173,12.3200,100
40638173140661,11:17:18.173,12.3200,100
40638173140661,11:17:18.173,12.3200,100
40638173140661,11:17:18.173,12.3200,100
40638173140661,11:17:18.173,12.3200,35
40638173140661,11:17:18.173,12.3200,65
40638173178026,11:17:18.173,12.3200,35
40639441409582,11:17:19.441,12.3250,100
40651262464600,11:17:31.262,12.3250,1
40651262464600,11:17:31.262,12.3250,2
40651262464600,11:17:31.262,12.3250,1
40651598356944,11:17:31.598,12.3250,1
40665158649078,11:17:45.158,12.3250,1
40665158649078,11:17:45.158,12.3250,1
40665158649078,11:17:45.158,12.3250,1
40665158649078,11:17:45.158,12.3250,1
40665158649078,11:17:45.158,12.3250,2
40665158649078,11:17:45.158,12.3250,1
40665158649078,11:17:45.158,12.3250,1
40682347370548,11:18:02.347,12.3250,100
40682347370548,11:18:02.347,12.3300,100
40682347370548,11:18:02.347,12.3300,100
40682347370548,11:18:02.347,12.3300,100
40682347370548,11:18:02.347,12.3300,100
40682347370548,11:18:02.347,12.3300,100
40682347370548,11:18:02.347,12.3300,100
40682347370548,11:18:02.347,12.3300,100
40682347370548,11:18:02.347,12.3300,100
40682347370548,11:18:02.347,12.3300,100
40682347370548,11:18:02.347,12.3300,100
40682347370548,11:18:02.347,12.3300,100
40682347370548,11:18:02.347,12.3300,100
40682347370548,11:18:02.347,12.3300,100
40682347370548,11:18:02.347,12.3300,100
40682347821414,11:18:02.347,12.3300,500
40682360299786,11:18:02.360,12.3400,100
40717499303445,11:18:37.499,12.3350,2
40717499562735,11:18:37.499,12.3350,3
40717499645703,11:18:37.499,12.3350,2
40719147944099,11:18:39.147,12.3300,26
40719148640560,11:18:39.148,12.3300,300
40719148640560,11:18:39.148,12.3300,100
40719148640560,11:18:39.148,12.3300,1700
40719148640560,11:18:39.148,12.3300,100
40719148640560,11:18:39.148,12.3300,200
40732316368164,11:18:52.316,12.3300,100
40732316368164,11:18:52.316,12.3300,100
40732316368164,11:18:52.316,12.3300,100
40732316368164,11:18:52.316,12.3300,200
40732316368164,11:18:52.316,12.3300,100
40732316368164,11:18:52.316,12.3300,38
40762508665568,11:19:22.508,12.3400,100
40762508665568,11:19:22.508,12.3400,100
40762508665568,11:19:22.508,12.3400,300
40762508665568,11:19:22.508,12.3400,100
40762508665568,11:19:22.508,12.3400,100
40792609093189,11:19:52.609,12.3450,100
40828775906962,11:20:28.775,12.3450,1
40828775927789,11:20:28.775,12.3450,1
40828776029807,11:20:28.776,12.3450,4
40828776042812,11:20:28.776,12.3450,1
40828776079662,11:20:28.776,12.3450,2
40828776148929,11:20:28.776,12.3450,1
40836645133781,11:20:36.645,12.3400,100
40836645133781,11:20:36.645,12.3400,100
40836645133781,11:20:36.645,12.3400,2
40836645133781,11:20:36.645,12.3400,300
40836645133781,11:20:36.645,12.3400,200
40836707952179,11:20:36.707,12.3350,100
40842402302782,11:20:42.402,12.3350,100
40842917964343,11:20:42.917,12.3300,100
40842920942691,11:20:42.920,12.3300,100
40842923113115,11:20:42.923,12.3300,100
40842925319904,11:20:42.925,12.3300,100
40843002809002,11:20:43.002,12.3350,100
40869205281503,11:21:09.205,12.3300,100
40869205281503,11:21:09.205,12.3300,34
40869205772174,11:21:09.205,12.3300,23
40869205834774,11:21:09.205,12.3300,16
40869205900077,11:21:09.205,12.3300,10
40869205962406,11:21:09.205,12.3300,7
40869205992344,11:21:09.205,12.3300,133
40869206025695,11:21:09.206,12.3300,5
40869206185254,11:21:09.206,12.3300,44
40869206249069,11:21:09.206,12.3300,29
40875172969977,11:21:15.172,12.3350,100
40875172969977,11:21:15.172,12.3350,100
40875172969977,11:21:15.172,12.3300,200
40876870460859,11:21:16.870,12.3350,100
40876870460859,11:21:16.870,12.3300,99
40876870460859,11:21:16.870,12.3300,1
40877070813340,11:21:17.070,12.3350,100
40877070813340,11:21:17.070,12.3350,100
40880865793925,11:21:20.865,12.3350,100
40881698163362,11:21:21.698,12.3350,100
40881698163362,11:21:21.698,12.3300,99
40881698163362,11:21:21.698,12.3300,100
40881698163362,11:21:21.698,12.3300,100
40881698163362,11:21:21.698,12.3300,1
40881698426742,11:21:21.698,12.3300,99
40881698426742,11:21:21.698,12.3300,100
40881698787281,11:21:21.698,12.3300,100
40881698787281,11:21:21.698,12.3300,99
40881698863204,11:21:21.698,12.3300,1
40881698863204,11:21:21.698,12.3300,100
40881698863204,11:21:21.698,12.3300,98
40881702941887,11:21:21.702,12.3300,100
40881711963597,11:21:21.711,12.3300,100
40881714185490,11:21:21.714,12.3300,100
40881720651648,11:21:21.720,12.3300,100
40886559566282,11:21:26.559,12.3400,274
40886559701461,11:21:26.559,12.3400,726
40886559701461,11:21:26.559,12.3400,100
40886559701461,11:21:26.559,12.3400,100
40886559701461,11:21:26.559,12.3400,100
40886559701461,11:21:26.559,12.3400,100
40886559701461,11:21:26.559,12.3400,100
40886559701461,11:21:26.559,12.3400,100
40886559701461,11:21:26.559,12.3400,49
40886560711039,11:21:26.560,12.3400,100
40888468977247,11:21:28.468,12.3450,100
40905815845434,11:21:45.815,12.3450,100
40905815845434,11:21:45.815,12.3400,100
40905815845434,11:21:45.815,12.3400,300
40905815845434,11:21:45.815,12.3400,500
40905816099804,11:21:45.816,12.3400,100
40905816395563,11:21:45.816,12.3400,300
40905816395563,11:21:45.816,12.3400,300
40905819377606,11:21:45.819,12.3400,100
40905821466421,11:21:45.821,12.3400,100
40905823749043,11:21:45.823,12.3400,100
40905828387575,11:21:45.828,12.3400,100
40905830514651,11:21:45.830,12.3400,100
40918907780692,11:21:58.907,12.3500,200
40918907780692,11:21:58.907,12.3500,100
40918907780692,11:21:58.907,12.3500,100
40918907780692,11:21:58.907,12.3500,100
40918907780692,11:21:58.907,12.3500,100
40918907780692,11:21:58.907,12.3500,200
40918907780692,11:21:58.907,12.3500,286
40918907780692,11:21:58.907,12.3500,100
40918907780692,11:21:58.907,12.3500,100
40918907780692,11:21:58.907,12.3500,259
40918908759425,11:21:58.908,12.3500,100
40924828818872,11:22:04.828,12.3500,100
40924828818872,11:22:04.828,12.3500,33
40924828818872,11:22:04.828,12.3500,500
40924828818872,11:22:04.828,12.3500,100
40926641143538,11:22:06.641,12.3500,100
40933733722461,11:22:13.733,12.3450,100
40935707626972,11:22:15.707,12.3450,100
40938011025682,11:22:18.011,12.3450,100
40938579733719,11:22:18.579,12.3400,100
40938579733719,11:22:18.579,12.3400,100
40938579780604,11:22:18.579,12.3400,100
40941166050116,11:22:21.166,12.3400,1
40955545218577,11:22:35.545,12.3400,100
40955546474427,11:22:35.546,12.3400,100
40956412449824,11:22:36.412,12.3400,200
40956412537788,11:22:36.412,12.3400,200
40956412656974,11:22:36.412,12.3400,200
40956421662562,11:22:36.421,12.3400,1
40956422414874,11:22:36.422,12.3400,1
40956422545582,11:22:36.422,12.3400,3
40956422664697,11:22:36.422,12.3400,2
40956422704400,11:22:36.422,12.3400,1
40956422747886,11:22:36.422,12.3400,1
40956451690311,11:22:36.451,12.3400,100
40956451730564,11:22:36.451,12.3400,100
40956452095806,11:22:36.452,12.3400,100
40956452131465,11:22:36.452,12.3400,90
41028235464067,11:23:48.235,12.3350,4
41058530119822,11:24:18.530,12.3350,2
41058530191136,11:24:18.530,12.3350,3
41058530234025,11:24:18.530,12.3350,2
41100341002880,11:25:00.341,12.3400,100
41100341002880,11:25:00.341,12.3400,100
41100341002880,11:25:00.341,12.3400,100
41100341002880,11:25:00.341,12.3400,100
41100341002880,11:25:00.341,12.3400,46
41100341002880,11:25:00.341,12.3400,100
41100341002880,11:25:00.341,12.3400,100
41100341002880,11:25:00.341,12.3400,100
41100341002880,11:25:00.341,12.3400,100
41100341002880,11:25:00.341,12.3400,55
41100341042264,11:25:00.341,12.3400,45
41100642484237,11:25:00.642,12.3450,27
41115707810973,11:25:15.707,12.3450,1
41115707810973,11:25:15.707,12.3450,100
41117177917043,11:25:17.177,12.3450,2
41117177984213,11:25:17.177,12.3450,2
41117178049187,11:25:17.178,12.3450,2
41117178247970,11:25:17.178,12.3450,2
41117178300660,11:25:17.178,12.3450,1
41136226056223,11:25:36.226,12.3400,24
41136226056223,11:25:36.226,12.3400,100
41136226056223,11:25:36.226,12.3400,57
41136228504049,11:25:36.228,12.3400,143
41136228504049,11:25:36.228,12.3400,457
41136228535118,11:25:36.228,12.3400,143
41138447453044,11:25:38.447,12.3350,1
41138447490018,11:25:38.447,12.3350,1
41138447956501,11:25:38.447,12.3350,1
41138448732118,11:25:38.448,12.3350,2
41138448887922,11:25:38.448,12.3350,1
41142599963366,11:25:42.599,12.3300,100
41142599963366,11:25:42.599,12.3300,100
41142599963366,11:25:42.599,12.3300,100
41143636995928,11:25:43.636,12.3250,1
41143636995928,11:25:43.636,12.3250,1
41143636995928,11:25:43.636,12.3250,1
41143636995928,11:25:43.636,12.3250,2
41143636995928,11:25:43.636,12.3250,3
41143636995928,11:25:43.636,12.3250,1
41143636995928,11:25:43.636,12.3250,91
41144399244872,11:25:44.399,12.3200,100
41144399244872,11:25:44.399,12.3200,100
41144399244872,11:25:44.399,12.3200,100
41144399555934,11:25:44.399,12.3200,78
41144401033442,11:25:44.401,12.3200,100
41144401657256,11:25:44.401,12.3200,200
41144402726197,11:25:44.402,12.3200,100
41144402731227,11:25:44.402,12.3200,300
41144402747469,11:25:44.402,12.3200,100
41144402978666,11:25:44.402,12.3200,100
41144402989196,11:25:44.402,12.3200,200
41144402995112,11:25:44.402,12.3200,100
41144402996559,11:25:44.402,12.3200,200
41144402996559,11:25:44.402,12.3200,100
41144403249151,11:25:44.403,12.3250,100
41147264923722,11:25:47.264,12.3200,100
41157730929290,11:25:57.730,12.3300,100
41157730929290,11:25:57.730,12.3300,100
41157730929290,11:25:57.730,12.3300,100
41157730929290,11:25:57.730,12.3300,100
41157730929290,11:25:57.730,12.3300,100
41157730929290,11:25:57.730,12.3300,100
41157730929290,11:25:57.730,12.3300,100
41157730929290,11:25:57.730,12.3300,100
41157730929290,11:25:57.730,12.3300,100
41157730929290,11:25:57.730,12.3300,100
41157730929290,11:25:57.730,12.3300,100
41157732642329,11:25:57.732,12.3300,100
41177513182315,11:26:17.513,12.3300,100
41177513182315,11:26:17.513,12.3300,100
