timestamp,time,price,volume
34200061487792,09:30:00.061,0.0000,0
34430400971219,09:33:50.400,23.2400,100
34430402106578,09:33:50.402,23.2400,100
34430402106578,09:33:50.402,23.2400,100
34793186251574,09:39:53.186,23.1700,100
34793186251574,09:39:53.186,23.1700,1
34869229877645,09:41:09.229,23.1800,202
34870317165836,09:41:10.317,23.2000,118
34870317243585,09:41:10.317,23.2100,14
34870317747491,09:41:10.317,23.2100,14
34904647740299,09:41:44.647,23.2000,100
34904656496156,09:41:44.656,23.2000,100
34945638543857,09:42:25.638,23.2100,100
34945638709489,09:42:25.638,23.2100,100
34945638721147,09:42:25.638,23.2100,100
34954431418854,09:42:34.431,23.2000,100
34961171101918,09:42:41.171,23.2000,100
35016306248881,09:43:36.306,23.1500,123
35016306252770,09:43:36.306,23.1500,77
35019434177936,09:43:39.434,23.1500,100
35019434252491,09:43:39.434,23.1500,50
35019434312222,09:43:39.434,23.1500,25
35019434374874,09:43:39.434,23.1500,13
35019434434069,09:43:39.434,23.1500,6
35019434493841,09:43:39.434,23.1500,3
35019434553004,09:43:39.434,23.1500,2
35019434613818,09:43:39.434,23.1500,1
35081548499550,09:44:41.548,23.1000,34
35124111993614,09:45:24.111,23.1600,50
35124112065991,09:45:24.112,23.1600,50
35124142859575,09:45:24.142,23.1500,100
35127782090651,09:45:27.782,23.1500,100
35127782217408,09:45:27.782,23.1600,100
35258046984665,09:47:38.046,23.1600,100
35258046984665,09:47:38.046,23.1600,100
35290460661342,09:48:10.460,23.1000,100
35343690291441,09:49:03.690,23.0500,100
35349705642733,09:49:09.705,23.0400,200
35380186770705,09:49:40.186,23.0500,100
35380186770705,09:49:40.186,23.0500,100
35500438912351,09:51:40.438,23.0400,100
35500460492440,09:51:40.460,23.0400,100
35514510297041,09:51:54.510,23.0600,3
35514510494431,09:51:54.510,23.0600,97
35514510494431,09:51:54.510,23.0600,100
35604445149045,09:53:24.445,23.0600,200
35888626240294,09:58:08.626,23.0700,100
35888626356394,09:58:08.626,23.0700,100
35895534060016,09:58:15.534,23.0700,200
35911477666201,09:58:31.477,23.0600,100
35966909279003,09:59:26.909,23.0500,200
35966909279003,09:59:26.909,23.0500,100
35984407001498,09:59:44.407,23.0600,100
36059587432626,10:00:59.587,23.0900,100
36166690318044,10:02:46.690,23.0800,41
36166691501370,10:02:46.691,23.0800,2
36166739839630,10:02:46.739,23.0700,100
36167755058016,10:02:47.755,23.0700,100
36190395918104,10:03:10.395,23.0600,100
36216883788940,10:03:36.883,23.0600,100
36216883788940,10:03:36.883,23.0600,100
36270628981698,10:04:30.628,23.0600,39
36296708997397,10:04:56.708,23.0600,100
36296784340686,10:04:56.784,23.0600,100
36296784340686,10:04:56.784,23.0600,100
36314993258193,10:05:14.993,23.0500,100
36368751275396,10:06:08.751,23.0400,21
36452780893879,10:07:32.780,23.0500,39
36464151622389,10:07:44.151,23.0500,100
36485299348140,10:08:05.299,23.0600,100
36527794534371,10:08:47.794,23.0900,100
36537884849664,10:08:57.884,23.1100,100
36537884861636,10:08:57.884,23.1100,100
36543091138185,10:09:03.091,23.0900,100
36580276597121,10:09:40.276,23.0900,67
36580276674069,10:09:40.276,23.0900,33
36585235091295,10:09:45.235,23.0800,37
36585235725274,10:09:45.235,23.0700,34
36588768059592,10:09:48.768,23.0700,100
36610484789918,10:10:10.484,23.0700,37
36651769873589,10:10:51.769,23.0700,100
36698236577844,10:11:38.236,23.0600,200
36698236577844,10:11:38.236,23.0600,93
36699182725077,10:11:39.182,23.0500,100
36699232750858,10:11:39.232,23.0500,100
36699232750858,10:11:39.232,23.0500,8
36752516233926,10:12:32.516,23.0900,37
36778370310333,10:12:58.370,23.1000,100
36807522255253,10:13:27.522,23.1100,14
36854349223406,10:14:14.349,23.1300,1
36854349259548,10:14:14.349,23.1300,35
36857859088402,10:14:17.859,23.1300,100
36857880068070,10:14:17.880,23.1300,100
36857880068070,10:14:17.880,23.1300,100
36857880068070,10:14:17.880,23.1300,100
36857880068070,10:14:17.880,23.1300,100
36857880068070,10:14:17.880,23.1300,100
36857880068070,10:14:17.880,23.1300,100
36900008709841,10:15:00.008,23.1400,68
36900008731209,10:15:00.008,23.1400,32
36900008731209,10:15:00.008,23.1400,100
36907020840548,10:15:07.020,23.1600,100
36959929849648,10:15:59.929,23.1300,100
36974606170921,10:16:14.606,23.1200,36
36992626635860,10:16:32.626,23.1100,100
36992626635860,10:16:32.626,23.1100,100
36992627848581,10:16:32.627,23.1200,100
36992627848581,10:16:32.627,23.1200,100
37005922484514,10:16:45.922,23.1200,100
37069020445486,10:17:49.020,23.0800,100
37083751744728,10:18:03.751,23.0750,100
37156142839800,10:19:16.142,23.0800,100
37220151333222,10:20:20.151,23.0900,100
37220153347748,10:20:20.153,23.1000,100
37220153347748,10:20:20.153,23.1000,100
37220153347748,10:20:20.153,23.1000,100
37240441035730,10:20:40.441,23.1000,100
37240441035730,10:20:40.441,23.1000,100
37240441035730,10:20:40.441,23.1000,100
37240600716510,10:20:40.600,23.1000,50
37359679700991,10:22:39.679,23.1000,50
37359679700991,10:22:39.679,23.1000,37
37396784972616,10:23:16.784,23.0600,100
37413937993689,10:23:33.937,23.0750,100
37461276877763,10:24:21.276,23.0900,100
37641211993245,10:27:21.211,23.0700,44
37650668365070,10:27:30.668,23.0800,100
37735963021522,10:28:55.963,23.0800,37
37735963021522,10:28:55.963,23.0800,38
37800073150846,10:30:00.073,23.0900,100
37800076723936,10:30:00.076,23.1000,100
37802075967250,10:30:02.075,23.1250,100
37929733448364,10:32:09.733,23.1900,65
37929733993477,10:32:09.733,23.1900,18
37929734570290,10:32:09.734,23.1900,5
37929734938223,10:32:09.734,23.1900,1
37939142794448,10:32:19.142,23.1700,100
37939142816483,10:32:19.142,23.1600,24
37939142937687,10:32:19.142,23.1600,76
37940432729940,10:32:20.432,23.1400,100
37940432729940,10:32:20.432,23.1400,100
37940432729940,10:32:20.432,23.1400,100
37941869386556,10:32:21.869,23.1200,100
37980149476845,10:33:00.149,23.1200,100
37980149476845,10:33:00.149,23.1200,100
38016335441126,10:33:36.335,23.1200,100
38016339021215,10:33:36.339,23.1200,100
38016339090804,10:33:36.339,23.1200,100
38055704692754,10:34:15.704,23.1300,100
38059980267158,10:34:19.980,23.1300,3
38066278555969,10:34:26.278,23.1500,100
38153172933110,10:35:53.172,23.1400,38
38153176769735,10:35:53.176,23.1300,100
38211306524080,10:36:51.306,23.1200,100
38211306524080,10:36:51.306,23.1200,100
38211308640023,10:36:51.308,23.1300,100
38235676610583,10:37:15.676,23.1400,100
38235676610583,10:37:15.676,23.1400,100
38284067880319,10:38:04.067,23.1300,100
38284067880319,10:38:04.067,23.1300,100
38290049639704,10:38:10.049,23.1600,100
38295654971028,10:38:15.654,23.1500,38
38319856399234,10:38:39.856,23.1500,100
38328975952094,10:38:48.975,23.1400,67
38358162540504,10:39:18.162,23.1500,100
38362880243055,10:39:22.880,23.1400,100
38366458805312,10:39:26.458,23.1500,100
38373258771057,10:39:33.258,23.1500,100
38381576333886,10:39:41.576,23.1600,100
38381576333886,10:39:41.576,23.1600,100
38381576892569,10:39:41.576,23.1600,100
38381576946680,10:39:41.576,23.1600,100
38469614469729,10:41:09.614,23.1400,38
38498856062212,10:41:38.856,23.1300,100
38498856062212,10:41:38.856,23.1300,100
38498856062212,10:41:38.856,23.1300,100
38535228638958,10:42:15.228,23.1200,100
38535229290152,10:42:15.229,23.1100,200
38537312696672,10:42:17.312,23.1100,100
38617018322540,10:43:37.018,23.1200,100
38649589453564,10:44:09.589,23.1500,100
38649589819379,10:44:09.589,23.1500,100
38649589819379,10:44:09.589,23.1500,100
38649589860917,10:44:09.589,23.1500,100
38685809740893,10:44:45.809,23.1400,100
38685861176655,10:44:45.861,23.1300,100
38708364478894,10:45:08.364,23.1300,100
38712870463868,10:45:12.870,23.1300,100
38713491383517,10:45:13.491,23.1300,100
38775933400667,10:46:15.933,23.1300,100
38892284953799,10:48:12.284,23.1200,38
38931533785617,10:48:51.533,23.1100,100
38933904364668,10:48:53.904,23.0900,100
39019845345061,10:50:19.845,23.1100,37
39019868550120,10:50:19.868,23.1000,100
39019868550120,10:50:19.868,23.1000,100
39019868550120,10:50:19.868,23.1000,100
39033132789100,10:50:33.132,23.1300,100
39033642503387,10:50:33.642,23.1200,100
39083851640246,10:51:23.851,23.1100,100
39160103157083,10:52:40.103,23.1100,100
39161753818701,10:52:41.753,23.1000,100
39250008781395,10:54:10.008,23.1200,100
39271378533875,10:54:31.378,23.1400,100
39289091038293,10:54:49.091,23.1400,86
39326908101323,10:55:26.908,23.1400,100
39380291053749,10:56:20.291,23.1100,100
39402664529901,10:56:42.664,23.1200,100
39410831390445,10:56:50.831,23.1300,100
39474579100776,10:57:54.579,23.1300,39
39585376594648,10:59:45.376,23.1500,100
39644304405620,11:00:44.304,23.1500,100
39713040815107,11:01:53.040,23.1800,100
39768924153179,11:02:48.924,23.1900,100
39773483880016,11:02:53.483,23.1800,36
39855850343910,11:04:15.850,23.1600,100
39856702410076,11:04:16.702,23.1600,100
39856702410076,11:04:16.702,23.1600,100
39856702410076,11:04:16.702,23.1600,100
39909544995259,11:05:09.544,23.1600,100
40019838097284,11:06:59.838,23.1500,38
40019838097284,11:06:59.838,23.1500,62
40019912778195,11:06:59.912,23.1500,3
40019912969054,11:06:59.912,23.1500,97
40028613107295,11:07:08.613,23.1600,100
40030976781036,11:07:10.976,23.1600,100
40032728313971,11:07:12.728,23.1700,51
40032728318125,11:07:12.728,23.1700,49
40040804308433,11:07:20.804,23.1800,300
40050421043691,11:07:30.421,23.1900,100
40054565751447,11:07:34.565,23.1800,100
40054565751447,11:07:34.565,23.1800,100
40070382100259,11:07:50.382,23.1700,100
40081700906939,11:08:01.700,23.1600,100
40081728133745,11:08:01.728,23.1600,100
40081728133745,11:08:01.728,23.1600,100
40081728133745,11:08:01.728,23.1600,100
40084580128472,11:08:04.580,23.1600,100
40085477357516,11:08:05.477,23.1600,40
40085503792723,11:08:05.503,23.1600,100
40085503792723,11:08:05.503,23.1600,100
40085503792723,11:08:05.503,23.1600,100
40096872365496,11:08:16.872,23.1600,100
40098678517075,11:08:18.678,23.1700,2
40098678598694,11:08:18.678,23.1700,1
40109094503587,11:08:29.094,23.1800,52
40109118876561,11:08:29.118,23.1800,100
40125729384499,11:08:45.729,23.2100,44
40191590707081,11:09:51.590,23.2300,100
40238031346972,11:10:38.031,23.2100,37
40238031346972,11:10:38.031,23.2100,100
40270444335652,11:11:10.444,23.2100,100
40270459321166,11:11:10.459,23.2200,100
40387382830326,11:13:07.382,23.2100,50
40449869999934,11:14:09.869,23.2100,36
40463566520668,11:14:23.566,23.2100,100
40473451173682,11:14:33.451,23.2200,100
40517465458145,11:15:17.465,23.2300,100
40558526774283,11:15:58.526,23.2200,100
40583363667779,11:16:23.363,23.2200,100
40599624636466,11:16:39.624,23.2100,100
40791726392815,11:19:51.726,23.2100,100
40811682117140,11:20:11.682,23.2000,100
40811682755375,11:20:11.682,23.2100,100
40827024974198,11:20:27.024,23.2000,100
40827024974198,11:20:27.024,23.2000,100
40827028567582,11:20:27.028,23.2000,100
40846521299524,11:20:46.521,23.2100,100
40857677729133,11:20:57.677,23.2000,100
40857677729133,11:20:57.677,23.2000,100
40857688534229,11:20:57.688,23.2000,100
40857688534229,11:20:57.688,23.2000,100
40864036043811,11:21:04.036,23.2000,100
40879688296437,11:21:19.688,23.2000,100
40879688296437,11:21:19.688,23.2000,100
40879841673712,11:21:19.841,23.2000,79
40889754821370,11:21:29.754,23.2000,18
40921219465436,11:22:01.219,23.1950,35
40935020417480,11:22:15.020,23.1900,100
40935020417480,11:22:15.020,23.1900,35
40935023341996,11:22:15.023,23.1800,100
41092204797306,11:24:52.204,23.1800,100
41092204797306,11:24:52.204,23.1800,100
41092210315945,11:24:52.210,23.1800,100
41092210315945,11:24:52.210,23.1800,100
41092806541990,11:24:52.806,23.1800,13
41102815191433,11:25:02.815,23.1800,87
41102815655369,11:25:02.815,23.1800,6
41102850429948,11:25:02.850,23.1800,94
41102850429948,11:25:02.850,23.1800,6
41107624645844,11:25:07.624,23.1700,51
41107624645844,11:25:07.624,23.1700,100
41107647359160,11:25:07.647,23.1600,94
41107647359160,11:25:07.647,23.1600,6
41136533836431,11:25:36.533,23.1500,162
41136533850413,11:25:36.533,23.1500,38
41142818765842,11:25:42.818,23.1400,100
41147887207545,11:25:47.887,23.1300,68
41147887235183,11:25:47.887,23.1300,32
41147888965923,11:25:47.888,23.1200,36
41147908200314,11:25:47.908,23.1200,64
41147908200314,11:25:47.908,23.1200,100
41147908200314,11:25:47.908,23.1200,100
41149508718151,11:25:49.508,23.1200,100
41149508718151,11:25:49.508,23.1200,19
41155677774491,11:25:55.677,23.1300,1
41298512527711,11:28:18.512,23.1500,100
41340585600181,11:29:00.585,23.1400,38
41468045180475,11:31:08.045,23.1300,100
41574963448333,11:32:54.963,23.1400,47
41574963452582,11:32:54.963,23.1400,53
41574963452582,11:32:54.963,23.1400,200
41574963452582,11:32:54.963,23.1400,100
41574965887745,11:32:54.965,23.1500,100
41575979923872,11:32:55.979,23.1300,100
41761316105668,11:36:01.316,23.1100,1
41788007734388,11:36:28.007,23.1000,44
41863531249258,11:37:43.531,23.0900,5
41863531345984,11:37:43.531,23.0900,95
41873631377312,11:37:53.631,23.1100,100
41889959339347,11:38:09.959,23.1100,100
41889959339347,11:38:09.959,23.1100,43
41947683131219,11:39:07.683,23.1000,100
41947734071039,11:39:07.734,23.1000,100
41990766022373,11:39:50.766,23.0900,100
42001018253012,11:40:01.018,23.1000,100
42016612101291,11:40:16.612,23.1100,8
42062296670033,11:41:02.296,23.1000,100
42139745155754,11:42:19.745,23.1200,21
42225894281099,11:43:45.894,23.1300,100
42301220435878,11:45:01.220,23.1400,100
42321219006874,11:45:21.219,23.1350,100
42357313173619,11:45:57.313,23.1300,47
42357617940713,11:45:57.617,23.1300,1
42417611729640,11:46:57.611,23.1400,100
42532149188591,11:48:52.149,23.1400,34
42548510000870,11:49:08.510,23.1400,12
42548510057863,11:49:08.510,23.1400,100
42548510113823,11:49:08.510,23.1400,100
42548510118617,11:49:08.510,23.1400,54
42548524966896,11:49:08.524,23.1400,46
42548524966896,11:49:08.524,23.1400,54
42548526520270,11:49:08.526,23.1400,100
42638379569198,11:50:38.379,23.1300,47
42638379569198,11:50:38.379,23.1300,100
42649040640414,11:50:49.040,23.1200,100
42649040732901,11:50:49.040,23.1200,100
42716534403838,11:51:56.534,23.1100,100
42748744299246,11:52:28.744,23.1000,100
42748744299246,11:52:28.744,23.1000,200
42748744451741,11:52:28.744,23.1000,200
42748744451741,11:52:28.744,23.1000,100
42822276006811,11:53:42.276,23.1400,100
42884148220483,11:54:44.148,23.1300,100
42884148220483,11:54:44.148,23.1300,47
43107714893483,11:58:27.714,23.1100,100
43199947466615,11:59:59.947,23.1200,200
43206232912368,12:00:06.232,23.1200,100
43248918492333,12:00:48.918,23.1200,100
43388262338477,12:03:08.262,23.1300,100
43388262338477,12:03:08.262,23.1300,100
43390379861614,12:03:10.379,23.1300,100
43476775834804,12:04:36.775,23.1200,50
43753557367912,12:09:13.557,23.1200,99
43753557897848,12:09:13.557,23.1200,1
43753559299193,12:09:13.559,23.1200,1
43753580046108,12:09:13.580,23.1200,99
43753580046108,12:09:13.580,23.1200,1
43755450011754,12:09:15.450,23.1250,100
43960358060705,12:12:40.358,23.1200,100
43960358590060,12:12:40.358,23.1150,100
43988147214446,12:13:08.147,23.1300,100
44055630563088,12:14:15.630,23.1300,28
44055630597263,12:14:15.630,23.1300,24
44060963486591,12:14:20.963,23.1100,100
44064084946317,12:14:24.084,23.1100,100
44108667448385,12:15:08.667,23.1100,1
44280588069032,12:18:00.588,23.1200,100
44485162318686,12:21:25.162,23.1100,100
44880637760555,12:28:00.637,23.0900,100
44887272070244,12:28:07.272,23.1000,100
44992541440945,12:29:52.541,23.0700,100
45008721175261,12:30:08.721,23.0800,1
45123066776469,12:32:03.066,23.0700,100
45187932413471,12:33:07.932,23.0700,89
45318155489135,12:35:18.155,23.0800,100
45349891538873,12:35:49.891,23.0700,45
45349891538873,12:35:49.891,23.0700,68
45349891602816,12:35:49.891,23.0700,32
45556861904822,12:39:16.861,23.0800,100
45631696303674,12:40:31.696,23.0900,50
45741007752878,12:42:21.007,23.0800,100
45893326575474,12:44:53.326,23.0900,100
45952573284964,12:45:52.573,23.1000,51
46211122877035,12:50:11.122,23.1100,100
46211122877035,12:50:11.122,23.1100,100
46564466999402,12:56:04.466,23.1100,100
46692879616887,12:58:12.879,23.1100,100
46692879616887,12:58:12.879,23.1100,38
46796943592136,12:59:56.943,23.1200,1
46796945271526,12:59:56.945,23.1200,1
46805314554429,13:00:05.314,23.1200,100
46805314554429,13:00:05.314,23.1200,47
46813453278000,13:00:13.453,23.1100,100
46895826671640,13:01:35.826,23.1000,100
46901626865275,13:01:41.626,23.0900,100
47021547513154,13:03:41.547,23.0800,100
47096369999439,13:04:56.369,23.0800,100
47096369999439,13:04:56.369,23.0800,53
47197031722110,13:06:37.031,23.0700,5
47269894388468,13:07:49.894,23.0700,95
47514055770914,13:11:54.055,23.0800,100
47543041341758,13:12:23.041,23.0900,100
47631332630776,13:13:51.332,23.0800,51
47631332630776,13:13:51.332,23.0800,49
47631332631595,13:13:51.332,23.0800,17
47663659304667,13:14:23.659,23.0800,100
47735905535210,13:15:35.905,23.0700,100
47808520075929,13:16:48.520,23.0800,100
48028090943031,13:20:28.090,23.0700,100
48145972300159,13:22:25.972,23.0600,60
48150932256221,13:22:30.932,23.0600,100
48170328263361,13:22:50.328,23.0600,100
48188085722445,13:23:08.085,23.0700,100
48195643330444,13:23:15.643,23.0700,100
48243237508196,13:24:03.237,23.0700,100
48324546413877,13:25:24.546,23.0600,60
48391800802250,13:26:31.800,23.0600,100
48391800802250,13:26:31.800,23.0600,100
48391801302918,13:26:31.801,23.0600,200
48391801302918,13:26:31.801,23.0600,100
48418504208890,13:26:58.504,23.0600,61
48469853874296,13:27:49.853,23.0500,300
48469854018274,13:27:49.854,23.0500,200
48469854018274,13:27:49.854,23.0500,70
48571647127164,13:29:31.647,23.0400,65
48595020849144,13:29:55.020,23.0300,100
48793105357800,13:33:13.105,23.0400,100
48793105357800,13:33:13.105,23.0400,100
48793119345615,13:33:13.119,23.0500,85
48793124552014,13:33:13.124,23.0500,100
48858323762242,13:34:18.323,23.0300,100
48902730141146,13:35:02.730,23.0200,100
48902732691203,13:35:02.732,23.0300,95
48947967797831,13:35:47.967,23.0200,100
49007426879020,13:36:47.426,23.0200,100
49007427346856,13:36:47.427,23.0200,60
49048952925146,13:37:28.952,23.0100,100
49061970030605,13:37:41.970,23.0000,100
49061970498579,13:37:41.970,23.0000,91
49076815593259,13:37:56.815,23.0000,100
49076815677079,13:37:56.815,23.0000,11
49076815760508,13:37:56.815,23.0000,98
49088839872681,13:38:08.839,22.9900,100
49088839872681,13:38:08.839,22.9950,200
49158566200422,13:39:18.566,22.9900,100
49170669902612,13:39:30.669,23.0000,100
49170669902612,13:39:30.669,23.0000,100
49170669902612,13:39:30.669,23.0000,1000
49170669902612,13:39:30.669,23.0000,100
49170671758785,13:39:30.671,23.0000,100
49170671758785,13:39:30.671,23.0000,100
49189733016627,13:39:49.733,23.0100,100
49335728090245,13:42:15.728,23.0000,100
49441362063291,13:44:01.362,23.0050,9
49519947414844,13:45:19.947,23.0000,54
49519960338239,13:45:19.960,23.0000,100
49519960338239,13:45:19.960,23.0000,100
49519960338239,13:45:19.960,23.0000,100
49519960338239,13:45:19.960,23.0000,27
49573322916602,13:46:13.322,23.0100,98
49573322946685,13:46:13.322,23.0100,2
49573322946685,13:46:13.322,23.0100,100
49573323092904,13:46:13.323,23.0100,5
49573324754667,13:46:13.324,23.0200,100
49573324754667,13:46:13.324,23.0200,100
49700425744897,13:48:20.425,23.0300,35
49719377835499,13:48:39.377,23.0300,100
49728952469865,13:48:48.952,23.0300,100
49790790295801,13:49:50.790,23.0300,100
49790790295801,13:49:50.790,23.0300,100
49790790295801,13:49:50.790,23.0300,100
49790790295801,13:49:50.790,23.0400,100
49790790295801,13:49:50.790,23.0400,100
49790790295801,13:49:50.790,23.0400,100
49790790295801,13:49:50.790,23.0400,100
49790790295801,13:49:50.790,23.0400,100
49790790295801,13:49:50.790,23.0400,100
49790790295801,13:49:50.790,23.0500,100
49790790295801,13:49:50.790,23.0500,100
49790790295801,13:49:50.790,23.0500,100
49790790295801,13:49:50.790,23.0500,100
49790790295801,13:49:50.790,23.0500,100
49795401028600,13:49:55.401,23.0550,100
49795431971047,13:49:55.431,23.0600,100
49809837581717,13:50:09.837,23.0500,100
49811952191004,13:50:11.952,23.0500,12
49862957249345,13:51:02.957,23.0500,100
49867602758338,13:51:07.602,23.0500,100
49867602758338,13:51:07.602,23.0500,100
49868396100985,13:51:08.396,23.0600,100
49869059919853,13:51:09.059,23.0600,100
49873745762992,13:51:13.745,23.0700,100
49875371759014,13:51:15.371,23.0700,100
49875371759014,13:51:15.371,23.0700,100
49875701706642,13:51:15.701,23.0800,100
49892003278459,13:51:32.003,23.0700,100
49892003278459,13:51:32.003,23.0700,68
49892003278459,13:51:32.003,23.0700,100
49892003278459,13:51:32.003,23.0700,100
49892003446011,13:51:32.003,23.0700,100
49892382805302,13:51:32.382,23.0600,100
49892382805302,13:51:32.382,23.0600,100
49892382805302,13:51:32.382,23.0600,100
49892382805302,13:51:32.382,23.0600,46
50149831511797,13:55:49.831,23.0450,100
50220746163256,13:57:00.746,23.0500,100
50220746163256,13:57:00.746,23.0500,45
50220746530168,13:57:00.746,23.0500,55
50355463225330,13:59:15.463,23.0500,10
50364996552649,13:59:24.996,23.0400,43
50364996556544,13:59:24.996,23.0400,57
50364996556544,13:59:24.996,23.0400,100
50374669737783,13:59:34.669,23.0300,100
50402744330318,14:00:02.744,23.0300,12
50402814947352,14:00:02.814,23.0300,85
50402815839758,14:00:02.815,23.0300,3
50403199260312,14:00:03.199,23.0300,63
50403199260768,14:00:03.199,23.0300,37
50412116643359,14:00:12.116,23.0500,3
50442131529862,14:00:42.131,23.0600,100
50471956063040,14:01:11.956,23.0600,100
50471956063040,14:01:11.956,23.0600,100
50654905724544,14:04:14.905,23.0600,5
50654917533042,14:04:14.917,23.0700,100
50654917533042,14:04:14.917,23.0700,112
50654917533042,14:04:14.917,23.0700,129
50709758394092,14:05:09.758,23.0800,100
50800273074068,14:06:40.273,23.0900,91
50800273100175,14:06:40.273,23.0900,9
50839690911738,14:07:19.690,23.1100,30
50854976638090,14:07:34.976,23.1100,100
50854976638090,14:07:34.976,23.1100,100
50941499856050,14:09:01.499,23.1200,217
50941499856050,14:09:01.499,23.1300,100
50941499856050,14:09:01.499,23.1300,217
50941499856050,14:09:01.499,23.1300,200
50945736790553,14:09:05.736,23.1400,19
50945737191494,14:09:05.737,23.1400,81
50945739170919,14:09:05.739,23.1400,100
50945740258471,14:09:05.740,23.1300,200
50954741342017,14:09:14.741,23.1300,10
50959869797887,14:09:19.869,23.1300,100
50972710219467,14:09:32.710,23.1500,100
50972710219467,14:09:32.710,23.1500,300
50972710219467,14:09:32.710,23.1500,700
50972712043907,14:09:32.712,23.1500,10
50972721213337,14:09:32.721,23.1600,100
50972724022492,14:09:32.724,23.1600,100
50999707848259,14:09:59.707,23.1400,48
50999707848259,14:09:59.707,23.1400,70
51001707561470,14:10:01.707,23.1400,100
51018092041068,14:10:18.092,23.1400,100
51018092041068,14:10:18.092,23.1500,200
51018092041068,14:10:18.092,23.1500,100
51018092041068,14:10:18.092,23.1500,100
51018099083486,14:10:18.099,23.1600,100
51018099083486,14:10:18.099,23.1600,100
51044460018070,14:10:44.460,23.1800,100
51070611887020,14:11:10.611,23.2000,100
51070611971253,14:11:10.611,23.2000,70
51070611997504,14:11:10.611,23.2000,100
51070612143968,14:11:10.612,23.2000,100
51085875603317,14:11:25.875,23.1900,100
51085875603317,14:11:25.875,23.1900,100
51085875603317,14:11:25.875,23.1900,46
51153419603225,14:12:33.419,23.2200,100
51153419608281,14:12:33.419,23.2200,100
51153419608281,14:12:33.419,23.2200,78
51153735375319,14:12:33.735,23.2100,100
51153735375319,14:12:33.735,23.2100,17
51155287652400,14:12:35.287,23.2200,100
51155287652400,14:12:35.287,23.2200,100
51161895039712,14:12:41.895,23.2200,36
51162992195552,14:12:42.992,23.2100,100
51163326747529,14:12:43.326,23.2000,100
51212709879568,14:13:32.709,23.1900,100
51212710052988,14:13:32.710,23.1900,69
51253791908021,14:14:13.791,23.1900,38
51256499142433,14:14:16.499,23.1900,100
51300180688562,14:15:00.180,23.1800,100
51300191425078,14:15:00.191,23.1800,100
51300214967761,14:15:00.214,23.1800,200
51300214967761,14:15:00.214,23.1800,100
51302966854520,14:15:02.966,23.1750,100
51305110636785,14:15:05.110,23.1800,100
51310102283889,14:15:10.102,23.1800,100
51310102283889,14:15:10.102,23.1800,100
51330175053055,14:15:30.175,23.1700,100
51330175053055,14:15:30.175,23.1700,100
51330175053055,14:15:30.175,23.1700,200
51365930790492,14:16:05.930,23.1800,100
51365930892640,14:16:05.930,23.1800,100
51372017452786,14:16:12.017,23.1800,200
51377579486590,14:16:17.579,23.1800,100
51377579486590,14:16:17.579,23.1800,100
51400254951468,14:16:40.254,23.1900,147
51400255031903,14:16:40.255,23.1900,53
51400520676534,14:16:40.520,23.1900,100
51400520676534,14:16:40.520,23.1900,100
51406885604438,14:16:46.885,23.1800,100
51406919672842,14:16:46.919,23.1900,100
51406919672842,14:16:46.919,23.1900,100
51406919672842,14:16:46.919,23.1900,100
51408408741833,14:16:48.408,23.2000,100
51408413198256,14:16:48.413,23.2000,4
51408413198256,14:16:48.413,23.2000,100
51409121479838,14:16:49.121,23.2200,100
51427675876624,14:17:07.675,23.2100,100
51452888391668,14:17:32.888,23.2250,100
51463421908859,14:17:43.421,23.2250,100
51495738636646,14:18:15.738,23.2400,100
51495738636646,14:18:15.738,23.2500,100
51495738636646,14:18:15.738,23.2500,100
51495738636646,14:18:15.738,23.2500,100
51495738636646,14:18:15.738,23.2600,100
51495738636646,14:18:15.738,23.2600,100
51495738636646,14:18:15.738,23.2600,100
51495738636646,14:18:15.738,23.2700,100
51495738636646,14:18:15.738,23.2700,100
51495738636646,14:18:15.738,23.2700,100
51495739175918,14:18:15.739,23.2500,100
51495739242535,14:18:15.739,23.2500,100
51495740752031,14:18:15.740,23.2500,100
51495740752031,14:18:15.740,23.2500,100
51495740752031,14:18:15.740,23.2500,100
51495740752031,14:18:15.740,23.2600,100
51495740752031,14:18:15.740,23.2600,100
51495741260263,14:18:15.741,23.2600,91
51495741270942,14:18:15.741,23.2600,9
51495742556052,14:18:15.742,23.2700,100
51495742556052,14:18:15.742,23.2700,100
51495742556052,14:18:15.742,23.2700,100
51495742556052,14:18:15.742,23.2700,100
51495744652831,14:18:15.744,23.2700,100
51495744652831,14:18:15.744,23.2700,100
51495744652831,14:18:15.744,23.2700,100
51495744652831,14:18:15.744,23.2700,190
51495744652831,14:18:15.744,23.2700,100
51496772989693,14:18:16.772,23.2700,100
51497456760093,14:18:17.456,23.2600,100
51497457229816,14:18:17.457,23.2600,23
51497457229816,14:18:17.457,23.2600,100
51497462484472,14:18:17.462,23.2600,100
51497478923141,14:18:17.478,23.2700,100
51497482280310,14:18:17.482,23.2700,100
51498469455303,14:18:18.469,23.2600,100
51498469455303,14:18:18.469,23.2600,100
51498469455303,14:18:18.469,23.2600,30
51498470775869,14:18:18.470,23.2500,100
51498470775869,14:18:18.470,23.2500,100
51498470775869,14:18:18.470,23.2500,100
51498470775869,14:18:18.470,23.2500,100
51498470775869,14:18:18.470,23.2500,100
51500278391961,14:18:20.278,23.2400,100
51500280335453,14:18:20.280,23.2400,100
51500313461329,14:18:20.313,23.2500,100
51501490363992,14:18:21.490,23.2500,100
51501490363992,14:18:21.490,23.2500,67
51501490363992,14:18:21.490,23.2500,33
51504506465254,14:18:24.506,23.2500,100
51504684148429,14:18:24.684,23.2500,100
51505464415190,14:18:25.464,23.2500,100
51505464415190,14:18:25.464,23.2500,100
51564727615854,14:19:24.727,23.2500,31
51564727656098,14:19:24.727,23.2500,69
51564727656098,14:19:24.727,23.2500,264
51565489107029,14:19:25.489,23.2700,100
51565489107029,14:19:25.489,23.2600,200
51565489145496,14:19:25.489,23.2600,100
51565489145496,14:19:25.489,23.2600,100
51565489145496,14:19:25.489,23.2600,100
51591410721913,14:19:51.410,23.2450,100
51624428636205,14:20:24.428,23.2400,50
51624428930690,14:20:24.428,23.2400,24
51624428930690,14:20:24.428,23.2400,32
51624428930690,14:20:24.428,23.2400,100
51630070172872,14:20:30.070,23.2400,200
51635667459838,14:20:35.667,23.2400,169
51635667493699,14:20:35.667,23.2400,131
51635667493699,14:20:35.667,23.2400,87
51635667829439,14:20:35.667,23.2400,131
51635669923692,14:20:35.669,23.2400,82
51638017951446,14:20:38.017,23.2400,100
51638324524506,14:20:38.324,23.2400,100
51650115598362,14:20:50.115,23.2400,100
51654546793262,14:20:54.546,23.2500,100
51654546793262,14:20:54.546,23.2500,100
51654546793262,14:20:54.546,23.2500,22
51676453176298,14:21:16.453,23.2800,100
51676791242488,14:21:16.791,23.2750,100
51680210593439,14:21:20.210,23.2700,100
51740490481284,14:22:20.490,23.2800,100
51755457876259,14:22:35.457,23.2800,50
51757601982477,14:22:37.601,23.2800,100
51758967464724,14:22:38.967,23.2800,100
51758968064527,14:22:38.968,23.2800,13
51758994709822,14:22:38.994,23.2800,100
51758999897887,14:22:38.999,23.2800,75
51759086839502,14:22:39.086,23.2800,25
51759086839502,14:22:39.086,23.2800,100
51772823679870,14:22:52.823,23.2800,100
51840108556586,14:24:00.108,23.2800,22
51870503743595,14:24:30.503,23.2800,100
51929069652579,14:25:29.069,23.2900,100
51929209482690,14:25:29.209,23.3000,100
51943233485197,14:25:43.233,23.3000,37
51949179293637,14:25:49.179,23.2950,100
52009087416113,14:26:49.087,23.2800,30
52009087416113,14:26:49.087,23.2800,23
52009087440315,14:26:49.087,23.2800,85
52009087441222,14:26:49.087,23.2800,84
52009087449086,14:26:49.087,23.2800,8
52011181486009,14:26:51.181,23.2800,96
52018460149137,14:26:58.460,23.2800,100
52066798721259,14:27:46.798,23.2850,100
52078443776361,14:27:58.443,23.2850,100
52093443960758,14:28:13.443,23.2850,100
52095327561432,14:28:15.327,23.2800,100
52096550704280,14:28:16.550,23.2700,100
52112672528059,14:28:32.672,23.2700,100
52124474013616,14:28:44.474,23.2600,67
52124474040397,14:28:44.474,23.2600,2
52124474040397,14:28:44.474,23.2600,100
52143881934726,14:29:03.881,23.2600,25
52143881934726,14:29:03.881,23.2600,9
52156822414198,14:29:16.822,23.2600,100
52168450400071,14:29:28.450,23.2600,100
52196740691292,14:29:56.740,23.2700,100
52196740691292,14:29:56.740,23.2700,30
52196740863961,14:29:56.740,23.2700,100
52196741531545,14:29:56.741,23.2700,70
52261740826576,14:31:01.740,23.2800,300
52261740826576,14:31:01.740,23.2800,100
52286116527125,14:31:26.116,23.3000,100
52286117098227,14:31:26.117,23.3000,300
52286117327098,14:31:26.117,23.3000,35
52294757026515,14:31:34.757,23.3000,22
52294757026515,14:31:34.757,23.3000,100
52300096087247,14:31:40.096,23.2950,300
52311532185743,14:31:51.532,23.2950,300
52312857204400,14:31:52.857,23.2950,100
52382737532485,14:33:02.737,23.3000,85
52393748435007,14:33:13.748,23.3100,100
52435902163403,14:33:55.902,23.3200,100
52481839336712,14:34:41.839,23.3200,2
52564417300843,14:36:04.417,23.3100,12
52564417890554,14:36:04.417,23.3100,100
52564952647766,14:36:04.952,23.3000,100
52564952647766,14:36:04.952,23.3000,100
52564952647766,14:36:04.952,23.3000,100
52564952736323,14:36:04.952,23.3000,200
52564955570559,14:36:04.955,23.3000,100
52564955570559,14:36:04.955,23.3000,100
52568596535652,14:36:08.596,23.2900,100
52578337310609,14:36:18.337,23.2900,34
52579121369335,14:36:19.121,23.2900,66
52579121369335,14:36:19.121,23.2900,65
52579121379060,14:36:19.121,23.2900,35
52579121379060,14:36:19.121,23.2900,115
52579121440627,14:36:19.121,23.2900,100
52579121451344,14:36:19.121,23.2900,85
52628235975489,14:37:08.235,23.2900,100
52690282784731,14:38:10.282,23.3000,100
52690282784731,14:38:10.282,23.3000,100
52691315696487,14:38:11.315,23.3100,100
52695709957216,14:38:15.709,23.3100,100
52721900137529,14:38:41.900,23.3100,200
52721900317019,14:38:41.900,23.3100,100
52721900969364,14:38:41.900,23.3100,49
52721900969364,14:38:41.900,23.3100,100
52721900969364,14:38:41.900,23.3100,100
52729336274357,14:38:49.336,23.3100,100
52755508972710,14:39:15.508,23.3100,74
52762369720348,14:39:22.369,23.3100,5
52763326451103,14:39:23.326,23.3000,1
52792333388253,14:39:52.333,23.3100,34
52792333457025,14:39:52.333,23.3100,1
52832017550048,14:40:32.017,23.3000,12
52832017560147,14:40:32.017,23.3000,78
52832017568506,14:40:32.017,23.3000,10
52832017568506,14:40:32.017,23.3000,35
52832017568506,14:40:32.017,23.3000,7
52832017568506,14:40:32.017,23.3000,100
52832017568506,14:40:32.017,23.3000,3
52856968046431,14:40:56.968,23.3100,100
52856968046431,14:40:56.968,23.3100,9
52856970494929,14:40:56.970,23.3100,91
52871885556276,14:41:11.885,23.3100,9
52871885556276,14:41:11.885,23.3100,91
52871885616950,14:41:11.885,23.3100,9
52876615538915,14:41:16.615,23.3100,7
52892245716044,14:41:32.245,23.3000,1
52892245716044,14:41:32.245,23.3000,1
52958442231065,14:42:38.442,23.3100,200
52962537588385,14:42:42.537,23.3000,25
53000034795006,14:43:20.034,23.2900,100
53007919918265,14:43:27.919,23.2900,100
53025968799182,14:43:45.968,23.2900,100
53034239514538,14:43:54.239,23.3000,57
53112213661533,14:45:12.213,23.3000,37
53116938524221,14:45:16.938,23.3000,100
53116938524221,14:45:16.938,23.3000,100
53116938524221,14:45:16.938,23.3000,100
53133271781465,14:45:33.271,23.3000,100
53161606697554,14:46:01.606,23.3100,100
53191264364617,14:46:31.264,23.3300,100
53268071573887,14:47:48.071,23.3300,100
53268071573887,14:47:48.071,23.3300,200
53268071573887,14:47:48.071,23.3300,300
53268072110783,14:47:48.072,23.3300,100
53270368057399,14:47:50.368,23.3400,100
53285817358630,14:48:05.817,23.3400,100
53301274950559,14:48:21.274,23.3300,300
53301274950559,14:48:21.274,23.3300,100
53301274950559,14:48:21.274,23.3300,22
53312578925289,14:48:32.578,23.3300,100
53312579047026,14:48:32.579,23.3300,100
53312579069064,14:48:32.579,23.3300,100
53318806997591,14:48:38.806,23.3400,100
53318807150440,14:48:38.807,23.3400,100
53322965575906,14:48:42.965,23.3300,200
53322965575906,14:48:42.965,23.3300,100
53323474106177,14:48:43.474,23.3300,500
53338502574156,14:48:58.502,23.3400,100
53338502722885,14:48:58.502,23.3400,100
53338502800212,14:48:58.502,23.3400,71
53338520312926,14:48:58.520,23.3400,100
53356510616609,14:49:16.510,23.3300,100
53356510616609,14:49:16.510,23.3300,100
53356511062499,14:49:16.511,23.3300,100
53356511062499,14:49:16.511,23.3300,100
53361952507229,14:49:21.952,23.3300,100
53361952507229,14:49:21.952,23.3300,200
53368080098838,14:49:28.080,23.3400,100
53368080098838,14:49:28.080,23.3400,100
53368080098838,14:49:28.080,23.3400,2
53368080220938,14:49:28.080,23.3400,98
53368080220938,14:49:28.080,23.3400,2
53368080486981,14:49:28.080,23.3400,98
53385236087699,14:49:45.236,23.3400,100
53388793292355,14:49:48.793,23.3500,29
53390983753079,14:49:50.983,23.3500,100
53390983878170,14:49:50.983,23.3500,100
53392460941106,14:49:52.460,23.3500,100
53392460941106,14:49:52.460,23.3500,100
53392461878587,14:49:52.461,23.3500,50
53392647749493,14:49:52.647,23.3500,100
53392962897869,14:49:52.962,23.3600,100
53392962897869,14:49:52.962,23.3600,50
53393461759253,14:49:53.461,23.3500,200
53393461759253,14:49:53.461,23.3500,900
53393461759253,14:49:53.461,23.3500,100
53393461759253,14:49:53.461,23.3500,100
53393461759253,14:49:53.461,23.3500,100
53393461759253,14:49:53.461,23.3500,100
53393461759253,14:49:53.461,23.3500,200
53393462358216,14:49:53.462,23.3500,100
53393462493739,14:49:53.462,23.3500,125
53393760294192,14:49:53.760,23.3500,100
53399559888333,14:49:59.559,23.3500,100
53399559888333,14:49:59.559,23.3500,100
53405465696039,14:50:05.465,23.3500,100
53405465696039,14:50:05.465,23.3500,400
53419826308096,14:50:19.826,23.3500,300
53419826308096,14:50:19.826,23.3500,100
53423131054550,14:50:23.131,23.3500,100
53423131054550,14:50:23.131,23.3500,100
53462322634314,14:51:02.322,23.3400,44
53462322634314,14:51:02.322,23.3400,18
53462322634314,14:51:02.322,23.3400,56
53467589522678,14:51:07.589,23.3300,100
53467589522678,14:51:07.589,23.3300,100
53467589522678,14:51:07.589,23.3300,100
53467589522678,14:51:07.589,23.3300,75
53483258423203,14:51:23.258,23.3300,100
53512168560869,14:51:52.168,23.3300,100
53512168560869,14:51:52.168,23.3300,200
53512168560869,14:51:52.168,23.3300,100
53514840018235,14:51:54.840,23.3200,100
53514840018235,14:51:54.840,23.3200,100
53514840018235,14:51:54.840,23.3200,100
53518601472713,14:51:58.601,23.3200,100
53518601472713,14:51:58.601,23.3200,100
53526587600472,14:52:06.587,23.3300,100
53526587600472,14:52:06.587,23.3300,100
53560794852362,14:52:40.794,23.3600,50
53570817303613,14:52:50.817,23.3700,50
53570817303613,14:52:50.817,23.3700,100
53734745266321,14:55:34.745,23.3700,90
53734745271989,14:55:34.745,23.3700,10
53734745271989,14:55:34.745,23.3700,13
53752841340304,14:55:52.841,23.3600,200
53755997546738,14:55:55.997,23.3500,7
53755997581775,14:55:55.997,23.3500,93
53755997581775,14:55:55.997,23.3500,100
53756032975596,14:55:56.032,23.3400,100
53756322496539,14:55:56.322,23.3400,100
53756323341528,14:55:56.323,23.3400,100
53756323341528,14:55:56.323,23.3400,9
53756323412640,14:55:56.323,23.3400,91
53766519963480,14:56:06.519,23.3400,12
53799732283068,14:56:39.732,23.3350,100
53804628413912,14:56:44.628,23.3300,100
53807471089800,14:56:47.471,23.3300,53
53807471153361,14:56:47.471,23.3300,47
53822071305702,14:57:02.071,23.3200,100
53822072282997,14:57:02.072,23.3100,100
53822118715316,14:57:02.118,23.3100,100
53827539511929,14:57:07.539,23.3000,100
53827539511929,14:57:07.539,23.3000,100
53853025795268,14:57:33.025,23.2900,100
53870378849727,14:57:50.378,23.2900,100
53870378849727,14:57:50.378,23.2900,100
53883145963178,14:58:03.145,23.2800,100
53883145963178,14:58:03.145,23.2800,100
53883145977285,14:58:03.145,23.2800,200
53915248875933,14:58:35.248,23.2750,100
54004330158645,15:00:04.330,23.2700,100
54004330188840,15:00:04.330,23.2700,20
54004330188840,15:00:04.330,23.2700,48
54004330188840,15:00:04.330,23.2700,42
54030014904778,15:00:30.014,23.2700,100
54030014904778,15:00:30.014,23.2700,300
54030014904778,15:00:30.014,23.2700,100
54066944185728,15:01:06.944,23.2700,100
54066944661218,15:01:06.944,23.2700,52
54083652200476,15:01:23.652,23.2600,100
54083652361442,15:01:23.652,23.2600,100
54099529809572,15:01:39.529,23.2600,300
54099530662681,15:01:39.530,23.2700,100
54099530662681,15:01:39.530,23.2700,34
54110747797964,15:01:50.747,23.2700,100
54110747797964,15:01:50.747,23.2700,44
54121574850643,15:02:01.574,23.2600,67
54123280376615,15:02:03.280,23.2600,100
54123280376615,15:02:03.280,23.2600,25
54123280963248,15:02:03.280,23.2600,13
54168072412874,15:02:48.072,23.2500,13
54168089347682,15:02:48.089,23.2400,77
54200803900004,15:03:20.803,23.2400,200
54200805184143,15:03:20.805,23.2400,91
54200805184143,15:03:20.805,23.2400,97
54200805316103,15:03:20.805,23.2400,100
54201274386387,15:03:21.274,23.2300,100
54221224469351,15:03:41.224,23.2400,100
54232160087331,15:03:52.160,23.2300,100
54264039292492,15:04:24.039,23.2200,50
54308697334684,15:05:08.697,23.2000,100
54308697334684,15:05:08.697,23.2000,100
54308697334684,15:05:08.697,23.2000,100
54309452411613,15:05:09.452,23.1900,100
54341411531337,15:05:41.411,23.1900,33
54341411531337,15:05:41.411,23.1900,79
54341411544358,15:05:41.411,23.1900,21
54342612745960,15:05:42.612,23.1900,21
54342612745960,15:05:42.612,23.1900,100
54351866732518,15:05:51.866,23.1900,5
54351866776000,15:05:51.866,23.1900,11
54366216943233,15:06:06.216,23.1800,82
54402206999420,15:06:42.206,23.1700,212
54422429575853,15:07:02.429,23.1700,100
54422429675828,15:07:02.429,23.1700,16
54422429747528,15:07:02.429,23.1700,45
54426764270790,15:07:06.764,23.1700,100
54480337258386,15:08:00.337,23.1700,100
54486494051188,15:08:06.494,23.1700,36
54512406643241,15:08:32.406,23.1800,100
54512406643241,15:08:32.406,23.1800,100
54512406643241,15:08:32.406,23.1800,100
54512407211508,15:08:32.407,23.1800,26
54542714026733,15:09:02.714,23.1700,67
54548307954993,15:09:08.307,23.1700,80
54554283503862,15:09:14.283,23.1700,43
54606461769089,15:10:06.461,23.1700,44
54606461769089,15:10:06.461,23.1700,56
54635858950339,15:10:35.858,23.1700,45
54649109842051,15:10:49.109,23.1600,100
54649109843385,15:10:49.109,23.1600,100
54666026279396,15:11:06.026,23.1500,100
54666026279396,15:11:06.026,23.1500,49
54666026298636,15:11:06.026,23.1500,51
54666026306271,15:11:06.026,23.1500,51
54692383189119,15:11:32.383,23.1500,79
54700509092964,15:11:40.509,23.1500,100
54700509092964,15:11:40.509,23.1500,100
54700509092964,15:11:40.509,23.1500,100
54700509559308,15:11:40.509,23.1500,50
54700510263006,15:11:40.510,23.1500,50
54703070743545,15:11:43.070,23.1500,100
54703070743545,15:11:43.070,23.1500,100
54708682009541,15:11:48.682,23.1600,100
54744240284380,15:12:24.240,23.1600,100
54744240409879,15:12:24.240,23.1600,100
54744240721910,15:12:24.240,23.1600,100
54744241302831,15:12:24.241,23.1600,100
54746278613269,15:12:26.278,23.1600,100
54746278613269,15:12:26.278,23.1600,100
54811692418082,15:13:31.692,23.1700,25
54818814631167,15:13:38.814,23.1700,175
54818814631167,15:13:38.814,23.1700,100
54818814631167,15:13:38.814,23.1700,100
54876937629463,15:14:36.937,23.1800,100
54876937629463,15:14:36.937,23.1800,100
54879615084893,15:14:39.615,23.1800,87
54910861043021,15:15:10.861,23.1600,100
54910861043021,15:15:10.861,23.1600,100
54911086794785,15:15:11.086,23.1500,100
54911086794785,15:15:11.086,23.1500,100
54911086794785,15:15:11.086,23.1500,100
54911086794785,15:15:11.086,23.1500,100
54911086794785,15:15:11.086,23.1500,100
54911656583998,15:15:11.656,23.1500,100
54911657244950,15:15:11.657,23.1500,100
54911657270180,15:15:11.657,23.1500,100
54911659417101,15:15:11.659,23.1600,12
54911659489888,15:15:11.659,23.1600,6
54911659573466,15:15:11.659,23.1600,3
54911659636930,15:15:11.659,23.1600,2
54921893614965,15:15:21.893,23.1600,1
54945259406041,15:15:45.259,23.1600,99
54947269889805,15:15:47.269,23.1700,100
54947305699646,15:15:47.305,23.1800,100
54947323499147,15:15:47.323,23.1700,100
54947375354997,15:15:47.375,23.1700,100
54947375354997,15:15:47.375,23.1700,100
54948266494320,15:15:48.266,23.1700,100
54948266494320,15:15:48.266,23.1700,100
54959175573989,15:15:59.175,23.1900,100
54959175573989,15:15:59.175,23.1900,11
54995473406153,15:16:35.473,23.1800,100
54995473406153,15:16:35.473,23.1800,32
54995473601579,15:16:35.473,23.1800,100
54995473601579,15:16:35.473,23.1800,100
54998445719011,15:16:38.445,23.1700,100
54998446196108,15:16:38.446,23.1700,100
55006716422641,15:16:46.716,23.1600,100
55007925567048,15:16:47.925,23.1600,100
55081855285915,15:18:01.855,23.1600,100
55107281245060,15:18:27.281,23.1600,100
55107281271380,15:18:27.281,23.1600,100
55107281271380,15:18:27.281,23.1600,100
55107281271380,15:18:27.281,23.1600,100
55175541691658,15:19:35.541,23.1600,100
55208046847795,15:20:08.046,23.1800,100
55294755513794,15:21:34.755,23.1800,12
55294755515718,15:21:34.755,23.1800,88
55294755515718,15:21:34.755,23.1800,100
55294755515718,15:21:34.755,23.1800,60
55308087041240,15:21:48.087,23.1700,30
55308092044040,15:21:48.092,23.1700,54
55383095733115,15:23:03.095,23.1600,100
55383095793732,15:23:03.095,23.1600,100
55383095853872,15:23:03.095,23.1600,31
55383095853872,15:23:03.095,23.1600,69
55383095938677,15:23:03.095,23.1600,27
55391922978907,15:23:11.922,23.1500,90
55391923035626,15:23:11.923,23.1500,10
55391923035626,15:23:11.923,23.1500,4
55391923035626,15:23:11.923,23.1500,2
55391923035626,15:23:11.923,23.1500,3
55391923068508,15:23:11.923,23.1500,19
55391983513442,15:23:11.983,23.1500,67
55391984085229,15:23:11.984,23.1500,33
55391984085229,15:23:11.984,23.1500,34
55433233851227,15:23:53.233,23.1400,35
55482264508451,15:24:42.264,23.1300,55
55639323224356,15:27:19.323,23.1300,100
55642383498338,15:27:22.383,23.1300,100
55652910493522,15:27:32.910,23.1300,50
55673125491067,15:27:53.125,23.1300,48
55673125502327,15:27:53.125,23.1300,152
55673125502327,15:27:53.125,23.1300,69
55673193445227,15:27:53.193,23.1400,100
55757467232589,15:29:17.467,23.1400,175
55757467232589,15:29:17.467,23.1400,1
55757467233729,15:29:17.467,23.1400,99
55757476863802,15:29:17.476,23.1300,100
55757476863802,15:29:17.476,23.1300,100
55800686782211,15:30:00.686,23.1200,22
55804552214978,15:30:04.552,23.1200,78
55832827534789,15:30:32.827,23.1300,200
55848008055338,15:30:48.008,23.1300,5
55849627849031,15:30:49.627,23.1300,100
55872551620848,15:31:12.551,23.1300,100
55872551716606,15:31:12.551,23.1300,200
55917561888486,15:31:57.561,23.1500,100
55974925658048,15:32:54.925,23.1400,86
55974925702291,15:32:54.925,23.1400,114
55974931711401,15:32:54.931,23.1400,200
55979342799203,15:32:59.342,23.1300,100
55979343001491,15:32:59.343,23.1300,100
56024466836378,15:33:44.466,23.1300,100
56132468663614,15:35:32.468,23.1300,100
56132468663614,15:35:32.468,23.1300,100
56132468807529,15:35:32.468,23.1300,1
56132468807529,15:35:32.468,23.1300,100
56256671961932,15:37:36.671,23.1500,100
56256671961932,15:37:36.671,23.1500,90
56256672055951,15:37:36.672,23.1500,10
56256672055951,15:37:36.672,23.1500,100
56256672055951,15:37:36.672,23.1500,66
56257748179875,15:37:37.748,23.1600,100
56282009433954,15:38:02.009,23.1600,100
56323494416060,15:38:43.494,23.1600,100
56323494416060,15:38:43.494,23.1600,100
56324608195351,15:38:44.608,23.1700,100
56324882168466,15:38:44.882,23.1700,200
56324882168466,15:38:44.882,23.1700,100
56324882490259,15:38:44.882,23.1700,100
56403596187148,15:40:03.596,23.1700,100
56403596187148,15:40:03.596,23.1700,100
56403596187148,15:40:03.596,23.1700,100
56403596390816,15:40:03.596,23.1700,100
56403596511614,15:40:03.596,23.1700,35
56403996427733,15:40:03.996,23.1600,200
56403996427733,15:40:03.996,23.1600,100
56403996427733,15:40:03.996,23.1600,100
56403997078435,15:40:03.997,23.1550,100
56427338827018,15:40:27.338,23.1500,70
56427340408015,15:40:27.340,23.1500,20
56427353416114,15:40:27.353,23.1500,10
56474540796651,15:41:14.540,23.1400,100
56474540796651,15:41:14.540,23.1400,100
56561506814845,15:42:41.506,23.1400,100
56637555491433,15:43:57.555,23.1500,100
56637555491433,15:43:57.555,23.1500,100
56666991302508,15:44:26.991,23.1550,100
56700132405765,15:45:00.132,23.1550,400
56700132431844,15:45:00.132,23.1550,200
56700132431844,15:45:00.132,23.1600,100
56700132431844,15:45:00.132,23.1600,100
56700132431844,15:45:00.132,23.1600,100
56700132431844,15:45:00.132,23.1600,100
56700134105908,15:45:00.134,23.1700,100
56700134105908,15:45:00.134,23.1700,51
56700134115929,15:45:00.134,23.1700,49
56700249664654,15:45:00.249,23.1800,64
56700249736292,15:45:00.249,23.1800,100
56703997452277,15:45:03.997,23.1750,100
56745137167365,15:45:45.137,23.1700,100
56745137167365,15:45:45.137,23.1700,100
56745137167365,15:45:45.137,23.1700,4
56745137167365,15:45:45.137,23.1700,96
56755792636453,15:45:55.792,23.1700,11
56755792672648,15:45:55.792,23.1700,14
56759137742830,15:45:59.137,23.1600,100
56759137850504,15:45:59.137,23.1600,100
56760764780003,15:46:00.764,23.1600,100
56760765082158,15:46:00.765,23.1600,100
56760765082158,15:46:00.765,23.1600,100
56760765282917,15:46:00.765,23.1600,100
56760765911860,15:46:00.765,23.1600,94
56760767260232,15:46:00.767,23.1700,75
56760767260232,15:46:00.767,23.1700,100
56760767260232,15:46:00.767,23.1700,25
56760767508875,15:46:00.767,23.1700,75
56760767508875,15:46:00.767,23.1700,25
56761681296803,15:46:01.681,23.1600,200
56761681296803,15:46:01.681,23.1600,100
56761681296803,15:46:01.681,23.1600,100
56761681296803,15:46:01.681,23.1600,100
56761681296803,15:46:01.681,23.1600,100
56761681296803,15:46:01.681,23.1600,200
56761681681737,15:46:01.681,23.1600,100
56761681759995,15:46:01.681,23.1600,100
56761682123299,15:46:01.682,23.1600,300
56761682123299,15:46:01.682,23.1600,200
56761682123299,15:46:01.682,23.1600,100
56761682123299,15:46:01.682,23.1600,52
56881634483569,15:48:01.634,23.1650,100
56910440627022,15:48:30.440,23.1600,100
56910440627022,15:48:30.440,23.1600,180
56911387914040,15:48:31.387,23.1500,100
56911387914040,15:48:31.387,23.1500,100
56911387914040,15:48:31.387,23.1500,100
56911387914040,15:48:31.387,23.1500,100
56911387914040,15:48:31.387,23.1500,100
56911387914040,15:48:31.387,23.1500,100
56939129120997,15:48:59.129,23.1400,200
56939129120997,15:48:59.129,23.1400,100
56939129352495,15:48:59.129,23.1400,200
56950671426060,15:49:10.671,23.1450,200
56950672787406,15:49:10.672,23.1450,298
56951435595841,15:49:11.435,23.1450,100
57007894317311,15:50:07.894,23.1450,100
57007894317311,15:50:07.894,23.1400,100
57007894317311,15:50:07.894,23.1400,100
57007894317311,15:50:07.894,23.1400,130
57007894483723,15:50:07.894,23.1400,59
57007896534088,15:50:07.896,23.1300,100
57007896534088,15:50:07.896,23.1300,18
57007896545745,15:50:07.896,23.1300,82
57007899153302,15:50:07.899,23.1200,18
57007899230397,15:50:07.899,23.1200,82
57007899230397,15:50:07.899,23.1200,100
57016322008163,15:50:16.322,23.1200,100
57016322008163,15:50:16.322,23.1200,100
57016322141533,15:50:16.322,23.1200,100
57017760707771,15:50:17.760,23.1300,28
57026498760356,15:50:26.498,23.1300,100
57026875522160,15:50:26.875,23.1300,100
57059034508344,15:50:59.034,23.1300,100
57103048465759,15:51:43.048,23.1250,100
57126378592343,15:52:06.378,23.1250,100
57126378592343,15:52:06.378,23.1300,100
57126378592343,15:52:06.378,23.1300,100
57126378592343,15:52:06.378,23.1300,100
57126378592343,15:52:06.378,23.1300,100
57126378939130,15:52:06.378,23.1300,100
57134663982796,15:52:14.663,23.1400,100
57154251018184,15:52:34.251,23.1350,100
57164772749408,15:52:44.772,23.1300,100
57164772749408,15:52:44.772,23.1300,14
57164772749408,15:52:44.772,23.1300,53
57180023329308,15:53:00.023,23.1200,25
57180023384553,15:53:00.023,23.1200,175
57180023384553,15:53:00.023,23.1200,100
57180023384553,15:53:00.023,23.1200,100
57180023384553,15:53:00.023,23.1200,100
57180718381105,15:53:00.718,23.1100,100
57180718381105,15:53:00.718,23.1100,100
57180718381105,15:53:00.718,23.1100,100
57180718381105,15:53:00.718,23.1100,100
57267605213250,15:54:27.605,23.1000,100
57267605213250,15:54:27.605,23.1000,100
57267938463632,15:54:27.938,23.0950,100
57274228624914,15:54:34.228,23.0950,100
57274228624914,15:54:34.228,23.1000,141
57274228624914,15:54:34.228,23.1000,300
57274228624914,15:54:34.228,23.1000,200
57274228624914,15:54:34.228,23.1000,100
57274228624914,15:54:34.228,23.1000,100
57300027959852,15:55:00.027,23.1100,34
57300033480651,15:55:00.033,23.1100,34
57300040667705,15:55:00.040,23.1100,22
57300045687452,15:55:00.045,23.1100,10
57300045687452,15:55:00.045,23.1100,5
57300050275295,15:55:00.050,23.1100,10
57300052755633,15:55:00.052,23.1100,7
57300054225847,15:55:00.054,23.1100,4
57300054753581,15:55:00.054,23.1100,3
57300054870313,15:55:00.054,23.1100,2
57300054938940,15:55:00.054,23.1100,1
57300055002942,15:55:00.055,23.1100,1
57300055068699,15:55:00.055,23.1100,1
57300143611427,15:55:00.143,23.1100,25
57300143611427,15:55:00.143,23.1100,74
57300143622204,15:55:00.143,23.1100,26
57300143622204,15:55:00.143,23.1100,173
57300143624445,15:55:00.143,23.1100,27
57300143624445,15:55:00.143,23.1100,5
57300170313713,15:55:00.170,23.1200,38
57300170392883,15:55:00.170,23.1200,25
57300944162361,15:55:00.944,23.1200,37
57300944162361,15:55:00.944,23.1200,80
57302596770763,15:55:02.596,23.1200,100
57306189430749,15:55:06.189,23.1200,100
57306189871449,15:55:06.189,23.1200,100
57325885437901,15:55:25.885,23.1400,100
57374487344906,15:56:14.487,23.1400,43
57374487344906,15:56:14.487,23.1400,96
57374487420518,15:56:14.487,23.1400,4
57374487420518,15:56:14.487,23.1400,13
57374487485676,15:56:14.487,23.1400,7
57378661168244,15:56:18.661,23.1450,74
57378661168244,15:56:18.661,23.1400,26
57378661656583,15:56:18.661,23.1400,74
57384447325051,15:56:24.447,23.1400,100
57384447325051,15:56:24.447,23.1400,100
57423379811569,15:57:03.379,23.1400,100
57468324705445,15:57:48.324,23.1450,100
57468383281698,15:57:48.383,23.1400,1
57472022594506,15:57:52.022,23.1400,1
57478043953085,15:57:58.043,23.1300,89
57491243966416,15:58:11.243,23.1300,11
57491243966416,15:58:11.243,23.1300,37
57491243966416,15:58:11.243,23.1300,1
57502449628870,15:58:22.449,23.1200,99
57502449644242,15:58:22.449,23.1200,1
57502449644242,15:58:22.449,23.1200,98
57502449651921,15:58:22.449,23.1200,2
57506541402985,15:58:26.541,23.1100,100
57512906558454,15:58:32.906,23.1200,300
57512906558454,15:58:32.906,23.1200,100
57512906558454,15:58:32.906,23.1200,100
57512906633438,15:58:32.906,23.1200,40
57512907097376,15:58:32.907,23.1200,100
57512918498594,15:58:32.918,23.1300,100
57512918498594,15:58:32.918,23.1300,53
57512918498594,15:58:32.918,23.1300,100
57513044542705,15:58:33.044,23.1400,53
57513044542705,15:58:33.044,23.1400,100
57513044542705,15:58:33.044,23.1400,47
57526051522332,15:58:46.051,23.1400,192
57526051522332,15:58:46.051,23.1400,42
57526051551937,15:58:46.051,23.1400,58
57526767106135,15:58:46.767,23.1500,100
57544025140038,15:59:04.025,23.1500,100
57544025370927,15:59:04.025,23.1500,8
57564032471422,15:59:24.032,23.1500,2
57573153230518,15:59:33.153,23.1550,6
57573153737543,15:59:33.153,23.1550,69
57588898923009,15:59:48.898,23.1500,70
57600581139822,16:00:00.581,0.0000,0
