timestamp,time,price,volume
34199780369398,09:29:59.780,11.5300,1100
34200773578217,09:30:00.773,11.5000,25877
34200833034563,09:30:00.833,11.4700,300
34200833034563,09:30:00.833,11.4600,354
34200914333356,09:30:00.914,11.4600,46
34200914333356,09:30:00.914,11.4500,54
34231373828404,09:30:31.373,11.5700,27
34231377588223,09:30:31.377,11.5700,104
34231394271408,09:30:31.394,11.4800,100
34235988330343,09:30:35.988,11.5700,100
34236239711787,09:30:36.239,11.5700,87
34236239711787,09:30:36.239,11.5700,13
34236495500044,09:30:36.495,11.5700,87
34245864596622,09:30:45.864,11.6100,100
34248413740100,09:30:48.413,11.6400,100
34257105692961,09:30:57.105,11.6500,2600
34257116042470,09:30:57.116,11.6700,100
34257137213492,09:30:57.137,11.6900,100
34257137886425,09:30:57.137,11.7000,100
34257137886425,09:30:57.137,11.7000,100
34257278467053,09:30:57.278,11.7000,200
34257278467053,09:30:57.278,11.7000,300
34272159464644,09:31:12.159,11.7300,100
34283897687911,09:31:23.897,11.6700,15
34283897687911,09:31:23.897,11.6700,29
34283897687911,09:31:23.897,11.6600,101
34283897722173,09:31:23.897,11.6600,44
34393895962368,09:33:13.895,11.5600,100
34393896265742,09:33:13.896,11.5600,7
34393896401992,09:33:13.896,11.5600,100
34393896519154,09:33:13.896,11.5600,100
34393897268490,09:33:13.897,11.5500,58
34393898773622,09:33:13.898,11.5500,142
34393899606522,09:33:13.899,11.5500,200
34393903985483,09:33:13.903,11.5400,100
34393903985483,09:33:13.903,11.5400,100
34393904054469,09:33:13.904,11.5400,100
34393904054469,09:33:13.904,11.5400,100
34393904054469,09:33:13.904,11.5400,100
34393904054469,09:33:13.904,11.5500,550
34393911568334,09:33:13.911,11.5400,100
34393911848038,09:33:13.911,11.5400,100
34395973428400,09:33:15.973,11.5100,100
34395973428400,09:33:15.973,11.5100,100
34395973477008,09:33:15.973,11.5100,200
34395982739991,09:33:15.982,11.5200,100
34395982739991,09:33:15.982,11.5200,100
34398841443422,09:33:18.841,11.5400,152
34404511817365,09:33:24.511,11.5300,100
34404512875004,09:33:24.512,11.5100,45
34404570545307,09:33:24.570,11.5300,100
34404570545307,09:33:24.570,11.5300,100
34404570545307,09:33:24.570,11.5300,200
34442820546211,09:34:02.820,11.5700,3
34442820834038,09:34:02.820,11.5700,100
34442821778104,09:34:02.821,11.5700,100
34455037639563,09:34:15.037,11.5600,200
34455037639563,09:34:15.037,11.5600,17
34455037694740,09:34:15.037,11.5600,100
34455037719763,09:34:15.037,11.5600,183
34455039252719,09:34:15.039,11.5600,37
34455039445341,09:34:15.039,11.5600,63
34455039445341,09:34:15.039,11.5600,37
34455039452757,09:34:15.039,11.5600,211
34455039491865,09:34:15.039,11.5600,37
34455039539178,09:34:15.039,11.5600,215
34455039539178,09:34:15.039,11.5600,100
34501078199963,09:35:01.078,11.5700,100
34501078199963,09:35:01.078,11.5700,100
34530957315197,09:35:30.957,11.5900,71
34530957333216,09:35:30.957,11.5900,129
34530957342441,09:35:30.957,11.5900,100
34530957845552,09:35:30.957,11.5800,73
34530957943980,09:35:30.957,11.5800,27
34530959431175,09:35:30.959,11.5700,83
34530963554235,09:35:30.963,11.5700,100
34530979488873,09:35:30.979,11.5700,200
34530979488873,09:35:30.979,11.5700,100
34584112509622,09:36:24.112,11.6000,100
34584112509622,09:36:24.112,11.6000,100
34584936135509,09:36:24.936,11.6000,11
34584936160594,09:36:24.936,11.6000,89
34603549524472,09:36:43.549,11.5500,100
34662916000943,09:37:42.916,11.5800,100
34667007594727,09:37:47.007,11.5900,100
34681332785850,09:38:01.332,11.5800,100
34684713423076,09:38:04.713,11.6000,100
34684713435007,09:38:04.713,11.6000,73
34684713495002,09:38:04.713,11.6000,100
34684714213191,09:38:04.714,11.6000,27
34715551110416,09:38:35.551,11.6100,1
34718941832680,09:38:38.941,11.6100,100
34718942060014,09:38:38.942,11.6100,54
34718942071815,09:38:38.942,11.6100,45
34718942071815,09:38:38.942,11.6100,100
34718942071815,09:38:38.942,11.6100,11
34718942079368,09:38:38.942,11.6100,89
34718946432846,09:38:38.946,11.6200,200
34726106797409,09:38:46.106,11.6200,100
34744356066686,09:39:04.356,11.6200,100
34769555800389,09:39:29.555,11.6000,200
34834370486488,09:40:34.370,11.5900,300
34834370486488,09:40:34.370,11.5900,21
34834370493197,09:40:34.370,11.5900,79
34860913533876,09:41:00.913,11.5800,600
34860913677020,09:41:00.913,11.5800,100
34860913817969,09:41:00.913,11.5800,3
34867275184539,09:41:07.275,11.6000,100
34867279171722,09:41:07.279,11.6100,100
34867279171722,09:41:07.279,11.6100,200
34870594033226,09:41:10.594,11.6000,300
34870594089625,09:41:10.594,11.6000,6
34872078757906,09:41:12.078,11.5900,1
34872078818791,09:41:12.078,11.5900,99
34911684833976,09:41:51.684,11.5800,100
34914304985404,09:41:54.304,11.5800,77
34914304994907,09:41:54.304,11.5800,23
34914310517459,09:41:54.310,11.5700,100
34966528083490,09:42:46.528,11.5300,100
34966528692752,09:42:46.528,11.5300,100
34966528692752,09:42:46.528,11.5300,100
34966528692752,09:42:46.528,11.5300,100
34966528752406,09:42:46.528,11.5200,200
34989631281867,09:43:09.631,11.5350,100
34989631281867,09:43:09.631,11.5400,100
34989631281867,09:43:09.631,11.5400,100
34989631316195,09:43:09.631,11.5400,100
34989682262639,09:43:09.682,11.5400,100
34991854441251,09:43:11.854,11.5400,100
34991854574829,09:43:11.854,11.5400,46
34999590417885,09:43:19.590,11.5500,30
34999590443794,09:43:19.590,11.5500,70
34999590443794,09:43:19.590,11.5500,100
35013171531924,09:43:33.171,11.5400,100
35013171531924,09:43:33.171,11.5400,100
35019423668669,09:43:39.423,11.5200,19
35019423862206,09:43:39.423,11.5200,17
35019424117755,09:43:39.424,11.5200,20
35061327402574,09:44:21.327,11.5000,200
35090704868754,09:44:50.704,11.4900,100
35094521619407,09:44:54.521,11.5000,100
35094521619407,09:44:54.521,11.5000,100
35094521672869,09:44:54.521,11.5000,100
35118874677845,09:45:18.874,11.5100,100
35118874704703,09:45:18.874,11.5100,100
35118874704703,09:45:18.874,11.5100,100
35118874704703,09:45:18.874,11.5100,100
35136776984112,09:45:36.776,11.5100,100
35181269172122,09:46:21.269,11.5200,100
35201629992951,09:46:41.629,11.5200,7
35201629992951,09:46:41.629,11.5200,200
35226139889504,09:47:06.139,11.5000,100
35250001580413,09:47:30.001,11.5000,100
35251530382296,09:47:31.530,11.5000,100
35251530382296,09:47:31.530,11.5000,100
35251530382296,09:47:31.530,11.5000,100
35251530382296,09:47:31.530,11.5000,200
35253611213955,09:47:33.611,11.5000,100
35253637219204,09:47:33.637,11.5100,100
35253637219204,09:47:33.637,11.5100,100
35253637219204,09:47:33.637,11.5100,300
35253661371285,09:47:33.661,11.5200,100
35253661371285,09:47:33.661,11.5200,300
35253661371285,09:47:33.661,11.5200,100
35253662175859,09:47:33.662,11.5200,100
35253662175859,09:47:33.662,11.5200,100
35253662202579,09:47:33.662,11.5200,54
35253676568535,09:47:33.676,11.5200,54
35253676568535,09:47:33.676,11.5200,100
35253677071230,09:47:33.677,11.5200,100
35253677071230,09:47:33.677,11.5200,92
35253876581026,09:47:33.876,11.5200,100
35254012902161,09:47:34.012,11.5200,100
35258761249795,09:47:38.761,11.5200,300
35258761249795,09:47:38.761,11.5200,100
35259762264687,09:47:39.762,11.5200,200
35267682120069,09:47:47.682,11.5200,100
35267682166282,09:47:47.682,11.5200,100
35267682166282,09:47:47.682,11.5200,100
35267701345917,09:47:47.701,11.5200,100
35269474839401,09:47:49.474,11.5200,100
35276575614881,09:47:56.575,11.5200,100
35285882711276,09:48:05.882,11.5200,100
35291623030921,09:48:11.623,11.5100,100
35291623030921,09:48:11.623,11.5100,200
35291623030921,09:48:11.623,11.5100,100
35291650838397,09:48:11.650,11.5000,200
35291650838397,09:48:11.650,11.5000,100
35291953665460,09:48:11.953,11.5000,100
35295646562466,09:48:15.646,11.5100,100
35295646562466,09:48:15.646,11.5100,100
35299556111541,09:48:19.556,11.5200,29
35306894080679,09:48:26.894,11.5200,100
35306894080679,09:48:26.894,11.5200,100
35324494601083,09:48:44.494,11.5300,100
35324494601083,09:48:44.494,11.5300,100
35324494601083,09:48:44.494,11.5300,100
35324494601083,09:48:44.494,11.5300,100
35324494601083,09:48:44.494,11.5300,100
35324494601083,09:48:44.494,11.5300,100
35330810352703,09:48:50.810,11.5300,21
35361623796799,09:49:21.623,11.5450,100
35361624030254,09:49:21.624,11.5500,100
35361857541917,09:49:21.857,11.5500,100
35362086107572,09:49:22.086,11.5450,100
35362088545897,09:49:22.088,11.5500,100
35366430675147,09:49:26.430,11.5600,100
35366430675147,09:49:26.430,11.5600,100
35366432623828,09:49:26.432,11.5600,100
35366432623828,09:49:26.432,11.5600,32
35366432664402,09:49:26.432,11.5600,200
35366432692591,09:49:26.432,11.5600,68
35366888228436,09:49:26.888,11.5550,100
35381075942308,09:49:41.075,11.5500,100
35381075942308,09:49:41.075,11.5500,200
35381076021753,09:49:41.076,11.5500,100
35382856647755,09:49:42.856,11.5500,100
35385292700430,09:49:45.292,11.5550,500
35385292700430,09:49:45.292,11.5500,200
35385292700430,09:49:45.292,11.5500,100
35385292700430,09:49:45.292,11.5500,200
35385292700430,09:49:45.292,11.5500,100
35392243105563,09:49:52.243,11.5500,100
35392243132664,09:49:52.243,11.5500,200
35392243132664,09:49:52.243,11.5500,100
35392243590027,09:49:52.243,11.5600,68
35392243590027,09:49:52.243,11.5600,100
35392243638348,09:49:52.243,11.5600,100
35392256294955,09:49:52.256,11.5800,200
35392256294955,09:49:52.256,11.5800,100
35392258136670,09:49:52.258,11.5800,100
35392258136670,09:49:52.258,11.5800,100
35392258136670,09:49:52.258,11.5800,100
35393064362719,09:49:53.064,11.5700,200
35393064362719,09:49:53.064,11.5700,100
35393064392909,09:49:53.064,11.5700,100
35399084240380,09:49:59.084,11.5700,100
35406119701077,09:50:06.119,11.5700,100
35406119701077,09:50:06.119,11.5700,400
35406119701077,09:50:06.119,11.5700,100
35407120407210,09:50:07.120,11.5700,42
35408939497797,09:50:08.939,11.5600,100
35408940017255,09:50:08.940,11.5600,600
35408940017255,09:50:08.940,11.5600,100
35408940017255,09:50:08.940,11.5600,200
35408940017255,09:50:08.940,11.5600,100
35408940017255,09:50:08.940,11.5600,100
35408940017255,09:50:08.940,11.5600,100
35408940017255,09:50:08.940,11.5600,100
35415291464853,09:50:15.291,11.5700,258
35415291464853,09:50:15.291,11.5700,100
35415291464853,09:50:15.291,11.5700,100
35415291464853,09:50:15.291,11.5700,42
35415291498264,09:50:15.291,11.5700,11
35421489771027,09:50:21.489,11.5800,100
35421489811640,09:50:21.489,11.5800,100
35421489811640,09:50:21.489,11.5800,100
35424294597899,09:50:24.294,11.5900,100
35425650341937,09:50:25.650,11.6000,4
35425650341937,09:50:25.650,11.6000,100
35425650341937,09:50:25.650,11.6000,100
35425650341937,09:50:25.650,11.6000,100
35425650341937,09:50:25.650,11.6000,96
35444569794730,09:50:44.569,11.6000,100
35444569794730,09:50:44.569,11.6000,200
35444934581523,09:50:44.934,11.5950,100
35460088289930,09:51:00.088,11.6000,100
35460088289930,09:51:00.088,11.6000,4
35460088289930,09:51:00.088,11.6000,100
35460088289930,09:51:00.088,11.6000,100
35460088289930,09:51:00.088,11.6000,100
35463485456577,09:51:03.485,11.6000,100
35463485490330,09:51:03.485,11.6000,100
35471787222932,09:51:11.787,11.6100,200
35471787222932,09:51:11.787,11.6100,62
35477879876496,09:51:17.879,11.6300,100
35477879876496,09:51:17.879,11.6300,100
35477880095881,09:51:17.880,11.6300,100
35479580265627,09:51:19.580,11.6200,100
35479620433231,09:51:19.620,11.6200,100
35479620433231,09:51:19.620,11.6200,100
35479620433231,09:51:19.620,11.6200,100
35479620433231,09:51:19.620,11.6200,100
35483273105587,09:51:23.273,11.6200,100
35483273105587,09:51:23.273,11.6200,100
35483273194835,09:51:23.273,11.6200,28
35483273220809,09:51:23.273,11.6200,72
35485403223296,09:51:25.403,11.6200,100
35485403332078,09:51:25.403,11.6200,18
35499335240740,09:51:39.335,11.6200,100
35499335240740,09:51:39.335,11.6200,100
35499335240740,09:51:39.335,11.6200,100
35499335240740,09:51:39.335,11.6200,100
35506433477927,09:51:46.433,11.6300,100
35506433523565,09:51:46.433,11.6300,100
35506692860781,09:51:46.692,11.6400,100
35533816498702,09:52:13.816,11.6300,100
35533816498702,09:52:13.816,11.6300,100
35533816498702,09:52:13.816,11.6300,55
35533816506799,09:52:13.816,11.6300,45
35536776176097,09:52:16.776,11.6200,100
35536776176097,09:52:16.776,11.6200,100
35537841302859,09:52:17.841,11.6200,100
35544369204784,09:52:24.369,11.6200,100
35559680673510,09:52:39.680,11.6300,45
35559680673510,09:52:39.680,11.6300,100
35560441748698,09:52:40.441,11.6300,8
35560441756187,09:52:40.441,11.6300,92
35567965489486,09:52:47.965,11.6300,21
35567965539828,09:52:47.965,11.6300,300
35579804207121,09:52:59.804,11.6400,29
35590274361518,09:53:10.274,11.6400,100
35595299760538,09:53:15.299,11.6300,172
35607865701136,09:53:27.865,11.6400,100
35607865902507,09:53:27.865,11.6400,100
35607866006326,09:53:27.866,11.6400,100
35607866376490,09:53:27.866,11.6400,100
35621005226026,09:53:41.005,11.6300,100
35621095354864,09:53:41.095,11.6300,100
35633945704766,09:53:53.945,11.6400,100
35633945704766,09:53:53.945,11.6400,55
35633945710382,09:53:53.945,11.6400,45
35633945710382,09:53:53.945,11.6400,100
35633945710382,09:53:53.945,11.6400,11
35633945733814,09:53:53.945,11.6400,1089
35635425635531,09:53:55.425,11.6550,100
35641598639668,09:54:01.598,11.6600,100
35641598639668,09:54:01.598,11.6600,100
35651693089960,09:54:11.693,11.6700,100
35654524831046,09:54:14.524,11.6700,100
35660675591089,09:54:20.675,11.6600,100
35680367286371,09:54:40.367,11.6650,1
35680367286371,09:54:40.367,11.6650,1
35680367286371,09:54:40.367,11.6650,1
35680367286371,09:54:40.367,11.6650,1
35680367286371,09:54:40.367,11.6700,96
35680367321376,09:54:40.367,11.6700,4
35690722650766,09:54:50.722,11.6800,100
35690722650766,09:54:50.722,11.6800,100
35690727218894,09:54:50.727,11.6900,200
35690727253367,09:54:50.727,11.6900,800
35690727494014,09:54:50.727,11.6900,100
35690727494014,09:54:50.727,11.6900,100
35690727494014,09:54:50.727,11.6900,100
35690727494014,09:54:50.727,11.6900,100
35690734789739,09:54:50.734,11.6900,100
35695099468694,09:54:55.099,11.6900,100
35695099468694,09:54:55.099,11.6900,100
35698893639204,09:54:58.893,11.6900,600
35698893639204,09:54:58.893,11.6900,100
35698893639204,09:54:58.893,11.6900,100
35698893639204,09:54:58.893,11.6900,100
35698893639204,09:54:58.893,11.6900,200
35698893639204,09:54:58.893,11.6900,100
35698893639204,09:54:58.893,11.6900,100
35698893940165,09:54:58.893,11.6900,100
35698893940165,09:54:58.893,11.6900,100
35709701985972,09:55:09.701,11.6800,100
35709701985972,09:55:09.701,11.6800,100
35709701985972,09:55:09.701,11.6800,100
35714454456014,09:55:14.454,11.6700,100
35714732889843,09:55:14.732,11.6700,100
35714912871893,09:55:14.912,11.6700,100
35715416955705,09:55:15.416,11.6700,100
35715416955705,09:55:15.416,11.6700,100
35729909769523,09:55:29.909,11.6900,100
35731976822059,09:55:31.976,11.6900,100
35739003318008,09:55:39.003,11.6900,100
35739761818922,09:55:39.761,11.6950,100
35739761818922,09:55:39.761,11.7000,200
35739761843893,09:55:39.761,11.7000,100
35739902042710,09:55:39.902,11.7000,100
35739902042710,09:55:39.902,11.7000,100
35739902042710,09:55:39.902,11.7000,100
35739917865426,09:55:39.917,11.7100,100
35739917865426,09:55:39.917,11.7100,100
35739917865426,09:55:39.917,11.7100,100
35739919110621,09:55:39.919,11.7100,100
35739919110621,09:55:39.919,11.7100,90
35739919110621,09:55:39.919,11.7100,100
35739919110621,09:55:39.919,11.7100,10
35745475962330,09:55:45.475,11.7100,100
35745476242802,09:55:45.476,11.7100,100
35745476242802,09:55:45.476,11.7100,100
35745476242802,09:55:45.476,11.7100,100
35746402030434,09:55:46.402,11.7000,100
35746402030434,09:55:46.402,11.7000,100
35746402030434,09:55:46.402,11.7000,100
35746402089855,09:55:46.402,11.7000,100
35746402164533,09:55:46.402,11.7000,100
35746402164533,09:55:46.402,11.7000,100
35747436689808,09:55:47.436,11.6900,100
35747436689808,09:55:47.436,11.6900,100
35748010857256,09:55:48.010,11.6900,100
35748019590099,09:55:48.019,11.6900,100
35748840747504,09:55:48.840,11.6800,100
35752100850600,09:55:52.100,11.6800,100
35752100850600,09:55:52.100,11.6800,100
35755429963050,09:55:55.429,11.6700,100
35755750662347,09:55:55.750,11.6600,100
35756228796201,09:55:56.228,11.6600,100
35756228796201,09:55:56.228,11.6500,100
35756228868912,09:55:56.228,11.6500,100
35756228868912,09:55:56.228,11.6500,100
35756228868912,09:55:56.228,11.6500,100
35759978442066,09:55:59.978,11.6600,300
35759978442066,09:55:59.978,11.6600,100
35759978442066,09:55:59.978,11.6600,100
35759978442066,09:55:59.978,11.6600,100
35759978442066,09:55:59.978,11.6600,400
35759978826262,09:55:59.978,11.6600,100
35759978843497,09:55:59.978,11.6600,100
35759978851805,09:55:59.978,11.6600,100
35760029639286,09:56:00.029,11.6600,100
35760687723288,09:56:00.687,11.6700,100
35764313138889,09:56:04.313,11.6700,100
35772948671430,09:56:12.948,11.6600,100
35772948671430,09:56:12.948,11.6600,300
35772948671430,09:56:12.948,11.6600,100
35818953536018,09:56:58.953,11.6700,100
35818953544375,09:56:58.953,11.6700,100
35818953575352,09:56:58.953,11.6700,100
35818953575352,09:56:58.953,11.6700,100
35820955094874,09:57:00.955,11.6800,100
35820955094874,09:57:00.955,11.6800,100
35821197168790,09:57:01.197,11.6900,100
35821712169055,09:57:01.712,11.6900,100
35821712169055,09:57:01.712,11.6900,200
35821712249500,09:57:01.712,11.6900,200
35827775133870,09:57:07.775,11.6900,100
35830910349096,09:57:10.910,11.6950,100
35835802327388,09:57:15.802,11.6900,69
35835802931033,09:57:15.802,11.6900,100
35835803012155,09:57:15.803,11.6900,31
35836803955839,09:57:16.803,11.6900,100
35842481967618,09:57:22.481,11.7000,100
35842481967618,09:57:22.481,11.7000,100
35842481967618,09:57:22.481,11.7000,100
35842481967618,09:57:22.481,11.7000,100
35842483680302,09:57:22.483,11.7000,9
35847918648389,09:57:27.918,11.7000,17
35848432511893,09:57:28.432,11.7100,100
35848432511893,09:57:28.432,11.7100,65
35848432615690,09:57:28.432,11.7100,35
35849575815630,09:57:29.575,11.7100,1
35857540723474,09:57:37.540,11.7200,100
35857540723474,09:57:37.540,11.7200,100
35864410008077,09:57:44.410,11.7200,100
35864410008077,09:57:44.410,11.7200,100
35887771818449,09:58:07.771,11.7100,100
35887771818449,09:58:07.771,11.7100,100
35887771818449,09:58:07.771,11.7100,100
35887771818449,09:58:07.771,11.7100,100
35887771818449,09:58:07.771,11.7100,100
35887771841891,09:58:07.771,11.7100,500
35921911849678,09:58:41.911,11.7100,100
35921911849678,09:58:41.911,11.7100,115
35921911849678,09:58:41.911,11.7100,100
35936466972768,09:58:56.466,11.7200,1400
35937413583565,09:58:57.413,11.7300,100
35940938870389,09:59:00.938,11.7400,100
35944530513346,09:59:04.530,11.7400,100
35964129926377,09:59:24.129,11.7400,100
35964129926377,09:59:24.129,11.7400,100
35964129926377,09:59:24.129,11.7400,100
35970339612234,09:59:30.339,11.7300,400
35970925232824,09:59:30.925,11.7300,400
35970925232824,09:59:30.925,11.7300,100
35970925232824,09:59:30.925,11.7300,100
35970925232824,09:59:30.925,11.7300,100
35970956507544,09:59:30.956,11.7300,100
35970956507544,09:59:30.956,11.7300,50
36011128820823,10:00:11.128,11.7300,100
36011128820823,10:00:11.128,11.7300,273
36011128821590,10:00:11.128,11.7300,100
36011128829511,10:00:11.128,11.7300,27
36011128829511,10:00:11.128,11.7300,100
36011128829511,10:00:11.128,11.7300,35
36011128833473,10:00:11.128,11.7300,65
36011128833473,10:00:11.128,11.7300,97
36011128871863,10:00:11.128,11.7300,3
36011239765752,10:00:11.239,11.7200,100
36012129950899,10:00:12.129,11.7150,100
36030038200766,10:00:30.038,11.7200,100
36030038213117,10:00:30.038,11.7200,100
36030592945260,10:00:30.592,11.7300,200
36038039684830,10:00:38.039,11.7500,400
36038039684830,10:00:38.039,11.7500,100
36038039684830,10:00:38.039,11.7500,100
36082746117130,10:01:22.746,11.7500,100
36082746117130,10:01:22.746,11.7500,200
36082746117130,10:01:22.746,11.7500,100
36082746117130,10:01:22.746,11.7500,100
36083397285426,10:01:23.397,11.7500,100
36088894179920,10:01:28.894,11.7500,100
36098894001960,10:01:38.894,11.7600,80
36098894001960,10:01:38.894,11.7600,48
36098894029109,10:01:38.894,11.7600,52
36106651108786,10:01:46.651,11.7600,100
36106651108786,10:01:46.651,11.7600,100
36106651108786,10:01:46.651,11.7600,100
36106651108786,10:01:46.651,11.7600,500
36106651580531,10:01:46.651,11.7600,50
36106651659912,10:01:46.651,11.7600,50
36106651845685,10:01:46.651,11.7600,25
36106651910226,10:01:46.651,11.7600,13
36106652501821,10:01:46.652,11.7600,6
36106652569293,10:01:46.652,11.7600,3
36106652631592,10:01:46.652,11.7600,2
36106652695074,10:01:46.652,11.7600,1
36107673792831,10:01:47.673,11.7600,100
36133735880557,10:02:13.735,11.7600,100
36133735880557,10:02:13.735,11.7600,100
36138902942500,10:02:18.902,11.7500,100
36138902942500,10:02:18.902,11.7500,100
36138903010193,10:02:18.903,11.7500,35
36138903355318,10:02:18.903,11.7500,65
36138923129309,10:02:18.923,11.7500,100
36138923129309,10:02:18.923,11.7500,200
36138923129309,10:02:18.923,11.7500,100
36138923177226,10:02:18.923,11.7500,100
36149403905807,10:02:29.403,11.7600,100
36149403905807,10:02:29.403,11.7600,100
36149403905807,10:02:29.403,11.7600,100
36149403966729,10:02:29.403,11.7600,10
36160570788910,10:02:40.570,11.7600,100
36160570805946,10:02:40.570,11.7600,100
36161498043782,10:02:41.498,11.7500,100
36161498043782,10:02:41.498,11.7500,100
36161498043782,10:02:41.498,11.7500,100
36161653776544,10:02:41.653,11.7400,700
36161653776544,10:02:41.653,11.7400,100
36161653776544,10:02:41.653,11.7400,100
36161653776544,10:02:41.653,11.7400,100
36166649810655,10:02:46.649,11.7300,100
36166649810655,10:02:46.649,11.7300,100
36173525202181,10:02:53.525,11.7200,100
36189298691036,10:03:09.298,11.7200,200
36190299682941,10:03:10.299,11.7200,200
36192419596624,10:03:12.419,11.7100,100
36192752051460,10:03:12.752,11.7100,100
36192752051460,10:03:12.752,11.7100,100
36192752081110,10:03:12.752,11.7100,100
36211407767928,10:03:31.407,11.7100,200
36212408704769,10:03:32.408,11.7100,100
36212408704769,10:03:32.408,11.7100,100
36215927905875,10:03:35.927,11.7100,100
36220358022679,10:03:40.358,11.7100,100
36237826917038,10:03:57.826,11.7200,100
36237826917038,10:03:57.826,11.7200,100
36237826917038,10:03:57.826,11.7200,100
36237827467728,10:03:57.827,11.7200,100
36237833173176,10:03:57.833,11.7300,100
36237833173176,10:03:57.833,11.7300,100
36237833173176,10:03:57.833,11.7300,100
36237833836986,10:03:57.833,11.7300,67
36237837383895,10:03:57.837,11.7300,33
36237837383895,10:03:57.837,11.7300,34
36237837459885,10:03:57.837,11.7300,45
36237837509726,10:03:57.837,11.7300,55
36237840853839,10:03:57.840,11.7300,100
36241221235742,10:04:01.221,11.7300,100
36241221263715,10:04:01.221,11.7300,100
36265362418471,10:04:25.362,11.7300,100
36265362432652,10:04:25.362,11.7300,100
36265362673590,10:04:25.362,11.7300,162
36265362707838,10:04:25.362,11.7300,17
36265363295566,10:04:25.363,11.7300,700
36265363295566,10:04:25.363,11.7300,200
36265363295566,10:04:25.363,11.7300,100
36265363295566,10:04:25.363,11.7300,100
36265363295566,10:04:25.363,11.7300,200
36265363295566,10:04:25.363,11.7300,700
36265363295566,10:04:25.363,11.7300,200
36265363295566,10:04:25.363,11.7300,100
36265393061728,10:04:25.393,11.7400,100
36265393061728,10:04:25.393,11.7400,100
36265710580835,10:04:25.710,11.7400,200
36265710580835,10:04:25.710,11.7400,100
36265710580835,10:04:25.710,11.7400,100
36270236076527,10:04:30.236,11.7300,100
36296932087021,10:04:56.932,11.7400,100
36296932087021,10:04:56.932,11.7400,100
36296932712256,10:04:56.932,11.7400,100
36302480127914,10:05:02.480,11.7450,1
36302480127914,10:05:02.480,11.7450,1
36302480127914,10:05:02.480,11.7450,1
36302480127914,10:05:02.480,11.7450,1
36302480127914,10:05:02.480,11.7450,1
36302480127914,10:05:02.480,11.7450,1
36302480127914,10:05:02.480,11.7450,1
36302480127914,10:05:02.480,11.7450,1
36302480127914,10:05:02.480,11.7500,300
36302480127914,10:05:02.480,11.7500,52
36302480261503,10:05:02.480,11.7500,48
36302480261503,10:05:02.480,11.7500,52
36302480353664,10:05:02.480,11.7500,48
36302480353664,10:05:02.480,11.7500,52
36302480410098,10:05:02.480,11.7500,100
36302480472942,10:05:02.480,11.7500,100
36302480544173,10:05:02.480,11.7500,100
36302480600469,10:05:02.480,11.7500,100
36302480661784,10:05:02.480,11.7500,100
36302480818705,10:05:02.480,11.7500,100
36302480912112,10:05:02.480,11.7500,100
36302480970143,10:05:02.480,11.7500,100
36302481045497,10:05:02.481,11.7500,100
36302481186764,10:05:02.481,11.7500,100
36302481339106,10:05:02.481,11.7500,348
36302481339106,10:05:02.481,11.7500,100
36305204393481,10:05:05.204,11.7600,100
36305204393481,10:05:05.204,11.7600,400
36305204421490,10:05:05.204,11.7600,1000
36305204421490,10:05:05.204,11.7600,100
36305204421490,10:05:05.204,11.7600,100
36305204421490,10:05:05.204,11.7600,100
36310658186810,10:05:10.658,11.7600,100
36310658186810,10:05:10.658,11.7600,100
36310658186810,10:05:10.658,11.7600,100
36310658186810,10:05:10.658,11.7600,100
36310658186810,10:05:10.658,11.7600,100
36319943717928,10:05:19.943,11.7600,100
36319943717928,10:05:19.943,11.7600,100
36322227060893,10:05:22.227,11.7600,100
36322227080068,10:05:22.227,11.7600,100
36322227088354,10:05:22.227,11.7600,44
36322227106381,10:05:22.227,11.7600,800
36322227129311,10:05:22.227,11.7600,100
36322227144048,10:05:22.227,11.7600,100
36322227165689,10:05:22.227,11.7600,100
36322227196739,10:05:22.227,11.7600,56
36339391061801,10:05:39.391,11.7700,200
36339391061801,10:05:39.391,11.7700,86
36339391070214,10:05:39.391,11.7700,14
36339391070214,10:05:39.391,11.7700,100
36339391070214,10:05:39.391,11.7700,48
36339391094923,10:05:39.391,11.7700,1352
36339391672257,10:05:39.391,11.7800,100
36340132012116,10:05:40.132,11.7850,100
36355357810443,10:05:55.357,11.7800,100
36355357810443,10:05:55.357,11.7800,100
36355357810443,10:05:55.357,11.7800,100
36355357810443,10:05:55.357,11.7800,100
36355357810443,10:05:55.357,11.7800,100
36355863736912,10:05:55.863,11.7800,300
36355863736912,10:05:55.863,11.7800,157
36360024168564,10:06:00.024,11.7800,100
36360133477070,10:06:00.133,11.7750,100
36368182190158,10:06:08.182,11.7800,500
36368182190158,10:06:08.182,11.7800,100
36368182190158,10:06:08.182,11.7800,33
36368182190158,10:06:08.182,11.7800,100
36381010902458,10:06:21.010,11.7900,200
36381010902458,10:06:21.010,11.7900,100
36381010902458,10:06:21.010,11.7900,100
36381010902458,10:06:21.010,11.7900,100
36391642283388,10:06:31.642,11.7900,100
36391642283388,10:06:31.642,11.7900,100
36391642283388,10:06:31.642,11.7900,100
36391642283388,10:06:31.642,11.7900,100
36391642283388,10:06:31.642,11.7900,100
36391642283388,10:06:31.642,11.7900,100
36391642283388,10:06:31.642,11.7900,100
36391644833842,10:06:31.644,11.7850,100
36391648330832,10:06:31.648,11.7900,100
36402427695851,10:06:42.427,11.7800,100
36404938462132,10:06:44.938,11.7750,100
36406708874174,10:06:46.708,11.7700,100
36406810178966,10:06:46.810,11.7700,200
36408279461452,10:06:48.279,11.7600,100
36411980222222,10:06:51.980,11.7500,100
36413037083587,10:06:53.037,11.7500,100
36413038160790,10:06:53.038,11.7500,100
36426918204668,10:07:06.918,11.7500,94
36426918286815,10:07:06.918,11.7500,6
36434260017434,10:07:14.260,11.7500,100
36434260017434,10:07:14.260,11.7500,100
36452772085015,10:07:32.772,11.7500,100
36452772099313,10:07:32.772,11.7500,100
36452772129976,10:07:32.772,11.7500,200
36453773768684,10:07:33.773,11.7400,100
36453773768684,10:07:33.773,11.7400,100
36453773768684,10:07:33.773,11.7400,100
36453934717678,10:07:33.934,11.7400,300
36453934717678,10:07:33.934,11.7400,100
36453934717678,10:07:33.934,11.7400,100
36453934717678,10:07:33.934,11.7400,100
36453934717678,10:07:33.934,11.7400,100
36457860314893,10:07:37.860,11.7400,100
36466941981078,10:07:46.941,11.7400,100
36466952003005,10:07:46.952,11.7500,100
36466952003005,10:07:46.952,11.7500,100
36466952003005,10:07:46.952,11.7500,100
36466952003005,10:07:46.952,11.7500,100
36466952003005,10:07:46.952,11.7500,500
36479743515586,10:07:59.743,11.7400,100
36491576968088,10:08:11.576,11.7450,1
36491576968088,10:08:11.576,11.7450,1
36491576968088,10:08:11.576,11.7450,1
36491576968088,10:08:11.576,11.7450,1
36491576968088,10:08:11.576,11.7500,100
36491576968088,10:08:11.576,11.7500,100
36491576968088,10:08:11.576,11.7500,100
36491576968088,10:08:11.576,11.7500,1400
36491576968088,10:08:11.576,11.7500,196
36491577001762,10:08:11.577,11.7500,4
36492389232456,10:08:12.389,11.7600,100
36492389232456,10:08:12.389,11.7600,100
36492389232456,10:08:12.389,11.7600,100
36492720707997,10:08:12.720,11.7600,400
36492720707997,10:08:12.720,11.7600,100
36492720707997,10:08:12.720,11.7600,100
36492720707997,10:08:12.720,11.7600,100
36492720988605,10:08:12.720,11.7600,100
36492720988605,10:08:12.720,11.7600,100
36492725789668,10:08:12.725,11.7600,100
36492725789668,10:08:12.725,11.7600,100
36492728870699,10:08:12.728,11.7600,100
36499614003232,10:08:19.614,11.7700,4
36499614003232,10:08:19.614,11.7700,25
36517743796551,10:08:37.743,11.7700,75
36523459685925,10:08:43.459,11.7800,100
36523459702292,10:08:43.459,11.7800,100
36523459874054,10:08:43.459,11.7800,100
36523459874054,10:08:43.459,11.7800,24
36523459874928,10:08:43.459,11.7800,76
36523459874928,10:08:43.459,11.7800,86
36523459932675,10:08:43.459,11.7800,14
36523459932675,10:08:43.459,11.7800,86
36523460480879,10:08:43.460,11.7800,1300
36523460529152,10:08:43.460,11.7800,14
36531962406026,10:08:51.962,11.7900,500
36531962406026,10:08:51.962,11.7900,100
36535020758075,10:08:55.020,11.7900,100
36535020758075,10:08:55.020,11.7900,100
36537662658126,10:08:57.662,11.7900,100
36547506511761,10:09:07.506,11.7900,100
36547506511761,10:09:07.506,11.7900,100
36547506511761,10:09:07.506,11.7900,400
36548507512265,10:09:08.507,11.7900,100
36548507512265,10:09:08.507,11.7900,100
36548507512265,10:09:08.507,11.7900,200
36573957754865,10:09:33.957,11.8000,500
36573957754865,10:09:33.957,11.8000,300
36576041973166,10:09:36.041,11.8000,200
36576041973166,10:09:36.041,11.8000,100
36576041973166,10:09:36.041,11.8000,100
36576041973166,10:09:36.041,11.8000,100
36579845206076,10:09:39.845,11.8100,162
36579845602483,10:09:39.845,11.8100,138
36579845602483,10:09:39.845,11.8100,100
36586657344143,10:09:46.657,11.8100,100
36588076152751,10:09:48.076,11.8100,100
36588076152751,10:09:48.076,11.8100,100
36596529757363,10:09:56.529,11.8100,100
36596529757363,10:09:56.529,11.8100,100
36599652826940,10:09:59.652,11.8100,100
36599652826940,10:09:59.652,11.8100,100
36599654470405,10:09:59.654,11.8100,100
36601251094487,10:10:01.251,11.8000,100
36602647032045,10:10:02.647,11.8050,100
36602647032045,10:10:02.647,11.8000,100
36602647032045,10:10:02.647,11.8000,100
36602647032045,10:10:02.647,11.8000,100
36608174533289,10:10:08.174,11.7900,100
36608174543608,10:10:08.174,11.7900,100
36608174597868,10:10:08.174,11.7900,100
36615049869709,10:10:15.049,11.7800,100
36665624603303,10:11:05.624,11.7800,100
36665624644324,10:11:05.624,11.7800,100
36665624644324,10:11:05.624,11.7800,100
36665624689142,10:11:05.624,11.7800,100
36665624689142,10:11:05.624,11.7800,100
36665624689834,10:11:05.624,11.7800,200
36665624837781,10:11:05.624,11.7800,62
36665624850617,10:11:05.624,11.7800,38
36665624850617,10:11:05.624,11.7800,100
36665632825336,10:11:05.632,11.7800,100
36666040030271,10:11:06.040,11.7750,100
36666041792630,10:11:06.041,11.7700,100
36666041792630,10:11:06.041,11.7700,100
36666041792630,10:11:06.041,11.7700,100
36667724045730,10:11:07.724,11.7800,100
36667724045730,10:11:07.724,11.7800,100
36676414608103,10:11:16.414,11.7800,100
36676414608103,10:11:16.414,11.7800,200
36676414608103,10:11:16.414,11.7800,100
36676414630394,10:11:16.414,11.7800,100
36676424055765,10:11:16.424,11.7800,100
36685395046827,10:11:25.395,11.7800,22
36685395073162,10:11:25.395,11.7800,78
36685395073162,10:11:25.395,11.7800,7
36685395537019,10:11:25.395,11.7800,23
36685395566567,10:11:25.395,11.7800,77
36685395566567,10:11:25.395,11.7800,100
36691247527517,10:11:31.247,11.7900,100
36691247559276,10:11:31.247,11.7900,3
36691247559804,10:11:31.247,11.7900,97
36692375486337,10:11:32.375,11.7950,1
36692375936230,10:11:32.375,11.8000,100
36692375936230,10:11:32.375,11.8000,100
36703069121658,10:11:43.069,11.8000,100
36703069121658,10:11:43.069,11.8000,100
36703069121658,10:11:43.069,11.8000,300
36704070115723,10:11:44.070,11.8000,100
36704070115723,10:11:44.070,11.8000,200
36708691570343,10:11:48.691,11.8100,100
36708691570343,10:11:48.691,11.8100,311
36715347246148,10:11:55.347,11.8100,100
36715347246148,10:11:55.347,11.8100,100
36715347246148,10:11:55.347,11.8100,100
36715347246148,10:11:55.347,11.8100,100
36717228978621,10:11:57.228,11.8100,100
36725375601739,10:12:05.375,11.8200,100
36725375601739,10:12:05.375,11.8200,100
36725375601739,10:12:05.375,11.8200,100
36731669406885,10:12:11.669,11.8300,100
36738570991873,10:12:18.570,11.8400,100
36748482259870,10:12:28.482,11.8300,200
36748482318531,10:12:28.482,11.8300,5
36762333164438,10:12:42.333,11.8200,100
36762334240507,10:12:42.334,11.8200,45
36762335299524,10:12:42.335,11.8200,34
36778181518915,10:12:58.181,11.8200,100
36778181552390,10:12:58.181,11.8200,100
36778970109090,10:12:58.970,11.8200,100
36778970109090,10:12:58.970,11.8200,100
36778970109090,10:12:58.970,11.8200,100
36778970109090,10:12:58.970,11.8200,100
36786282579665,10:13:06.282,11.8300,1300
36786282611670,10:13:06.282,11.8300,4757
36786282620510,10:13:06.282,11.8300,412
36786282636908,10:13:06.282,11.8300,200
36786282638266,10:13:06.282,11.8300,100
36786282664709,10:13:06.282,11.8300,100
36786282682519,10:13:06.282,11.8300,4
36786282682519,10:13:06.282,11.8300,86
36798388390062,10:13:18.388,11.8400,100
36798388573609,10:13:18.388,11.8400,300
36802856409003,10:13:22.856,11.8500,100
36802856409003,10:13:22.856,11.8500,100
36803932945168,10:13:23.932,11.8500,100
36807522443333,10:13:27.522,11.8500,100
36813323288619,10:13:33.323,11.8600,200
36815429638371,10:13:35.429,11.8600,100
36815429638371,10:13:35.429,11.8600,100
36815430311109,10:13:35.430,11.8600,100
36815430311109,10:13:35.430,11.8600,100
36824946487310,10:13:44.946,11.8700,100
36824946487310,10:13:44.946,11.8700,100
36840209988364,10:14:00.209,11.8800,100
36840209995403,10:14:00.209,11.8800,100
36851214839856,10:14:11.214,11.8900,100
36862152008424,10:14:22.152,11.8900,300
36862152008424,10:14:22.152,11.8900,100
36862152008424,10:14:22.152,11.8900,200
36863153002250,10:14:23.153,11.8900,100
36863153002250,10:14:23.153,11.8900,100
36863253388635,10:14:23.253,11.8900,100
36865796202577,10:14:25.796,11.8850,100
36880023272758,10:14:40.023,11.8900,100
36880023298926,10:14:40.023,11.8900,100
36880028937945,10:14:40.028,11.8800,100
36903598307810,10:15:03.598,11.8850,100
36908938455275,10:15:08.938,11.8800,100
36908938482065,10:15:08.938,11.8800,400
36908938482065,10:15:08.938,11.8800,100
36908938482065,10:15:08.938,11.8800,100
36908938482065,10:15:08.938,11.8800,100
36920352450257,10:15:20.352,11.8700,100
36920352450257,10:15:20.352,11.8700,100
36922966756244,10:15:22.966,11.8700,100
36922966756244,10:15:22.966,11.8700,100
36935499654113,10:15:35.499,11.8700,100
36941520313086,10:15:41.520,11.8600,49
36941521498019,10:15:41.521,11.8600,600
36941521498019,10:15:41.521,11.8600,200
36941521498019,10:15:41.521,11.8600,100
36941521498019,10:15:41.521,11.8600,163
36941521498019,10:15:41.521,11.8600,100
36941521498019,10:15:41.521,11.8600,100
36941523384540,10:15:41.523,11.8500,100
36941541566011,10:15:41.541,11.8500,100
36941561836983,10:15:41.561,11.8500,100
36961873798685,10:16:01.873,11.8500,100
36961873798685,10:16:01.873,11.8500,100
36961873798685,10:16:01.873,11.8500,100
36962875453727,10:16:02.875,11.8500,100
36967414920486,10:16:07.414,11.8400,48
36967415252084,10:16:07.415,11.8400,52
36967415252084,10:16:07.415,11.8400,100
36973434830141,10:16:13.434,11.8400,100
36978454158134,10:16:18.454,11.8500,18
36978454158134,10:16:18.454,11.8500,100
36978454158134,10:16:18.454,11.8500,82
36978454386091,10:16:18.454,11.8500,18
36978454386091,10:16:18.454,11.8500,100
36978454386091,10:16:18.454,11.8500,100
36980024965384,10:16:20.024,11.8500,100
37003976068880,10:16:43.976,11.8400,100
37003976068880,10:16:43.976,11.8400,100
37004977240921,10:16:44.977,11.8300,100
37004977240921,10:16:44.977,11.8300,100
37005978199586,10:16:45.978,11.8300,100
37005978234800,10:16:45.978,11.8300,100
37017882017780,10:16:57.882,11.8300,100
37017882049253,10:16:57.882,11.8300,200
37017882049253,10:16:57.882,11.8300,200
37018349067260,10:16:58.349,11.8200,100
37018883012217,10:16:58.883,11.8200,1
37018883012217,10:16:58.883,11.8300,199
37038748450800,10:17:18.748,11.8100,100
37050760871956,10:17:30.760,11.8100,100
37050760879108,10:17:30.760,11.8100,49
37050760898719,10:17:30.760,11.8100,151
37064568538497,10:17:44.568,11.7900,200
37064568721632,10:17:44.568,11.7900,200
37064568721632,10:17:44.568,11.7900,200
37073975110407,10:17:53.975,11.7900,100
37073975110407,10:17:53.975,11.7900,100
37073978113701,10:17:53.978,11.7900,100
37074512855748,10:17:54.512,11.7900,100
37074512855748,10:17:54.512,11.7900,100
37074513033591,10:17:54.513,11.7900,100
37074513033591,10:17:54.513,11.7900,100
37076492453917,10:17:56.492,11.7800,100
37076498234955,10:17:56.498,11.7800,130
37082341555893,10:18:02.341,11.7800,100
37083270505190,10:18:03.270,11.7700,100
37086538823902,10:18:06.538,11.7600,100
37086540435556,10:18:06.540,11.7600,100
37087491688864,10:18:07.491,11.7500,400
37087491688864,10:18:07.491,11.7500,100
37087491688864,10:18:07.491,11.7500,100
37087491688864,10:18:07.491,11.7500,100
37087491688864,10:18:07.491,11.7500,100
37087492757337,10:18:07.492,11.7500,100
37087492757337,10:18:07.492,11.7500,100
37087492818367,10:18:07.492,11.7500,100
37099732242733,10:18:19.732,11.7600,70
37113506091073,10:18:33.506,11.7600,30
37113506091073,10:18:33.506,11.7600,100
37113506091073,10:18:33.506,11.7600,100
37113506091073,10:18:33.506,11.7600,70
37115032897624,10:18:35.032,11.7700,100
37115032897624,10:18:35.032,11.7700,100
37121350117249,10:18:41.350,11.7700,100
37121350117249,10:18:41.350,11.7700,100
37121350117249,10:18:41.350,11.7700,100
37137141622956,10:18:57.141,11.7400,8
37142852864488,10:19:02.852,11.7400,100
37142852864488,10:19:02.852,11.7400,200
37142853361455,10:19:02.853,11.7400,100
37142853361455,10:19:02.853,11.7400,100
37142853361455,10:19:02.853,11.7400,292
37143853837996,10:19:03.853,11.7400,100
37143853837996,10:19:03.853,11.7400,100
37145222521506,10:19:05.222,11.7400,100
37149709003038,10:19:09.709,11.7500,100
37149709003038,10:19:09.709,11.7500,100
37149709003038,10:19:09.709,11.7500,100
37149709393198,10:19:09.709,11.7500,100
37168474705460,10:19:28.474,11.7500,100
37174933710285,10:19:34.933,11.7500,100
37174933729714,10:19:34.933,11.7500,96
37181410816301,10:19:41.410,11.7500,200
37187518953790,10:19:47.518,11.7500,100
37187518958210,10:19:47.518,11.7500,96
37187518983462,10:19:47.518,11.7500,4
37188520195799,10:19:48.520,11.7500,100
37188520195799,10:19:48.520,11.7500,100
37188520195799,10:19:48.520,11.7500,100
37197699562727,10:19:57.699,11.7600,100
37197699573952,10:19:57.699,11.7600,100
37197699588286,10:19:57.699,11.7600,7
37222369857507,10:20:22.369,11.7800,200
37222369857507,10:20:22.369,11.7800,100
37234156581305,10:20:34.156,11.7900,100
37234156581305,10:20:34.156,11.7900,100
37234156581305,10:20:34.156,11.7900,100
37248928407779,10:20:48.928,11.8000,100
37263369304889,10:21:03.369,11.8000,100
37263369304889,10:21:03.369,11.8000,100
37270798103628,10:21:10.798,11.7900,100
37270798103628,10:21:10.798,11.7900,100
37270798227888,10:21:10.798,11.7900,200
37270798311201,10:21:10.798,11.7900,100
37270798311201,10:21:10.798,11.7900,100
37270798371035,10:21:10.798,11.7900,100
37270798371035,10:21:10.798,11.7900,100
37270800298760,10:21:10.800,11.7800,1
37271799879768,10:21:11.799,11.7900,10
37271799879768,10:21:11.799,11.7900,100
37271799879768,10:21:11.799,11.7900,190
37280830002980,10:21:20.830,11.8000,100
37280987137635,10:21:20.987,11.8000,100
37290849298087,10:21:30.849,11.8100,100
37290849575574,10:21:30.849,11.8100,199
37290849582927,10:21:30.849,11.8100,101
37290849582927,10:21:30.849,11.8100,61
37290849605600,10:21:30.849,11.8100,39
37309715552570,10:21:49.715,11.8200,100
37315536232805,10:21:55.536,11.8200,100
37319998736731,10:21:59.998,11.8200,400
37319998736731,10:21:59.998,11.8200,100
37319998736731,10:21:59.998,11.8200,100
37319998736731,10:21:59.998,11.8200,100
37329598871991,10:22:09.598,11.8200,200
37329600345015,10:22:09.600,11.8200,100
37334875440097,10:22:14.875,11.8300,100
37334875440097,10:22:14.875,11.8300,100
37334897468367,10:22:14.897,11.8400,200
37334897468367,10:22:14.897,11.8400,100
37334897468367,10:22:14.897,11.8400,100
37345634835344,10:22:25.634,11.8300,100
37345634835344,10:22:25.634,11.8300,100
37345634835344,10:22:25.634,11.8300,100
37357324795626,10:22:37.324,11.8200,100
37357324795626,10:22:37.324,11.8200,100
37357324795626,10:22:37.324,11.8200,143
37357324795626,10:22:37.324,11.8200,92
37357325862062,10:22:37.325,11.8200,100
37362158054295,10:22:42.158,11.8200,100
37362158062030,10:22:42.158,11.8200,100
37362158115864,10:22:42.158,11.8200,100
37363063215449,10:22:43.063,11.8100,200
37363063258141,10:22:43.063,11.8100,200
37369970225373,10:22:49.970,11.8000,200
37392997922592,10:23:12.997,11.8000,100
37392997922592,10:23:12.997,11.8000,100
37396003243369,10:23:16.003,11.7900,100
37396003810621,10:23:16.003,11.7900,94
37396003898042,10:23:16.003,11.7900,6
37396003911210,10:23:16.003,11.7900,6
37396003940935,10:23:16.003,11.7900,94
37412498067482,10:23:32.498,11.7900,100
37435081349268,10:23:55.081,11.7900,1
37435994823175,10:23:55.994,11.8000,100
37435994823175,10:23:55.994,11.8000,100
37441399371652,10:24:01.399,11.8100,100
37468576277083,10:24:28.576,11.8100,100
37468577049677,10:24:28.577,11.8100,100
37468577102565,10:24:28.577,11.8100,100
37468577152882,10:24:28.577,11.8100,100
37468578171406,10:24:28.578,11.8100,100
37469998012075,10:24:29.998,11.8150,1
37469998012075,10:24:29.998,11.8200,100
37469998012075,10:24:29.998,11.8200,99
37469998159631,10:24:29.998,11.8200,1
37469998159631,10:24:29.998,11.8200,100
37469998159631,10:24:29.998,11.8200,100
37469998192381,10:24:29.998,11.8200,100
37489996458484,10:24:49.996,11.8300,100
37489996502794,10:24:49.996,11.8300,100
37493288570331,10:24:53.288,11.8300,300
37493288570331,10:24:53.288,11.8300,100
37493288570331,10:24:53.288,11.8300,100
37493288570331,10:24:53.288,11.8300,100
37493288570331,10:24:53.288,11.8300,100
37493288570331,10:24:53.288,11.8300,100
37493288589447,10:24:53.288,11.8300,100
37505511592575,10:25:05.511,11.8400,100
37505511592575,10:25:05.511,11.8400,100
37510146262820,10:25:10.146,11.8500,100
37510146324189,10:25:10.146,11.8500,100
37510146438874,10:25:10.146,11.8500,100
37512202346730,10:25:12.202,11.8500,100
37512202346730,10:25:12.202,11.8500,100
37512202346730,10:25:12.202,11.8500,100
37512202346730,10:25:12.202,11.8500,100
37520146664543,10:25:20.146,11.8500,200
37520146664543,10:25:20.146,11.8500,100
37525010681436,10:25:25.010,11.8500,100
37557462250038,10:25:57.462,11.8600,100
37557462250038,10:25:57.462,11.8600,100
37557462281031,10:25:57.462,11.8600,1
37571600903442,10:26:11.600,11.8600,84
37571600931319,10:26:11.600,11.8600,16
37574150942671,10:26:14.150,11.8500,100
37595486372334,10:26:35.486,11.8500,100
37612727449511,10:26:52.727,11.8300,1
37654078508597,10:27:34.078,11.8400,100
37654078508597,10:27:34.078,11.8400,100
37654078508597,10:27:34.078,11.8400,100
37654078508597,10:27:34.078,11.8400,100
37671790159004,10:27:51.790,11.8300,100
37674890354038,10:27:54.890,11.8200,34
37674890382748,10:27:54.890,11.8200,66
37704967095397,10:28:24.967,11.8100,100
37721567724895,10:28:41.567,11.8000,100
37728401716842,10:28:48.401,11.8000,100
37728401716842,10:28:48.401,11.8000,100
37777090724803,10:29:37.090,11.8150,1
37777090724803,10:29:37.090,11.8150,1
37777090724803,10:29:37.090,11.8150,1
37777090724803,10:29:37.090,11.8150,1
37777090724803,10:29:37.090,11.8200,100
37777090724803,10:29:37.090,11.8200,100
37777090724803,10:29:37.090,11.8200,100
37777090724803,10:29:37.090,11.8200,8
37777090764963,10:29:37.090,11.8200,4
37795211141103,10:29:55.211,11.8100,100
37795211371697,10:29:55.211,11.8100,100
37800069010325,10:30:00.069,11.8100,100
37800069124461,10:30:00.069,11.8100,13
37800069138013,10:30:00.069,11.8100,87
37800069242761,10:30:00.069,11.8100,6
37800069416830,10:30:00.069,11.8100,7
37800069416830,10:30:00.069,11.8100,74
37800070083632,10:30:00.070,11.8100,100
37800070083632,10:30:00.070,11.8100,100
37800070083632,10:30:00.070,11.8100,100
37800070083632,10:30:00.070,11.8100,100
37800070083632,10:30:00.070,11.8100,100
37800070210991,10:30:00.070,11.8100,100
37800070210991,10:30:00.070,11.8100,100
37800070210991,10:30:00.070,11.8100,100
37800082106203,10:30:00.082,11.8200,100
37800082106203,10:30:00.082,11.8200,100
37800082252303,10:30:00.082,11.8300,100
37800082252303,10:30:00.082,11.8300,100
37800082252303,10:30:00.082,11.8300,100
37800084487020,10:30:00.084,11.8300,100
37800084487020,10:30:00.084,11.8300,100
37800093054991,10:30:00.093,11.8400,100
37800093054991,10:30:00.093,11.8400,100
37800093054991,10:30:00.093,11.8400,180
37800099037343,10:30:00.099,11.8400,20
37800099037343,10:30:00.099,11.8400,300
37800099037343,10:30:00.099,11.8400,100
37800099037343,10:30:00.099,11.8400,100
37800099129267,10:30:00.099,11.8400,100
37800099166287,10:30:00.099,11.8400,100
37800099166287,10:30:00.099,11.8400,100
37800099208678,10:30:00.099,11.8400,100
37800101942226,10:30:00.101,11.8400,100
37800101942226,10:30:00.101,11.8400,100
37800104560661,10:30:00.104,11.8400,200
37800104592347,10:30:00.104,11.8400,100
37800107455057,10:30:00.107,11.8300,100
37800107455057,10:30:00.107,11.8300,100
37800110068830,10:30:00.110,11.8500,46
37800114969346,10:30:00.114,11.8400,100
37800115025912,10:30:00.115,11.8400,100
37800115025912,10:30:00.115,11.8400,100
37800115056276,10:30:00.115,11.8400,100
37800115056276,10:30:00.115,11.8400,200
37800115056276,10:30:00.115,11.8400,100
37800125190889,10:30:00.125,11.8400,100
37800125190889,10:30:00.125,11.8400,69
37800131167472,10:30:00.131,11.8500,17
37800133511896,10:30:00.133,11.8500,162
37800200745451,10:30:00.200,11.8500,13
37800608364023,10:30:00.608,11.8500,25
37800609931564,10:30:00.609,11.8600,52
37800664164943,10:30:00.664,11.8500,3
37804069684547,10:30:04.069,11.8700,200
37804069757241,10:30:04.069,11.8700,100
37804516106520,10:30:04.516,11.8700,100
37805058186505,10:30:05.058,11.8700,100
37807022569469,10:30:07.022,11.8700,100
37807023183669,10:30:07.023,11.8700,100
37807023183669,10:30:07.023,11.8700,100
37816778894252,10:30:16.778,11.8600,100
37816778903232,10:30:16.778,11.8600,100
37816778919788,10:30:16.778,11.8600,400
37816778919788,10:30:16.778,11.8600,100
37816778919788,10:30:16.778,11.8600,100
37816778919788,10:30:16.778,11.8600,100
37816780888193,10:30:16.780,11.8500,100
37816781254509,10:30:16.781,11.8500,100
37829300697968,10:30:29.300,11.8500,3
37829300697968,10:30:29.300,11.8500,100
37829300697968,10:30:29.300,11.8500,100
37829300697968,10:30:29.300,11.8500,100
37829300697968,10:30:29.300,11.8500,100
37829300855939,10:30:29.300,11.8500,100
37829300855939,10:30:29.300,11.8500,100
37829300855939,10:30:29.300,11.8500,100
37829300855939,10:30:29.300,11.8500,100
37829301712634,10:30:29.301,11.8500,100
37832280111683,10:30:32.280,11.8600,300
37832280111683,10:30:32.280,11.8600,100
37832280111683,10:30:32.280,11.8600,100
37832412405554,10:30:32.412,11.8600,100
37832412405554,10:30:32.412,11.8600,100
37832412405554,10:30:32.412,11.8600,300
37833038909668,10:30:33.038,11.8600,100
37842418803020,10:30:42.418,11.8700,100
37842418803020,10:30:42.418,11.8700,65
37842418803020,10:30:42.418,11.8700,14
37845291169672,10:30:45.291,11.8800,100
37845291169672,10:30:45.291,11.8800,100
37845291169672,10:30:45.291,11.8800,14
37847867205975,10:30:47.867,11.8900,100
37855578583798,10:30:55.578,11.9000,200
37855578583798,10:30:55.578,11.9000,100
37855691775150,10:30:55.691,11.9000,100
37855804609633,10:30:55.804,11.9000,100
37855804609633,10:30:55.804,11.9000,200
37871768139986,10:31:11.768,11.9000,8
37871768509040,10:31:11.768,11.9000,92
37871768509040,10:31:11.768,11.9000,8
37871768676531,10:31:11.768,11.9000,92
37871768676531,10:31:11.768,11.9000,8
37871768721524,10:31:11.768,11.9000,92
37882322216047,10:31:22.322,11.9100,100
37882322216047,10:31:22.322,11.9100,200
37882322278068,10:31:22.322,11.9100,99
37892027816673,10:31:32.027,11.9200,136
37892027820409,10:31:32.027,11.9200,364
37892027820409,10:31:32.027,11.9200,100
37892027820409,10:31:32.027,11.9200,100
37903164626346,10:31:43.164,11.9300,100
37903164626346,10:31:43.164,11.9300,100
37924364826749,10:32:04.364,11.9100,100
37924364826749,10:32:04.364,11.9100,100
37924364826749,10:32:04.364,11.9100,100
37925365882831,10:32:05.365,11.9100,100
37930955122757,10:32:10.955,11.9000,100
37930955122757,10:32:10.955,11.9000,100
37930955122757,10:32:10.955,11.9000,100
37943876453018,10:32:23.876,11.9000,100
37943876453018,10:32:23.876,11.9000,100
37954062892732,10:32:34.062,11.9100,100
37954062903873,10:32:34.062,11.9100,100
37954062921759,10:32:34.062,11.9100,106
37977848839644,10:32:57.848,11.9200,100
37994673032217,10:33:14.673,11.9200,100
37994789629138,10:33:14.789,11.9200,100
37994789629138,10:33:14.789,11.9200,100
37994789629138,10:33:14.789,11.9200,100
37996044681972,10:33:16.044,11.9200,29
37998273328208,10:33:18.273,11.9100,100
37998476987392,10:33:18.476,11.9000,100
37998773462736,10:33:18.773,11.9000,100
37998773462736,10:33:18.773,11.9000,100
38017017201177,10:33:37.017,11.9000,100
38017017201177,10:33:37.017,11.9000,69
38017017207973,10:33:37.017,11.9000,131
38023726403688,10:33:43.726,11.9100,100
38023726417693,10:33:43.726,11.9100,100
38023726462031,10:33:43.726,11.9100,100
38023726564979,10:33:43.726,11.9100,100
38023726639774,10:33:43.726,11.9100,100
38023726639774,10:33:43.726,11.9100,100
38023726639774,10:33:43.726,11.9100,100
38034221446112,10:33:54.221,11.9100,100
38045719091156,10:34:05.719,11.9150,1
38045719091156,10:34:05.719,11.9200,100
38045719091156,10:34:05.719,11.9200,99
38045719202997,10:34:05.719,11.9200,1
38048031171912,10:34:08.031,11.9150,1
38048031171912,10:34:08.031,11.9150,1
38048031171912,10:34:08.031,11.9200,100
38048031171912,10:34:08.031,11.9200,98
38063446829155,10:34:23.446,11.9100,100
38063448583150,10:34:23.448,11.9100,100
38075085582882,10:34:35.085,11.9100,100
38075085582882,10:34:35.085,11.9100,100
38105323088725,10:35:05.323,11.9100,48
38111775525581,10:35:11.775,11.9150,1
38111775525581,10:35:11.775,11.9150,1
38111775525581,10:35:11.775,11.9200,100
38111775525581,10:35:11.775,11.9200,98
38111775647066,10:35:11.775,11.9200,2
38126688661025,10:35:26.688,11.9200,100
38126688750445,10:35:26.688,11.9200,86
38127050964459,10:35:27.050,11.9300,100
38136763695640,10:35:36.763,11.9400,100
38136763731515,10:35:36.763,11.9400,100
38136763731515,10:35:36.763,11.9400,100
38136767240304,10:35:36.767,11.9500,91
38136784556507,10:35:36.784,11.9500,9
38140033918199,10:35:40.033,11.9500,100
38158279770737,10:35:58.279,11.9500,100
38160199394881,10:36:00.199,11.9500,100
38160199401470,10:36:00.199,11.9500,100
38160199425239,10:36:00.199,11.9500,100
38160205149059,10:36:00.205,11.9500,100
38160205169043,10:36:00.205,11.9500,100
38160205207274,10:36:00.205,11.9500,100
38160205262428,10:36:00.205,11.9500,114
38160205766869,10:36:00.205,11.9500,100
38171991564493,10:36:11.991,11.9450,1
38171991564493,10:36:11.991,11.9450,1
38171991564493,10:36:11.991,11.9450,1
38184045532000,10:36:24.045,11.9600,100
38184045532000,10:36:24.045,11.9600,100
38184045532000,10:36:24.045,11.9600,100
38184045570654,10:36:24.045,11.9600,100
38184045603116,10:36:24.045,11.9600,100
38184045604497,10:36:24.045,11.9600,100
38184046306723,10:36:24.046,11.9600,100
38185727622649,10:36:25.727,11.9600,100
38185727622649,10:36:25.727,11.9600,100
38188688426205,10:36:28.688,11.9500,100
38238142975682,10:37:18.142,11.9500,200
38238142975682,10:37:18.142,11.9500,100
38238142975682,10:37:18.142,11.9500,100
38238142975682,10:37:18.142,11.9500,200
38238143012639,10:37:18.143,11.9500,200
38238143020710,10:37:18.143,11.9500,5
38239144004194,10:37:19.144,11.9500,100
38239144004194,10:37:19.144,11.9500,100
38239257370337,10:37:19.257,11.9500,100
38240953492704,10:37:20.953,11.9350,1
38240953492704,10:37:20.953,11.9350,1
38242617026981,10:37:22.617,11.9350,100
38250489108258,10:37:30.489,11.9300,100
38250760397987,10:37:30.760,11.9300,69
38250760422497,10:37:30.760,11.9300,131
38251761388161,10:37:31.761,11.9300,100
38251761388161,10:37:31.761,11.9300,100
38258081736784,10:37:38.081,11.9200,42
38258082118143,10:37:38.082,11.9200,58
38258229718533,10:37:38.229,11.9100,100
38263187756945,10:37:43.187,11.9100,38
38263187756945,10:37:43.187,11.9100,100
38263207505575,10:37:43.207,11.9200,200
38273048908722,10:37:53.048,11.9200,100
38282596437921,10:38:02.596,11.9200,100
38282596461814,10:38:02.596,11.9200,100
38282596463324,10:38:02.596,11.9200,300
38282596463324,10:38:02.596,11.9200,100
38284082993883,10:38:04.082,11.9300,100
38289920682741,10:38:09.920,11.9400,200
38289933733916,10:38:09.933,11.9500,100
38290085244538,10:38:10.085,11.9500,100
38291039678682,10:38:11.039,11.9500,100
38306190970402,10:38:26.190,11.9400,100
38323024011061,10:38:43.024,11.9400,100
38323024037211,10:38:43.024,11.9400,300
38324024998727,10:38:44.024,11.9400,100
38324024998727,10:38:44.024,11.9400,100
38324024998727,10:38:44.024,11.9400,100
38336300343071,10:38:56.300,11.9400,100
38336300343071,10:38:56.300,11.9400,100
38341001135769,10:39:01.001,11.9400,10
38341001164949,10:39:01.001,11.9400,90
38341001164949,10:39:01.001,11.9400,100
38341001164949,10:39:01.001,11.9400,100
38341001164949,10:39:01.001,11.9400,100
38341001164949,10:39:01.001,11.9400,100
38341501256993,10:39:01.501,11.9500,59
38341501283098,10:39:01.501,11.9500,141
38341501283098,10:39:01.501,11.9500,28
38341501284859,10:39:01.501,11.9500,72
38341501284859,10:39:01.501,11.9500,100
38341501284859,10:39:01.501,11.9500,100
38351688953456,10:39:11.688,11.9500,600
38351688953456,10:39:11.688,11.9500,100
38351688953456,10:39:11.688,11.9500,300
38351688953456,10:39:11.688,11.9500,100
38352689918276,10:39:12.689,11.9500,100
38352689918276,10:39:12.689,11.9500,100
38358134214051,10:39:18.134,11.9500,205
38358134734792,10:39:18.134,11.9400,1
38358134800598,10:39:18.134,11.9400,33
38358134828685,10:39:18.134,11.9400,190
38358134858015,10:39:18.134,11.9400,16
38371283107085,10:39:31.283,11.9450,1
38371283107085,10:39:31.283,11.9450,1
38371283107085,10:39:31.283,11.9500,100
38371283107085,10:39:31.283,11.9500,98
38371283139782,10:39:31.283,11.9500,2
38410637249202,10:40:10.637,11.9500,68
38410637281305,10:40:10.637,11.9500,432
38410637281305,10:40:10.637,11.9500,100
38410637281305,10:40:10.637,11.9500,300
38411638899824,10:40:11.638,11.9500,200
38423594634094,10:40:23.594,11.9500,100
38423594661318,10:40:23.594,11.9500,300
38423594661318,10:40:23.594,11.9500,100
38423594661318,10:40:23.594,11.9500,100
38434897590125,10:40:34.897,11.9500,40
38434898030144,10:40:34.898,11.9500,100
38434898030144,10:40:34.898,11.9500,100
38438262284346,10:40:38.262,11.9500,100
38468567417423,10:41:08.567,11.9500,100
38468567429281,10:41:08.567,11.9500,100
38468568054538,10:41:08.568,11.9500,200
38468568054538,10:41:08.568,11.9500,100
38469569669853,10:41:09.569,11.9500,100
38469569669853,10:41:09.569,11.9500,100
38469569669853,10:41:09.569,11.9500,100
38469569669853,10:41:09.569,11.9500,100
38469569701388,10:41:09.569,11.9500,100
38469569701388,10:41:09.569,11.9500,100
38469569701388,10:41:09.569,11.9500,100
38469569701388,10:41:09.569,11.9500,200
38469569701388,10:41:09.569,11.9500,100
38469569701388,10:41:09.569,11.9500,100
38469569701388,10:41:09.569,11.9500,80
38469570304468,10:41:09.570,11.9500,100
38469570367283,10:41:09.570,11.9500,100
38469570902814,10:41:09.570,11.9500,100
38473050942944,10:41:13.050,11.9500,100
38473050942944,10:41:13.050,11.9500,100
38473051256399,10:41:13.051,11.9500,100
38473051460047,10:41:13.051,11.9500,100
38473051460047,10:41:13.051,11.9500,100
38473051460047,10:41:13.051,11.9500,200
38473051460047,10:41:13.051,11.9500,100
38473051460047,10:41:13.051,11.9500,200
38473051460047,10:41:13.051,11.9500,100
38489845074229,10:41:29.845,11.9500,100
38522050346768,10:42:02.050,11.9600,100
38522050346768,10:42:02.050,11.9600,100
38522050346768,10:42:02.050,11.9600,100
38522050346768,10:42:02.050,11.9600,100
38522050346768,10:42:02.050,11.9600,100
38522050346768,10:42:02.050,11.9600,100
38522050346768,10:42:02.050,11.9600,100
38522050346768,10:42:02.050,11.9600,100
38522050346768,10:42:02.050,11.9600,100
38522050346768,10:42:02.050,11.9600,100
38522050346768,10:42:02.050,11.9600,100
38522050378458,10:42:02.050,11.9600,15
38522050378458,10:42:02.050,11.9600,100
38522050444696,10:42:02.050,11.9600,200
38522050490325,10:42:02.050,11.9600,200
38522050549762,10:42:02.050,11.9600,200
38533315619250,10:42:13.315,11.9600,100
38533315619250,10:42:13.315,11.9600,100
38533315619250,10:42:13.315,11.9600,200
38533315619250,10:42:13.315,11.9600,100
38533316578215,10:42:13.316,11.9600,100
38542319901342,10:42:22.319,11.9600,100
38557547708802,10:42:37.547,11.9600,100
38558227007863,10:42:38.227,11.9600,100
38587572811921,10:43:07.572,11.9600,100
38591122953873,10:43:11.122,11.9600,29
38600006926487,10:43:20.006,11.9500,200
38605693126106,10:43:25.693,11.9500,100
38605693144075,10:43:25.693,11.9500,100
38605693647350,10:43:25.693,11.9500,100
38605693647350,10:43:25.693,11.9500,100
38605694534361,10:43:25.694,11.9500,100
38605694534361,10:43:25.694,11.9500,100
38605694534361,10:43:25.694,11.9500,100
38605694534361,10:43:25.694,11.9500,100
38605694534361,10:43:25.694,11.9500,100
38605694534361,10:43:25.694,11.9500,100
38647902303491,10:44:07.902,11.9500,8
38647902303491,10:44:07.902,11.9500,100
38647902303491,10:44:07.902,11.9500,900
38647902303491,10:44:07.902,11.9500,100
38647902303491,10:44:07.902,11.9500,92
38647902365514,10:44:07.902,11.9500,8
38647902365514,10:44:07.902,11.9500,12
38653936130249,10:44:13.936,11.9600,100
38656384123911,10:44:16.384,11.9600,100
38656384123911,10:44:16.384,11.9600,100
38656384211627,10:44:16.384,11.9600,100
38656384211627,10:44:16.384,11.9600,200
38656418894079,10:44:16.418,11.9600,100
38682962608431,10:44:42.962,11.9600,100
38682962629339,10:44:42.962,11.9600,100
38705011715355,10:45:05.011,11.9700,100
38705011715355,10:45:05.011,11.9700,200
38705011715355,10:45:05.011,11.9700,100
38705011715355,10:45:05.011,11.9700,100
38705011715355,10:45:05.011,11.9700,100
38705011715355,10:45:05.011,11.9700,100
38705011715355,10:45:05.011,11.9700,100
38713486883264,10:45:13.486,11.9700,100
38718554001877,10:45:18.554,11.9600,100
38718554001877,10:45:18.554,11.9600,100
38721302779070,10:45:21.302,11.9700,100
38721302779070,10:45:21.302,11.9700,100
38721821758524,10:45:21.821,11.9700,4
38734527750627,10:45:34.527,11.9700,100
38734527750627,10:45:34.527,11.9700,100
38734527750627,10:45:34.527,11.9700,100
38743601570198,10:45:43.601,11.9700,100
38743601577630,10:45:43.601,11.9700,41
38743601600173,10:45:43.601,11.9700,359
38743601600173,10:45:43.601,11.9700,100
38743601600173,10:45:43.601,11.9700,100
38743609212109,10:45:43.609,11.9800,100
38743609212109,10:45:43.609,11.9800,187
38743609212109,10:45:43.609,11.9800,200
38743609325558,10:45:43.609,11.9800,93
38743609407481,10:45:43.609,11.9800,93
38743609461265,10:45:43.609,11.9800,7
38748367412715,10:45:48.367,11.9800,100
38748367412715,10:45:48.367,11.9800,100
38748367412715,10:45:48.367,11.9800,100
38770998302339,10:46:10.998,11.9800,500
38770998302339,10:46:10.998,11.9800,100
38770998302339,10:46:10.998,11.9800,100
38770998302339,10:46:10.998,11.9800,100
38771001674746,10:46:11.001,11.9800,67
38796865070861,10:46:36.865,11.9800,100
38796865070861,10:46:36.865,11.9800,100
38796865070861,10:46:36.865,11.9800,300
38796865070861,10:46:36.865,11.9800,100
38796865070861,10:46:36.865,11.9800,100
38796865172610,10:46:36.865,11.9800,100
38796865172610,10:46:36.865,11.9800,100
38796865172610,10:46:36.865,11.9800,100
38796865172610,10:46:36.865,11.9800,100
38796865363276,10:46:36.865,11.9800,100
38796865363276,10:46:36.865,11.9800,100
38796865363276,10:46:36.865,11.9800,100
38796868593231,10:46:36.868,11.9800,100
38796868593231,10:46:36.868,11.9800,100
38796868593231,10:46:36.868,11.9800,100
38796868593231,10:46:36.868,11.9800,400
38796869821735,10:46:36.869,11.9800,100
38808727780713,10:46:48.727,11.9800,100
38808727859563,10:46:48.727,11.9800,144
38808727935428,10:46:48.727,11.9800,56
38808729249202,10:46:48.729,11.9700,1
38824213874490,10:47:04.213,11.9700,100
38824213885141,10:47:04.213,11.9700,100
38824214145341,10:47:04.214,11.9700,45
38824214484543,10:47:04.214,11.9700,55
38824214484543,10:47:04.214,11.9700,100
38850422181375,10:47:30.422,11.9600,300
38850422181375,10:47:30.422,11.9600,100
38850422189037,10:47:30.422,11.9600,300
38850437695845,10:47:30.437,11.9500,200
38850437695845,10:47:30.437,11.9500,100
38861768753863,10:47:41.768,11.9300,100
38868420208323,10:47:48.420,11.9200,300
38868420208323,10:47:48.420,11.9200,100
38868420208323,10:47:48.420,11.9200,50
38873441549296,10:47:53.441,11.9100,100
38873441549296,10:47:53.441,11.9100,200
38877326994871,10:47:57.326,11.9100,43
38877394544473,10:47:57.394,11.9100,43
38877440981857,10:47:57.440,11.9100,74
38877542544931,10:47:57.542,11.9100,100
38877542544931,10:47:57.542,11.9100,100
38877942789244,10:47:57.942,11.9200,100
38887590596244,10:48:07.590,11.9200,21
38894602875639,10:48:14.602,11.9100,100
38899914686797,10:48:19.914,11.9100,128
38899914719272,10:48:19.914,11.9100,372
38929732615532,10:48:49.732,11.9000,100
38949147472773,10:49:09.147,11.8800,1
38949147473284,10:49:09.147,11.8800,1
38950566539416,10:49:10.566,11.8900,100
38960699970303,10:49:20.699,11.9000,100
38960699970303,10:49:20.699,11.9000,100
38960699970303,10:49:20.699,11.9000,100
38988476649898,10:49:48.476,11.9000,100
38988476786427,10:49:48.476,11.9000,100
38991459902603,10:49:51.459,11.8900,28
39000223791967,10:50:00.223,11.8900,100
39000223791967,10:50:00.223,11.8900,100
39011200949197,10:50:11.200,11.8800,100
39011200949197,10:50:11.200,11.8800,500
39011200949197,10:50:11.200,11.8800,100
39015598326248,10:50:15.598,11.8700,79
39015598350069,10:50:15.598,11.8700,21
39015621638607,10:50:15.621,11.8700,100
39015927159219,10:50:15.927,11.8700,200
39015927159219,10:50:15.927,11.8700,100
39015927159219,10:50:15.927,11.8700,100
39015927159219,10:50:15.927,11.8700,100
39015927159219,10:50:15.927,11.8700,100
39022672267795,10:50:22.672,11.8600,100
39022793418464,10:50:22.793,11.8600,400
39022795246284,10:50:22.795,11.8650,100
39022795246284,10:50:22.795,11.8600,700
39033479873700,10:50:33.479,11.8600,100
39042011995780,10:50:42.011,11.8600,100
39042012021487,10:50:42.012,11.8600,100
39050354051883,10:50:50.354,11.8600,67
39050354051883,10:50:50.354,11.8600,33
39050354064637,10:50:50.354,11.8600,67
39060833401755,10:51:00.833,11.8700,100
39063869982236,10:51:03.869,11.8800,100
39063869982236,10:51:03.869,11.8800,100
39068765233538,10:51:08.765,11.8850,1
39068765233538,10:51:08.765,11.8900,200
39068765233538,10:51:08.765,11.8900,99
39068765463287,10:51:08.765,11.8900,1
39068765463287,10:51:08.765,11.8900,100
39068884158390,10:51:08.884,11.8900,52
39068884158390,10:51:08.884,11.8900,100
39068884158390,10:51:08.884,11.8900,100
39069083676149,10:51:09.083,11.8850,100
39089884594399,10:51:29.884,11.8800,100
39089884594399,10:51:29.884,11.8800,100
39089884594399,10:51:29.884,11.8800,100
39089884594399,10:51:29.884,11.8800,100
39090550107029,10:51:30.550,11.8800,100
39090550134780,10:51:30.550,11.8800,100
39090550134780,10:51:30.550,11.8800,200
39090550134780,10:51:30.550,11.8800,100
39090550134780,10:51:30.550,11.8800,200
39090550134780,10:51:30.550,11.8800,100
39090550134780,10:51:30.550,11.8800,100
39090550134780,10:51:30.550,11.8800,100
39090550134780,10:51:30.550,11.8800,300
39091604463176,10:51:31.604,11.8700,100
39094485692604,10:51:34.485,11.8750,100
39098396497263,10:51:38.396,11.8700,100
39100403110644,10:51:40.403,11.8600,200
39100407707832,10:51:40.407,11.8600,100
39100407707832,10:51:40.407,11.8600,100
39108603232867,10:51:48.603,11.8500,100
39108603232867,10:51:48.603,11.8500,100
39111515470651,10:51:51.515,11.8400,3
39113300331662,10:51:53.300,11.8400,100
39118810393580,10:51:58.810,11.8300,100
39118814832997,10:51:58.814,11.8300,100
39118845179488,10:51:58.845,11.8300,200
39154587919236,10:52:34.587,11.8400,200
39154587919236,10:52:34.587,11.8400,100
39154587919236,10:52:34.587,11.8400,200
39154587919236,10:52:34.587,11.8400,100
39154587919236,10:52:34.587,11.8400,190
39154587919236,10:52:34.587,11.8400,110
39154589695833,10:52:34.589,11.8400,50
39167881125641,10:52:47.881,11.8300,100
39167892682985,10:52:47.892,11.8300,200
39187292792320,10:53:07.292,11.8200,100
39208232702379,10:53:28.232,11.8300,200
39208232702379,10:53:28.232,11.8300,100
39208232735962,10:53:28.232,11.8300,48
39243543209109,10:54:03.543,11.8400,100
39243543209109,10:54:03.543,11.8400,100
39250558774174,10:54:10.558,11.8400,100
39257300895547,10:54:17.300,11.8400,100
39257300895547,10:54:17.300,11.8400,100
39260350950678,10:54:20.350,11.8500,100
39260350992700,10:54:20.350,11.8500,100
39260351154742,10:54:20.351,11.8500,100
39282007446133,10:54:42.007,11.8550,1
39282007446133,10:54:42.007,11.8550,1
39282007446133,10:54:42.007,11.8550,1
39282007446133,10:54:42.007,11.8600,200
39282007446133,10:54:42.007,11.8600,35
39282007458336,10:54:42.007,11.8600,62
39282007480101,10:54:42.007,11.8600,3
39291616342949,10:54:51.616,11.8600,100
39291616342949,10:54:51.616,11.8600,36
39303036155091,10:55:03.036,11.8700,200
39303036155091,10:55:03.036,11.8700,100
39303036998968,10:55:03.036,11.8700,100
39315210546528,10:55:15.210,11.8800,100
39315210779392,10:55:15.210,11.8800,28
39315210790036,10:55:15.210,11.8800,72
39315210790036,10:55:15.210,11.8800,96
39315210839982,10:55:15.210,11.8800,4
39315225884746,10:55:15.225,11.8900,100
39315225884746,10:55:15.225,11.8900,300
39315225884746,10:55:15.225,11.8900,100
39315226035156,10:55:15.226,11.8900,100
39315226322753,10:55:15.226,11.8900,68
39336297421041,10:55:36.297,11.9000,200
39341975538159,10:55:41.975,11.9100,100
39349595904138,10:55:49.595,11.9100,92
39349596228455,10:55:49.596,11.9100,109
39349596228455,10:55:49.596,11.9100,100
39353772986550,10:55:53.772,11.9000,80
39353773058387,10:55:53.773,11.9000,80
39353773135356,10:55:53.773,11.9000,80
39353773218529,10:55:53.773,11.9000,80
39353773283583,10:55:53.773,11.9000,80
39353773341130,10:55:53.773,11.9000,80
39353773387354,10:55:53.773,11.9000,20
39354506782099,10:55:54.506,11.8900,1
39354506783430,10:55:54.506,11.8900,1
39354506783910,10:55:54.506,11.8900,1
39354774204540,10:55:54.774,11.9000,100
39396731165349,10:56:36.731,11.9100,100
39396731165349,10:56:36.731,11.9100,100
39396731165349,10:56:36.731,11.9100,100
39423249477227,10:57:03.249,11.9200,100
39423249477227,10:57:03.249,11.9200,100
39423249477227,10:57:03.249,11.9200,23
39423249477227,10:57:03.249,11.9200,121
39423249477227,10:57:03.249,11.9200,100
39435745424655,10:57:15.745,11.9300,100
39435745424655,10:57:15.745,11.9300,100
39456055609807,10:57:36.055,11.9350,578
39456055906910,10:57:36.055,11.9350,322
39456055906910,10:57:36.055,11.9300,156
39456057755658,10:57:36.057,11.9300,6
39456057755658,10:57:36.057,11.9300,100
39456057755658,10:57:36.057,11.9300,100
39456066564135,10:57:36.066,11.9300,300
39456066564135,10:57:36.066,11.9300,100
39456066564135,10:57:36.066,11.9300,100
39456066564135,10:57:36.066,11.9300,100
39456066564135,10:57:36.066,11.9300,100
39456066564135,10:57:36.066,11.9300,100
39461600578777,10:57:41.600,11.9300,100
39461600578777,10:57:41.600,11.9300,600
39462674131673,10:57:42.674,11.9300,100
39462674640730,10:57:42.674,11.9300,400
39466618546610,10:57:46.618,11.9200,100
39466618601098,10:57:46.618,11.9250,500
39466618601098,10:57:46.618,11.9200,37
39467063576697,10:57:47.063,11.9200,1563
39467064158082,10:57:47.064,11.9100,1
39467064160042,10:57:47.064,11.9100,1
39467064161742,10:57:47.064,11.9100,1
39467356101892,10:57:47.356,11.9100,100
39467356101892,10:57:47.356,11.9100,200
39467876073598,10:57:47.876,11.9100,100
39468647751615,10:57:48.647,11.9100,99
39469649495273,10:57:49.649,11.9200,100
39472835082144,10:57:52.835,11.9200,100
39473875591177,10:57:53.875,11.9200,300
39474816739839,10:57:54.816,11.9100,100
39476459236648,10:57:56.459,11.9100,300
39476459783998,10:57:56.459,11.9100,100
39476459783998,10:57:56.459,11.9100,100
39476464280244,10:57:56.464,11.9100,2
39477799300982,10:57:57.799,11.9200,100
39480115872222,10:58:00.115,11.9200,100
39480115872222,10:58:00.115,11.9200,100
39480116456584,10:58:00.116,11.9200,100
39480116514488,10:58:00.116,11.9200,100
39480116614396,10:58:00.116,11.9200,100
39480438831206,10:58:00.438,11.9300,100
39480438831206,10:58:00.438,11.9300,100
39480438831206,10:58:00.438,11.9300,100
39480438831206,10:58:00.438,11.9300,152
39480439239974,10:58:00.439,11.9300,42
39480439239974,10:58:00.439,11.9300,100
39480439239974,10:58:00.439,11.9300,58
39480461228255,10:58:00.461,11.9300,200
39501708267361,10:58:21.708,11.9300,200
39501708267361,10:58:21.708,11.9300,100
39530683763718,10:58:50.683,11.9100,65
39530711693716,10:58:50.711,11.9100,15
39533764205103,10:58:53.764,11.9200,100
39533764205103,10:58:53.764,11.9200,100
39569189817396,10:59:29.189,11.9100,300
39569190509187,10:59:29.190,11.9100,20
39569190509187,10:59:29.190,11.9100,100
39569190509187,10:59:29.190,11.9100,200
39601915142031,11:00:01.915,11.9100,100
39601915167934,11:00:01.915,11.9100,100
39610086566907,11:00:10.086,11.9100,100
39612452274540,11:00:12.452,11.9000,100
39612452274540,11:00:12.452,11.9000,100
39612452274540,11:00:12.452,11.9000,100
39612452274540,11:00:12.452,11.9000,100
39612704994591,11:00:12.704,11.9000,100
39617185179725,11:00:17.185,11.9100,100
39619020483426,11:00:19.020,11.9200,100
39619020483426,11:00:19.020,11.9200,100
39619020483426,11:00:19.020,11.9200,100
39619020483426,11:00:19.020,11.9200,100
39619020483426,11:00:19.020,11.9200,100
39619020483426,11:00:19.020,11.9200,200
39619020483426,11:00:19.020,11.9200,100
39619020483426,11:00:19.020,11.9200,100
39636019439995,11:00:36.019,11.9300,100
39636019439995,11:00:36.019,11.9300,8
39636019439995,11:00:36.019,11.9300,200
39636019439995,11:00:36.019,11.9300,92
39636019469678,11:00:36.019,11.9300,8
39636020949063,11:00:36.020,11.9300,100
39636020949063,11:00:36.020,11.9300,200
39636020949063,11:00:36.020,11.9300,100
39648149757411,11:00:48.149,11.9300,100
39649779020873,11:00:49.779,11.9300,100
39651787028950,11:00:51.787,11.9200,100
39663396132198,11:01:03.396,11.9400,100
39663396132634,11:01:03.396,11.9400,100
39663396631349,11:01:03.396,11.9400,100
39663396631349,11:01:03.396,11.9400,100
39663396631349,11:01:03.396,11.9400,100
39663396631349,11:01:03.396,11.9400,100
39663489428830,11:01:03.489,11.9500,100
39663489428830,11:01:03.489,11.9500,146
39663496174402,11:01:03.496,11.9500,54
39666848883037,11:01:06.848,11.9400,100
39667351612057,11:01:07.351,11.9400,200
39667351612057,11:01:07.351,11.9400,100
39668166834492,11:01:08.166,11.9500,100
39668168388747,11:01:08.168,11.9500,38
39671995518913,11:01:11.995,11.9400,1
39684148943846,11:01:24.148,11.9500,100
39687919148508,11:01:27.919,11.9500,100
39694734207654,11:01:34.734,11.9400,100
39711839491945,11:01:51.839,11.9400,100
39711839491945,11:01:51.839,11.9400,100
39711839491945,11:01:51.839,11.9400,178
39711839491945,11:01:51.839,11.9400,100
39722367706526,11:02:02.367,11.9300,100
39722367717076,11:02:02.367,11.9300,100
39727000625704,11:02:07.000,11.9400,100
39727000625704,11:02:07.000,11.9400,100
39727000625704,11:02:07.000,11.9400,100
39727000625704,11:02:07.000,11.9400,100
39727000625704,11:02:07.000,11.9400,100
39744639367195,11:02:24.639,11.9400,100
39744639367195,11:02:24.639,11.9400,100
39745951005503,11:02:25.951,11.9400,100
39779692074187,11:02:59.692,11.9400,100
39779692208252,11:02:59.692,11.9400,100
39779692208252,11:02:59.692,11.9400,14
39779692259331,11:02:59.692,11.9400,86
39808372359733,11:03:28.372,11.9100,100
39808372359733,11:03:28.372,11.9100,100
39815000058990,11:03:35.000,11.9000,100
39815000058990,11:03:35.000,11.9000,900
39815000090722,11:03:35.000,11.9000,500
39815000090722,11:03:35.000,11.9000,100
39836279498980,11:03:56.279,11.9000,100
39836279498980,11:03:56.279,11.9000,100
39842234967642,11:04:02.234,11.9100,100
39842234967642,11:04:02.234,11.9100,100
39842234967642,11:04:02.234,11.9100,100
39847865426702,11:04:07.865,11.9150,1
39851592691693,11:04:11.592,11.9200,200
39851592934136,11:04:11.592,11.9200,100
39855622731635,11:04:15.622,11.9200,100
39870536106747,11:04:30.536,11.9150,1
39870536106747,11:04:30.536,11.9150,1
39870536106747,11:04:30.536,11.9150,1
39870536106747,11:04:30.536,11.9150,1
39870541847751,11:04:30.541,11.9200,100
39870541847751,11:04:30.541,11.9200,100
39870541847751,11:04:30.541,11.9200,100
39880998504909,11:04:40.998,11.9200,100
39880998504909,11:04:40.998,11.9200,100
39880998504909,11:04:40.998,11.9200,100
39880998504909,11:04:40.998,11.9200,100
39880998504909,11:04:40.998,11.9200,100
39884258994873,11:04:44.258,11.9300,161
39884259076397,11:04:44.259,11.9300,39
39884259076397,11:04:44.259,11.9300,100
39888676937739,11:04:48.676,11.9200,100
39901011932424,11:05:01.011,11.9200,14
39901491963404,11:05:01.491,11.9200,100
39901491963404,11:05:01.491,11.9200,100
39920127414588,11:05:20.127,11.9200,300
39920127414588,11:05:20.127,11.9200,100
39929497877635,11:05:29.497,11.9100,100
39929497877635,11:05:29.497,11.9100,100
39932877976860,11:05:32.877,11.9100,100
39932877976860,11:05:32.877,11.9100,100
39932877976860,11:05:32.877,11.9100,100
39934146215960,11:05:34.146,11.9200,100
39934146215960,11:05:34.146,11.9200,100
39934146215960,11:05:34.146,11.9200,100
39944271503141,11:05:44.271,11.9200,100
39947209613279,11:05:47.209,11.9100,100
39947209613279,11:05:47.209,11.9100,100
39949516401167,11:05:49.516,11.9000,200
39952884136293,11:05:52.884,11.9000,80
39952884205764,11:05:52.884,11.9000,220
39966029279358,11:06:06.029,11.8900,100
39966029881788,11:06:06.029,11.8900,100
39966029881788,11:06:06.029,11.8900,200
39969027109509,11:06:09.027,11.8900,100
39969027109509,11:06:09.027,11.8900,100
40004796859521,11:06:44.796,11.9000,100
40004796903420,11:06:44.796,11.9000,50
40004796903420,11:06:44.796,11.9000,50
40004797052742,11:06:44.797,11.9000,50
40043559324183,11:07:23.559,11.9000,100
40043559324183,11:07:23.559,11.9000,100
40046612078635,11:07:26.612,11.9000,200
40060689856833,11:07:40.689,11.9100,100
40060689856833,11:07:40.689,11.9100,100
40060689856833,11:07:40.689,11.9100,100
40071968950777,11:07:51.968,11.9100,100
40071968950777,11:07:51.968,11.9100,100
40071968950777,11:07:51.968,11.9100,100
40082630970948,11:08:02.630,11.9200,100
40085477645135,11:08:05.477,11.9200,100
40085477645135,11:08:05.477,11.9200,100
40094231344267,11:08:14.231,11.9300,29
40106472273624,11:08:26.472,11.9200,100
40160349954355,11:09:20.349,11.9100,100
40160349954355,11:09:20.349,11.9100,100
40160349954355,11:09:20.349,11.9100,100
40160349954355,11:09:20.349,11.9100,100
40165594906155,11:09:25.594,11.9000,100
40166571675469,11:09:26.571,11.9000,100
40166571880418,11:09:26.571,11.9000,600
40166571880418,11:09:26.571,11.9000,100
40166571880418,11:09:26.571,11.9000,100
40166571880418,11:09:26.571,11.9000,100
40166571880418,11:09:26.571,11.9000,100
40166571880418,11:09:26.571,11.9000,100
40166571880418,11:09:26.571,11.9000,100
40166571880418,11:09:26.571,11.9000,100
40166571880418,11:09:26.571,11.9000,100
40192560250201,11:09:52.560,11.9100,100
40192560250201,11:09:52.560,11.9100,100
40192560250201,11:09:52.560,11.9100,21
40192560250201,11:09:52.560,11.9100,100
40192560402626,11:09:52.560,11.9100,100
40192560405773,11:09:52.560,11.9100,176
40192560407196,11:09:52.560,11.9100,24
40225516741115,11:10:25.516,11.9150,1
40225516741115,11:10:25.516,11.9200,100
40225516741115,11:10:25.516,11.9200,100
40225516741115,11:10:25.516,11.9200,100
40225516741115,11:10:25.516,11.9200,99
40231294730925,11:10:31.294,11.9200,100
40231294746352,11:10:31.294,11.9200,100
40231431733489,11:10:31.431,11.9200,500
40231431733489,11:10:31.431,11.9200,100
40245989229700,11:10:45.989,11.9100,40
40245989276641,11:10:45.989,11.9100,260
40245990030613,11:10:45.990,11.9000,1
40258132108292,11:10:58.132,11.9100,100
40258132108292,11:10:58.132,11.9100,100
40281063795998,11:11:21.063,11.9100,48
40294459354214,11:11:34.459,11.9100,100
40294459374682,11:11:34.459,11.9100,52
40310188549111,11:11:50.188,11.9000,43
40310188983109,11:11:50.188,11.9000,57
40320629536346,11:12:00.629,11.9000,200
40328003048098,11:12:08.003,11.9100,100
40328003048098,11:12:08.003,11.9100,100
40340134745891,11:12:20.134,11.9100,60
40362567811537,11:12:42.567,11.9100,40
40362567811537,11:12:42.567,11.9100,60
40362567842253,11:12:42.567,11.9100,40
40362567842253,11:12:42.567,11.9100,100
40421100658235,11:13:41.100,11.9000,100
40421100658235,11:13:41.100,11.9000,100
40421100658235,11:13:41.100,11.9000,100
40421100658235,11:13:41.100,11.9000,100
40421100658235,11:13:41.100,11.9000,100
40422802536858,11:13:42.802,11.9050,100
40422821279279,11:13:42.821,11.9000,200
40426763110234,11:13:46.763,11.9100,100
40426763110234,11:13:46.763,11.9100,100
40426763110234,11:13:46.763,11.9100,100
40429143664510,11:13:49.143,11.9100,96
40449868819406,11:14:09.868,11.9100,40
40449868824992,11:14:09.868,11.9100,60
40449868824992,11:14:09.868,11.9100,40
40449868846911,11:14:09.868,11.9100,60
40480011871750,11:14:40.011,11.9200,100
40480011871750,11:14:40.011,11.9200,100
40480011871750,11:14:40.011,11.9200,100
40480011871750,11:14:40.011,11.9200,100
40480011981722,11:14:40.011,11.9200,100
40485239252437,11:14:45.239,11.9200,100
40512214370786,11:15:12.214,11.9250,1
40512214370786,11:15:12.214,11.9250,1
40512214370786,11:15:12.214,11.9250,1
40512214370786,11:15:12.214,11.9250,1
40512214370786,11:15:12.214,11.9250,1
40512214370786,11:15:12.214,11.9250,1
40512214370786,11:15:12.214,11.9300,200
40512214370786,11:15:12.214,11.9300,94
40584707084852,11:16:24.707,11.9200,100
40584707084852,11:16:24.707,11.9200,200
40584707084852,11:16:24.707,11.9200,100
40584707440874,11:16:24.707,11.9200,100
40584707440874,11:16:24.707,11.9200,100
40584707440874,11:16:24.707,11.9200,100
40584707929121,11:16:24.707,11.9100,1
40584707932105,11:16:24.707,11.9100,1
40585015742243,11:16:25.015,11.9200,100
40585015742243,11:16:25.015,11.9200,100
40585015742243,11:16:25.015,11.9200,100
40587013257878,11:16:27.013,11.9200,100
40587013257878,11:16:27.013,11.9200,100
40587013257878,11:16:27.013,11.9200,100
40587013581315,11:16:27.013,11.9200,29
40587014124389,11:16:27.014,11.9200,600
40587014124389,11:16:27.014,11.9200,100
40587014151103,11:16:27.014,11.9200,100
40587014151103,11:16:27.014,11.9200,100
40587014151103,11:16:27.014,11.9200,100
40598374433103,11:16:38.374,11.9300,6
40598374433103,11:16:38.374,11.9300,100
40598374433103,11:16:38.374,11.9300,100
40598374433103,11:16:38.374,11.9300,100
40598374433103,11:16:38.374,11.9300,100
40598374433103,11:16:38.374,11.9300,100
40598374577110,11:16:38.374,11.9300,100
40598374725438,11:16:38.374,11.9300,100
40598374725438,11:16:38.374,11.9300,100
40598374760015,11:16:38.374,11.9300,100
40607848701396,11:16:47.848,11.9400,100
40648458817236,11:17:28.458,11.9450,1
40648458817236,11:17:28.458,11.9500,200
40648458817236,11:17:28.458,11.9500,100
40648458817236,11:17:28.458,11.9500,99
40648458847052,11:17:28.458,11.9500,1
40672248045805,11:17:52.248,11.9500,53
40672264741103,11:17:52.264,11.9500,47
40672264741103,11:17:52.264,11.9500,179
40672264770848,11:17:52.264,11.9500,21
40672265180019,11:17:52.265,11.9400,1
40672265180549,11:17:52.265,11.9400,1
40690178462701,11:18:10.178,11.9600,29
40694173073433,11:18:14.173,11.9500,96
40694173611785,11:18:14.173,11.9500,4
40733255433142,11:18:53.255,11.9400,60
40739659910632,11:18:59.659,11.9450,1
40739659910632,11:18:59.659,11.9450,1
40739659910632,11:18:59.659,11.9500,92
40739659910632,11:18:59.659,11.9500,100
40739659910632,11:18:59.659,11.9500,200
40739659910632,11:18:59.659,11.9500,100
40739659910632,11:18:59.659,11.9500,106
40739659958609,11:18:59.659,11.9500,20
40739659976140,11:18:59.659,11.9500,20
40739660024728,11:18:59.660,11.9500,180
40800048591868,11:20:00.048,11.9500,100
40811865077382,11:20:11.865,11.9600,271
40811865077382,11:20:11.865,11.9600,100
40811865077382,11:20:11.865,11.9600,100
40811865077382,11:20:11.865,11.9600,100
40811865077382,11:20:11.865,11.9600,29
40811865120405,11:20:11.865,11.9600,47
40811865675109,11:20:11.865,11.9600,24
40818426044929,11:20:18.426,11.9600,100
40818426137075,11:20:18.426,11.9600,100
40820335293637,11:20:20.335,11.9600,100
40820335293637,11:20:20.335,11.9600,100
40820335293637,11:20:20.335,11.9600,100
40836646395471,11:20:36.646,11.9600,300
40836646939889,11:20:36.646,11.9500,1
40836647788557,11:20:36.647,11.9500,1
40850313567019,11:20:50.313,11.9500,60
40870007304414,11:21:10.007,11.9500,38
40870007304414,11:21:10.007,11.9500,100
40870007304414,11:21:10.007,11.9500,30
40885705851074,11:21:25.705,11.9500,100
40885705927899,11:21:25.705,11.9500,70
40885705927899,11:21:25.705,11.9500,30
40885705957688,11:21:25.705,11.9500,70
40885705957688,11:21:25.705,11.9500,100
40885705957688,11:21:25.705,11.9500,2
40885706115218,11:21:25.706,11.9500,700
40886706998213,11:21:26.706,11.9500,100
40886707002588,11:21:26.707,11.9500,100
40886707002588,11:21:26.707,11.9500,100
40896202739196,11:21:36.202,11.9600,100
40896202739196,11:21:36.202,11.9600,100
40896202739196,11:21:36.202,11.9600,100
40896202739196,11:21:36.202,11.9600,300
40896202739196,11:21:36.202,11.9600,100
40896202739196,11:21:36.202,11.9600,95
40896202739196,11:21:36.202,11.9600,12
40896202939865,11:21:36.202,11.9600,200
40904815946931,11:21:44.815,11.9600,100
40953560482819,11:22:33.560,11.9600,100
40953560534585,11:22:33.560,11.9600,100
40953561027338,11:22:33.561,11.9600,700
40956419827348,11:22:36.419,11.9500,100
40956419827348,11:22:36.419,11.9500,100
40956419827348,11:22:36.419,11.9500,100
40956419827348,11:22:36.419,11.9500,100
40957420836747,11:22:37.420,11.9450,1
40957420836747,11:22:37.420,11.9450,1
40957420836747,11:22:37.420,11.9500,98
40958421843920,11:22:38.421,11.9500,2
40958421843920,11:22:38.421,11.9500,98
40958422178409,11:22:38.422,11.9500,2
40967180969001,11:22:47.180,11.9600,100
40967180969001,11:22:47.180,11.9600,100
40967180969001,11:22:47.180,11.9600,10
40967180969001,11:22:47.180,11.9600,100
40993724932269,11:23:13.724,11.9700,376
40993725013974,11:23:13.725,11.9700,200
40993725013974,11:23:13.725,11.9700,30
40993725013974,11:23:13.725,11.9700,100
40994688866975,11:23:14.688,11.9800,200
40994688866975,11:23:14.688,11.9800,100
40994688866975,11:23:14.688,11.9800,100
40994688866975,11:23:14.688,11.9800,100
41080577598341,11:24:40.577,11.9850,1
41080577598341,11:24:40.577,11.9850,1
41080577598341,11:24:40.577,11.9850,1
41080577598341,11:24:40.577,11.9900,200
41080577598341,11:24:40.577,11.9900,100
41080577598341,11:24:40.577,11.9900,300
41080577598341,11:24:40.577,11.9900,169
41080577598341,11:24:40.577,11.9900,97
41080577722234,11:24:40.577,11.9900,3
41080577796221,11:24:40.577,11.9900,200
41080598974291,11:24:40.598,11.9950,1
41081099779867,11:24:41.099,12.0000,500
41081099779867,11:24:41.099,12.0000,100
41081099779867,11:24:41.099,12.0000,200
41081099779867,11:24:41.099,12.0000,100
41093636800687,11:24:53.636,12.0100,100
41093636800687,11:24:53.636,12.0100,76
41093636804564,11:24:53.636,12.0100,24
41097863272033,11:24:57.863,12.0200,200
41097867541196,11:24:57.867,12.0300,400
41097867541196,11:24:57.867,12.0300,100
41097867541196,11:24:57.867,12.0300,100
41097874263192,11:24:57.874,12.0300,200
41097874263192,11:24:57.874,12.0300,100
41097904726833,11:24:57.904,12.0300,15
41104994589007,11:25:04.994,12.0300,70
41104994659143,11:25:04.994,12.0300,21
41105201466847,11:25:05.201,12.0300,100
41105201466847,11:25:05.201,12.0300,200
41106867834804,11:25:06.867,12.0300,100
41106867834804,11:25:06.867,12.0300,200
41106869892347,11:25:06.869,12.0300,100
41106871533216,11:25:06.871,12.0300,200
41106874312904,11:25:06.874,12.0300,100
41106874312904,11:25:06.874,12.0300,200
41109071217794,11:25:09.071,12.0300,100
41109071217794,11:25:09.071,12.0300,124
41119377920413,11:25:19.377,12.0250,1
41119377920413,11:25:19.377,12.0250,1
41119377920413,11:25:19.377,12.0300,98
41119378431620,11:25:19.378,12.0300,100
41119378431620,11:25:19.378,12.0300,100
41119381964662,11:25:19.381,12.0350,100
41119392289494,11:25:19.392,12.0400,100
41119392289494,11:25:19.392,12.0400,100
41130617202056,11:25:30.617,12.0400,100
41130617378525,11:25:30.617,12.0400,100
41130617378525,11:25:30.617,12.0400,100
41130617378525,11:25:30.617,12.0400,100
41130617378525,11:25:30.617,12.0400,100
41143503490130,11:25:43.503,12.0300,100
41143503490130,11:25:43.503,12.0300,100
41143503573208,11:25:43.503,12.0300,100
41143503595244,11:25:43.503,12.0300,100
41143503662967,11:25:43.503,12.0300,100
41143503686848,11:25:43.503,12.0300,21
41143504006659,11:25:43.504,12.0300,19
41143504010180,11:25:43.504,12.0300,21
41143504035194,11:25:43.504,12.0300,39
41143504585501,11:25:43.504,12.0200,1
41143504589380,11:25:43.504,12.0200,1
41143504608665,11:25:43.504,12.0200,1
41149144161988,11:25:49.144,12.0200,100
41149144190344,11:25:49.144,12.0200,97
41149144190344,11:25:49.144,12.0200,100
41149144190344,11:25:49.144,12.0200,100
41150179482000,11:25:50.179,12.0300,100
41150179482000,11:25:50.179,12.0300,100
41150179482000,11:25:50.179,12.0300,100
41151045128635,11:25:51.045,12.0300,100
41151045128635,11:25:51.045,12.0300,1200
41181588669794,11:26:21.588,12.0200,100
41200459575409,11:26:40.459,12.0300,100
41200459575409,11:26:40.459,12.0300,74
41200459575409,11:26:40.459,12.0300,26
41200459919409,11:26:40.459,12.0300,74
41226447004371,11:27:06.447,12.0300,200
41226447004371,11:27:06.447,12.0300,100
41227398042005,11:27:07.398,12.0200,6
41234527886909,11:27:14.527,12.0100,24
41234527886909,11:27:14.527,12.0100,100
41234527886909,11:27:14.527,12.0100,100
41236001414528,11:27:16.001,12.0100,100
41239624555869,11:27:19.624,12.0200,100
41239649892127,11:27:19.649,12.0200,100
41276311201326,11:27:56.311,12.0000,100
41276311201326,11:27:56.311,12.0000,100
41290577676885,11:28:10.577,12.0100,100
41290577676885,11:28:10.577,12.0100,100
41293548875967,11:28:13.548,12.0100,100
41293548875967,11:28:13.548,12.0100,200
41293548875967,11:28:13.548,12.0100,4
41293548907106,11:28:13.548,12.0100,196
41306467458415,11:28:26.467,12.0000,200
41316644781635,11:28:36.644,12.0000,100
41316644781635,11:28:36.644,12.0000,100
41316644781635,11:28:36.644,12.0000,100
41318705845745,11:28:38.705,12.0000,100
41318705845745,11:28:38.705,12.0000,100
41325219692486,11:28:45.219,12.0000,100
41340755573107,11:29:00.755,11.9800,100
41344447345403,11:29:04.447,11.9800,100
41344447372120,11:29:04.447,11.9800,100
41344447372120,11:29:04.447,11.9800,100
41344447372120,11:29:04.447,11.9800,100
41358412670846,11:29:18.412,11.9900,100
41358412670846,11:29:18.412,11.9900,100
41358412670846,11:29:18.412,11.9900,200
41372201663517,11:29:32.201,12.0000,100
41372201889499,11:29:32.201,12.0000,100
41403929612274,11:30:03.929,12.0100,6
41403929817977,11:30:03.929,12.0100,94
41403929817977,11:30:03.929,12.0100,131
41403929817977,11:30:03.929,12.0100,75
41403929982282,11:30:03.929,12.0100,25
41406521070662,11:30:06.521,12.0200,100
41406521070662,11:30:06.521,12.0200,100
41406521070662,11:30:06.521,12.0200,100
41406523536126,11:30:06.523,12.0200,100
41426940388182,11:30:26.940,12.0200,100
41429816023286,11:30:29.816,12.0300,100
41429816023286,11:30:29.816,12.0300,100
41429816023286,11:30:29.816,12.0300,200
41429816023286,11:30:29.816,12.0300,100
41432262514639,11:30:32.262,12.0350,100
41432262514639,11:30:32.262,12.0350,100
41432262514639,11:30:32.262,12.0400,100
41432262514639,11:30:32.262,12.0400,100
41432815128058,11:30:32.815,12.0400,100
41432815491222,11:30:32.815,12.0400,14
41432815633172,11:30:32.815,12.0400,86
41467532372048,11:31:07.532,12.0350,1
41467532372048,11:31:07.532,12.0400,200
41467532372048,11:31:07.532,12.0400,99
41467798660552,11:31:07.798,12.0400,1
41467798660552,11:31:07.798,12.0400,99
41467798690914,11:31:07.798,12.0400,1
41486295021223,11:31:26.295,12.0450,100
41486795015324,11:31:26.795,12.0450,100
41487295013341,11:31:27.295,12.0450,100
41487770077253,11:31:27.770,12.0400,100
41487770077253,11:31:27.770,12.0400,100
41487770077253,11:31:27.770,12.0400,188
41487771494234,11:31:27.771,12.0400,312
41487791306536,11:31:27.791,12.0400,23
41491411665239,11:31:31.411,12.0400,100
41491411665239,11:31:31.411,12.0400,70
41491411722980,11:31:31.411,12.0400,30
41546269406585,11:32:26.269,12.0400,30
41546269406585,11:32:26.269,12.0400,70
41546269424599,11:32:26.269,12.0400,30
41546269424599,11:32:26.269,12.0400,70
41546269762902,11:32:26.269,12.0400,430
41546269762902,11:32:26.269,12.0400,89
41546269762902,11:32:26.269,12.0400,400
41562186956474,11:32:42.186,12.0400,100
41562186956474,11:32:42.186,12.0400,100
41562186956474,11:32:42.186,12.0400,100
41562186956474,11:32:42.186,12.0400,100
41562485745905,11:32:42.485,12.0400,100
41574967579318,11:32:54.967,12.0500,151
41574967639592,11:32:54.967,12.0500,100
41588302276711,11:33:08.302,12.0500,49
41588302276711,11:33:08.302,12.0500,7
41588302276711,11:33:08.302,12.0500,100
41588302276711,11:33:08.302,12.0500,100
41588302276711,11:33:08.302,12.0500,100
41588302276711,11:33:08.302,12.0500,121
41588302276711,11:33:08.302,12.0500,163
41588306145090,11:33:08.306,12.0500,100
41588494267801,11:33:08.494,12.0500,100
41592209072426,11:33:12.209,12.0400,400
41592209072426,11:33:12.209,12.0400,100
41592209100366,11:33:12.209,12.0400,32
41592209186009,11:33:12.209,12.0400,79
41592209192386,11:33:12.209,12.0400,21
41592209192386,11:33:12.209,12.0400,79
41592209213453,11:33:12.209,12.0400,21
41592209213453,11:33:12.209,12.0400,468
41592499248283,11:33:12.499,12.0300,100
41592499248283,11:33:12.499,12.0300,400
41592499248283,11:33:12.499,12.0300,100
41592499248283,11:33:12.499,12.0300,100
41592499248283,11:33:12.499,12.0300,100
41620014184728,11:33:40.014,12.0300,100
41620014184728,11:33:40.014,12.0300,100
41620014184728,11:33:40.014,12.0300,200
41620014184728,11:33:40.014,12.0300,100
41620014239982,11:33:40.014,12.0300,100
41620019759162,11:33:40.019,12.0300,100
41620019759162,11:33:40.019,12.0300,100
41620019759162,11:33:40.019,12.0300,100
41620026021704,11:33:40.026,12.0300,100
41620026021704,11:33:40.026,12.0300,100
41620026021704,11:33:40.026,12.0300,100
41620026021704,11:33:40.026,12.0300,100
41632120121774,11:33:52.120,12.0200,100
41632120650287,11:33:52.120,12.0200,100
41633385757463,11:33:53.385,12.0200,100
41633385757463,11:33:53.385,12.0200,100
41633385757463,11:33:53.385,12.0200,100
41633513130210,11:33:53.513,12.0200,100
41657736064953,11:34:17.736,12.0200,200
41657736064953,11:34:17.736,12.0200,100
41700933726260,11:35:00.933,12.0250,100
41728348740846,11:35:28.348,12.0200,100
41728348740846,11:35:28.348,12.0200,400
41728348740846,11:35:28.348,12.0200,100
41867741005109,11:37:47.741,12.0150,100
41867750605685,11:37:47.750,12.0200,300
41867750605685,11:37:47.750,12.0200,100
41867750605685,11:37:47.750,12.0200,100
41867750605685,11:37:47.750,12.0200,300
41867750605685,11:37:47.750,12.0200,100
41867751004498,11:37:47.751,12.0200,100
41900490248942,11:38:20.490,12.0250,1
41900490248942,11:38:20.490,12.0250,1
41900490248942,11:38:20.490,12.0300,27
41932753833326,11:38:52.753,12.0300,73
41932753833326,11:38:52.753,12.0300,100
41932753833326,11:38:52.753,12.0300,200
41932753833326,11:38:52.753,12.0300,100
41932753833326,11:38:52.753,12.0300,27
41932753945693,11:38:52.753,12.0300,73
41932753945693,11:38:52.753,12.0300,27
41932754384285,11:38:52.754,12.0300,73
41932754384285,11:38:52.754,12.0300,27
41932755289321,11:38:52.755,12.0300,59
42008357049325,11:40:08.357,12.0350,1
42008357049325,11:40:08.357,12.0350,1
42008357049325,11:40:08.357,12.0350,1
42008357049325,11:40:08.357,12.0350,1
42008357049325,11:40:08.357,12.0350,1
42008357049325,11:40:08.357,12.0350,1
42008357049325,11:40:08.357,12.0400,794
42008357095699,11:40:08.357,12.0400,494
42008357095699,11:40:08.357,12.0400,100
42008357095699,11:40:08.357,12.0400,200
42008947716268,11:40:08.947,12.0400,100
42020279677289,11:40:20.279,12.0500,100
42020279696770,11:40:20.279,12.0500,100
42020279778927,11:40:20.279,12.0500,200
42020279778927,11:40:20.279,12.0500,100
42020279778927,11:40:20.279,12.0500,400
42020286268904,11:40:20.286,12.0600,26
42022191378190,11:40:22.191,12.0550,100
42054396686928,11:40:54.396,12.0500,500
42054396686928,11:40:54.396,12.0500,41
42054396714582,11:40:54.396,12.0500,259
42054780935287,11:40:54.780,12.0400,39
42060432309122,11:41:00.432,12.0500,100
42060432317667,11:41:00.432,12.0500,100
42060435870640,11:41:00.435,12.0500,100
42062033577332,11:41:02.033,12.0550,100
42077463013907,11:41:17.463,12.0500,100
42077463013907,11:41:17.463,12.0500,300
42077463013907,11:41:17.463,12.0500,100
42084761368768,11:41:24.761,12.0400,61
42084761368768,11:41:24.761,12.0400,39
42090280724193,11:41:30.280,12.0400,61
42118045290785,11:41:58.045,12.0400,100
42118045290785,11:41:58.045,12.0400,6
42118045290785,11:41:58.045,12.0400,100
42118045290785,11:41:58.045,12.0400,200
42118045290785,11:41:58.045,12.0400,100
42118045290785,11:41:58.045,12.0400,94
42118045905463,11:41:58.045,12.0400,6
42129409995423,11:42:09.409,12.0500,200
42129410076640,11:42:09.410,12.0500,100
42129410076640,11:42:09.410,12.0500,100
42134417804358,11:42:14.417,12.0500,100
42193261923345,11:43:13.261,12.0500,29
42194635737793,11:43:14.635,12.0500,171
42194635737793,11:43:14.635,12.0500,100
42194635737793,11:43:14.635,12.0500,200
42194635737793,11:43:14.635,12.0500,129
42196172057334,11:43:16.172,12.0500,71
42196172057334,11:43:16.172,12.0500,129
42196172248427,11:43:16.172,12.0500,71
42196172248427,11:43:16.172,12.0500,29
42196172562602,11:43:16.172,12.0500,71
42209989948099,11:43:29.989,12.0500,100
42209989948099,11:43:29.989,12.0500,100
42209989948099,11:43:29.989,12.0500,100
42261382422876,11:44:21.382,12.0500,200
42277077197275,11:44:37.077,12.0400,100
42277077197275,11:44:37.077,12.0400,300
42277077197275,11:44:37.077,12.0400,100
42280227479135,11:44:40.227,12.0300,200
42280227621035,11:44:40.227,12.0300,200
42280227680186,11:44:40.227,12.0300,100
42280227680186,11:44:40.227,12.0300,100
42280227707691,11:44:40.227,12.0300,100
42280227707691,11:44:40.227,12.0300,200
42280227707691,11:44:40.227,12.0300,64
42280227721938,11:44:40.227,12.0300,36
42280230068867,11:44:40.230,12.0300,200
42280230398675,11:44:40.230,12.0300,100
42345269397559,11:45:45.269,12.0200,100
42353136909215,11:45:53.136,12.0200,300
42353136909215,11:45:53.136,12.0200,100
42353137734031,11:45:53.137,12.0100,1
42353137734548,11:45:53.137,12.0100,1
42353137737250,11:45:53.137,12.0100,1
42353137739961,11:45:53.137,12.0100,1
42357471137436,11:45:57.471,12.0100,23
42384004831847,11:46:24.004,12.0200,500
42384004831847,11:46:24.004,12.0200,100
42384004831847,11:46:24.004,12.0200,200
42384004831847,11:46:24.004,12.0200,16
42384004831847,11:46:24.004,12.0200,8
42384005143736,11:46:24.005,12.0200,77
42384006315833,11:46:24.006,12.0200,100
42384006315833,11:46:24.006,12.0200,100
42393851057113,11:46:33.851,12.0100,10
42400847098774,11:46:40.847,12.0100,100
42434334848704,11:47:14.334,12.0100,167
42434334848704,11:47:14.334,12.0100,100
42434334848704,11:47:14.334,12.0100,100
42434334848704,11:47:14.334,12.0100,33
42440122445975,11:47:20.122,12.0100,100
42440122445975,11:47:20.122,12.0100,10
42440122445975,11:47:20.122,12.0100,90
42443413096661,11:47:23.413,12.0000,100
42491856935503,11:48:11.856,12.0100,30
42548486400901,11:49:08.486,12.0100,70
42548486400901,11:49:08.486,12.0100,100
42548486400901,11:49:08.486,12.0100,30
42548486433553,11:49:08.486,12.0100,70
42548486846367,11:49:08.486,12.0100,100
42548486918430,11:49:08.486,12.0100,100
42548486942278,11:49:08.486,12.0100,100
42548486989204,11:49:08.486,12.0100,100
42548487898830,11:49:08.487,12.0100,100
42554234841378,11:49:14.234,12.0200,100
42554234841378,11:49:14.234,12.0200,100
42554234841378,11:49:14.234,12.0200,100
42554234841378,11:49:14.234,12.0200,200
42554234841378,11:49:14.234,12.0200,300
42554234841378,11:49:14.234,12.0200,500
42554235125863,11:49:14.235,12.0200,300
42554235125863,11:49:14.235,12.0200,100
42554235182140,11:49:14.235,12.0200,100
42554235214514,11:49:14.235,12.0200,100
42554980767547,11:49:14.980,12.0300,100
42554980767547,11:49:14.980,12.0300,100
42554980767547,11:49:14.980,12.0300,100
42554980767547,11:49:14.980,12.0300,100
42554981010434,11:49:14.981,12.0300,100
42554981010434,11:49:14.981,12.0300,100
42554981089248,11:49:14.981,12.0300,200
42556179270583,11:49:16.179,12.0400,100
42556179270583,11:49:16.179,12.0400,200
42556179270583,11:49:16.179,12.0400,100
42556179270583,11:49:16.179,12.0400,200
42557187298274,11:49:17.187,12.0400,100
42557187298274,11:49:17.187,12.0400,100
42557187298274,11:49:17.187,12.0400,100
42557187298274,11:49:17.187,12.0400,100
42557187298274,11:49:17.187,12.0400,300
42557187298274,11:49:17.187,12.0400,200
42557187298274,11:49:17.187,12.0400,100
42558176399222,11:49:18.176,12.0400,100
42578655012731,11:49:38.655,12.0450,100
42578655080471,11:49:38.655,12.0500,100
42578655178265,11:49:38.655,12.0500,100
42578657003292,11:49:38.657,12.0500,100
42609566851381,11:50:09.566,12.0500,200
42609599593622,11:50:09.599,12.0400,100
42609599593622,11:50:09.599,12.0400,100
42609599593622,11:50:09.599,12.0400,100
42609599593622,11:50:09.599,12.0400,100
42609599593622,11:50:09.599,12.0400,400
42609599593622,11:50:09.599,12.0400,100
42609599593622,11:50:09.599,12.0400,100
42609599661143,11:50:09.599,12.0400,100
42609600097327,11:50:09.600,12.0400,34
42609600235278,11:50:09.600,12.0400,3
42609600260078,11:50:09.600,12.0400,52
42609609115956,11:50:09.609,12.0400,2
42666456314187,11:51:06.456,12.0500,200
42666456314187,11:51:06.456,12.0500,100
42675415207570,11:51:15.415,12.0500,100
42675415238565,11:51:15.415,12.0500,400
42712993714907,11:51:52.993,12.0400,100
42712993714907,11:51:52.993,12.0400,200
42712993714907,11:51:52.993,12.0400,100
42712993714907,11:51:52.993,12.0400,100
42712993714907,11:51:52.993,12.0400,300
42713184373838,11:51:53.184,12.0400,100
42729492431223,11:52:09.492,12.0400,21
42729492645503,11:52:09.492,12.0400,75
42729492918356,11:52:09.492,12.0400,12
42729492918778,11:52:09.492,12.0400,192
42729492918778,11:52:09.492,12.0400,208
42729493088917,11:52:09.493,12.0400,60
42729496033084,11:52:09.496,12.0300,1
42730506107460,11:52:10.506,12.0200,100
42730506107460,11:52:10.506,12.0200,40
42730506192934,11:52:10.506,12.0200,100
42733489280471,11:52:13.489,12.0100,100
42735962162932,11:52:15.962,12.0100,100
42772859300972,11:52:52.859,12.0100,69
42772859300972,11:52:52.859,12.0100,31
42772859305354,11:52:52.859,12.0100,69
42772859305354,11:52:52.859,12.0100,31
42772859337238,11:52:52.859,12.0100,69
42781239743098,11:53:01.239,12.0250,18
42786815823992,11:53:06.815,12.0200,100
42788803839610,11:53:08.803,12.0300,29
42789765520008,11:53:09.765,12.0300,171
42793501597354,11:53:13.501,12.0400,200
42793501597354,11:53:13.501,12.0400,200
42793501597354,11:53:13.501,12.0400,200
42793502110564,11:53:13.502,12.0400,200
42793502110564,11:53:13.502,12.0400,100
42793502110564,11:53:13.502,12.0400,200
42793502359167,11:53:13.502,12.0400,500
42793503125806,11:53:13.503,12.0400,100
42793504909452,11:53:13.504,12.0400,100
42793504909452,11:53:13.504,12.0400,100
42803793600066,11:53:23.793,12.0400,300
42809192665522,11:53:29.192,12.0400,100
42843560388940,11:54:03.560,12.0400,100
42843560388940,11:54:03.560,12.0400,100
42843560388940,11:54:03.560,12.0400,100
42843560388940,11:54:03.560,12.0400,100
42843560388940,11:54:03.560,12.0400,100
42843560388940,11:54:03.560,12.0400,200
42843560646496,11:54:03.560,12.0400,200
42843560671752,11:54:03.560,12.0400,100
42860134162269,11:54:20.134,12.0500,100
42860134162269,11:54:20.134,12.0500,200
42860134162269,11:54:20.134,12.0500,200
42860134162269,11:54:20.134,12.0500,100
42860134162269,11:54:20.134,12.0500,100
42867737965043,11:54:27.737,12.0500,100
42867737965043,11:54:27.737,12.0500,200
42867737965043,11:54:27.737,12.0500,500
42867738162497,11:54:27.738,12.0500,100
42867738352970,11:54:27.738,12.0500,95
42867738378829,11:54:27.738,12.0500,44
