timestamp,time,price,volume
34200948312940,09:30:00.948,51.1500,111
35051362872587,09:44:11.362,50.8500,100
35051363222973,09:44:11.363,50.8500,5
35051363627209,09:44:11.363,50.8500,15
35051363627209,09:44:11.363,50.8500,85
35051363651471,09:44:11.363,50.8500,15
35051363651471,09:44:11.363,50.8500,85
35051364365395,09:44:11.364,50.8500,100
35100113076497,09:45:00.113,50.8600,100
35115435878068,09:45:15.435,50.9500,100
35115436430735,09:45:15.436,50.9500,100
35115436580032,09:45:15.436,50.9500,100
35115436673319,09:45:15.436,50.9500,100
35115436678147,09:45:15.436,50.9500,100
35115436868296,09:45:15.436,50.9500,100
35117777979060,09:45:17.777,50.9500,15
35341534278504,09:49:01.534,51.0500,8
35680026577621,09:54:40.026,51.1700,2
35680026577621,09:54:40.026,51.1500,98
36055123493646,10:00:55.123,51.1500,21
37703269092440,10:28:23.269,51.1100,100
37703269092440,10:28:23.269,51.1100,100
37713138469631,10:28:33.138,51.0800,100
37713143115248,10:28:33.143,51.0900,100
37714486367604,10:28:34.486,51.0800,100
37723809568371,10:28:43.809,51.0900,100
37727107850021,10:28:47.107,51.1400,100
37727107876294,10:28:47.107,51.1400,6
37727109230519,10:28:47.109,51.2100,64
37775549303542,10:29:35.549,51.1800,64
37944339646585,10:32:24.339,51.0700,100
37945236073146,10:32:25.236,51.0700,100
38010946545013,10:33:30.946,51.0700,35
38021912424056,10:33:41.912,51.0600,100
38021913008952,10:33:41.913,51.1800,4
38021913034853,10:33:41.913,51.1800,9
38036334850986,10:33:56.334,51.0900,100
38036338490984,10:33:56.338,51.0200,100
38038146365888,10:33:58.146,51.0900,100
38046752622182,10:34:06.752,51.0200,100
38046752622182,10:34:06.752,51.0000,100
38111625281845,10:35:11.625,51.0700,100
38114844051341,10:35:14.844,51.0700,17
38114844398874,10:35:14.844,51.0700,17
38114844615397,10:35:14.844,51.0700,17
38117234804547,10:35:17.234,50.9700,7
38117234804547,10:35:17.234,50.9700,7
42712811837638,11:51:52.811,51.2900,1
43988727469090,12:13:08.727,51.2900,51
45126336146320,12:32:06.336,51.2250,100
45574925719826,12:39:34.925,51.1600,18
45574926053354,12:39:34.926,51.1600,82
45574926053354,12:39:34.926,51.1600,18
45574926105320,12:39:34.926,51.1600,82
45574926105320,12:39:34.926,51.1600,18
45574926121690,12:39:34.926,51.1600,100
45574926180361,12:39:34.926,51.1600,82
45900913111277,12:45:00.913,51.1100,1
45959682320386,12:45:59.682,51.1100,1
48275194702485,13:24:35.194,51.1200,20
48275194775792,13:24:35.194,51.2800,40
49380913798577,13:43:00.913,51.2000,56
49380913840567,13:43:00.913,51.2000,194
49380914220814,13:43:00.914,51.1500,25
49381237395576,13:43:01.237,51.1500,25
49381237395576,13:43:01.237,51.1200,75
49381237741442,13:43:01.237,51.1200,25
50057542802165,13:54:17.542,51.1900,200
50057543824550,13:54:17.543,51.1300,100
50057544880894,13:54:17.544,51.1300,39
50057544880894,13:54:17.544,51.1300,61
50057544943274,13:54:17.544,51.1300,39
50057545387043,13:54:17.545,51.0900,1
50057545387043,13:54:17.545,51.0900,99
50057545455021,13:54:17.545,51.0900,1
50057545513784,13:54:17.545,51.0800,100
50057545569278,13:54:17.545,51.0800,100
50057806225799,13:54:17.806,51.1300,100
50410010495852,14:00:10.010,51.1500,100
50417625284474,14:00:17.625,51.0900,59
50417625347711,14:00:17.625,51.0800,100
50417625408056,14:00:17.625,51.0800,100
50417625455360,14:00:17.625,51.0800,100
50417625473780,14:00:17.625,51.0800,100
50417625502198,14:00:17.625,51.0800,100
50642499858909,14:04:02.499,51.1500,45
50642499873994,14:04:02.499,51.1500,55
50642504057544,14:04:02.504,51.1100,100
50644626531723,14:04:04.626,51.0800,300
50648829032869,14:04:08.829,51.0800,400
50648829440134,14:04:08.829,51.0800,153
50654341365453,14:04:14.341,51.0800,447
50654341365453,14:04:14.341,51.0800,1
50654341365453,14:04:14.341,51.0800,2
50654341365453,14:04:14.341,51.0800,100
50654342100528,14:04:14.342,51.0600,10
50654345158303,14:04:14.345,51.0400,5
50654345158303,14:04:14.345,51.0400,95
50654345158303,14:04:14.345,51.0400,7
50657698007389,14:04:17.698,51.1000,100
50657748162335,14:04:17.748,51.1200,100
50676413634210,14:04:36.413,51.1300,100
50703351520716,14:05:03.351,51.1200,100
50706238538439,14:05:06.238,51.1200,100
50809393934029,14:06:49.393,51.1200,100
50833411169690,14:07:13.411,51.0600,15
50857758784476,14:07:37.758,51.0300,1
50857758784476,14:07:37.758,51.0300,5
50857758784476,14:07:37.758,51.0300,4
50857758784476,14:07:37.758,51.0200,90
51062762966586,14:11:02.762,51.0700,3
51062763063815,14:11:02.763,51.0700,50
51062763088895,14:11:02.763,51.0700,47
51311867368040,14:15:11.867,51.0500,100
51311867451586,14:15:11.867,51.0500,100
51311867625039,14:15:11.867,51.0500,100
51417813712981,14:16:57.813,51.0400,100
51417813712981,14:16:57.813,51.0400,100
51439599665608,14:17:19.599,51.0500,300
52572513871973,14:36:12.513,51.1100,7
52572513871973,14:36:12.513,51.1100,93
52572513957447,14:36:12.513,51.1100,7
52572515091978,14:36:12.515,51.1000,1
52572515091978,14:36:12.515,51.1000,60
52933034466956,14:42:13.034,51.0300,100
52933042123091,14:42:13.042,51.0300,100
53264452281016,14:47:44.452,51.1250,267
53283443725711,14:48:03.443,51.2000,50
53283443725711,14:48:03.443,51.2300,200
53283443725711,14:48:03.443,51.2500,58
53283444169974,14:48:03.444,51.2700,100
53300907082711,14:48:20.907,51.2850,100
53300964405185,14:48:20.964,51.2600,1098
53300964469190,14:48:20.964,51.2600,100
53300986358773,14:48:20.986,51.2600,100
53309603519721,14:48:29.603,51.2850,100
53311678303941,14:48:31.678,51.2600,800
53311678347424,14:48:31.678,51.2600,470
53311678386569,14:48:31.678,51.2600,57
53318011422186,14:48:38.011,51.2000,100
53368562246729,14:49:28.562,51.2000,100
53411861191325,14:50:11.861,51.2000,1
53444807545091,14:50:44.807,51.2100,100
53470390265938,14:51:10.390,51.1500,100
53470390324170,14:51:10.390,51.1400,100
53563959497854,14:52:43.959,51.1800,100
53568074155367,14:52:48.074,51.1800,100
53632067630090,14:53:52.067,51.2900,32
53650469275124,14:54:10.469,51.1800,100
53661781166210,14:54:21.781,51.1800,100
53667061528236,14:54:27.061,51.1800,100
53826880946487,14:57:06.880,51.2000,28
53826880979525,14:57:06.880,51.2000,72
53826880981227,14:57:06.880,51.2000,72
53829162469929,14:57:09.162,51.2000,100
53903441916311,14:58:23.441,51.2000,100
53904782820653,14:58:24.782,51.2000,100
53932563579731,14:58:52.563,51.1900,100
53951112840573,14:59:11.112,51.1900,100
53973751627627,14:59:33.751,51.1900,32
54012664203945,15:00:12.664,51.1900,368
54012664296213,15:00:12.664,51.2000,24
54012750179033,15:00:12.750,51.2000,76
54012750179033,15:00:12.750,51.2000,24
54012839190692,15:00:12.839,51.2000,14
54013312604264,15:00:13.312,51.1900,141
54013312630493,15:00:13.312,51.1900,66
54013315983839,15:00:13.315,51.1900,200
54013316030097,15:00:13.316,51.2000,62
54013316030097,15:00:13.316,51.2000,100
54019780508485,15:00:19.780,51.2000,100
54019780508485,15:00:19.780,51.2000,5
54019780668773,15:00:19.780,51.2000,100
54019781138859,15:00:19.781,51.2000,100
54019781510625,15:00:19.781,51.2000,100
54019781510625,15:00:19.781,51.2000,344
54063391880074,15:01:03.391,51.2000,100
54063391880074,15:01:03.391,51.2000,7
54063391880074,15:01:03.391,51.2000,1
54063391880074,15:01:03.391,51.2000,892
54063396247967,15:01:03.396,51.1500,12
54063396247967,15:01:03.396,51.1500,65
54063396247967,15:01:03.396,51.1500,100
54207561613099,15:03:27.561,51.1400,2
54207561734359,15:03:27.561,51.1400,98
54207561734359,15:03:27.561,51.1400,2
54207562091243,15:03:27.562,51.1400,98
54262591862284,15:04:22.591,51.1700,50
54300606334137,15:05:00.606,51.1000,100
54579869683303,15:09:39.869,51.0700,89
54579869716124,15:09:39.869,51.0700,11
54598703211810,15:09:58.703,51.0700,100
54599073332135,15:09:59.073,51.0700,100
54600798129704,15:10:00.798,51.0200,117
54602630458058,15:10:02.630,51.0700,23
54670088296010,15:11:10.088,51.0000,69
54784369034684,15:13:04.369,51.0300,83
54850366605669,15:14:10.366,51.0800,100
54850366645512,15:14:10.366,51.0300,100
55034868625864,15:17:14.868,51.0800,94
55034960136059,15:17:14.960,51.0800,6
55034960136059,15:17:14.960,51.0800,27
55047086848973,15:17:27.086,51.0800,2
55047086848973,15:17:27.086,51.0800,8
55047086848973,15:17:27.086,51.0800,1
55161935995985,15:19:21.935,51.0400,100
55161937066968,15:19:21.937,51.0200,100
55579942026808,15:26:19.942,51.0300,100
55579942026808,15:26:19.942,51.0500,95
55579942026808,15:26:19.942,51.0500,5
55579943086850,15:26:19.943,51.0500,21
55664578111599,15:27:44.578,51.0700,100
55665643595605,15:27:45.643,51.0800,30
55683369103604,15:28:03.369,51.0700,10
55685511688282,15:28:05.511,51.0700,100
55686574836987,15:28:06.574,51.0700,100
55744714717664,15:29:04.714,51.0500,100
55799969710010,15:29:59.969,50.9900,33
55866018849023,15:31:06.018,51.0400,40
55878424626395,15:31:18.424,51.0400,5
55947645734803,15:32:27.645,51.0200,30
56036197576985,15:33:56.197,51.0400,5
56094005927448,15:34:54.005,50.9700,7
56094008513095,15:34:54.008,50.9700,7
56094111199542,15:34:54.111,50.8800,30
56104727168789,15:35:04.727,51.0100,30
56276944805510,15:37:56.944,50.9300,96
56276944830302,15:37:56.944,50.9300,4
56276944995871,15:37:56.944,51.0000,40
56279899663816,15:37:59.899,50.9200,3
56299187519724,15:38:19.187,50.9200,100
56299933938343,15:38:19.933,50.9200,100
56300716877601,15:38:20.716,50.9200,100
56302602952486,15:38:22.602,50.9200,4
56302602991036,15:38:22.602,50.9200,23
56314373107845,15:38:34.373,50.8700,3
56394547083004,15:39:54.547,50.9000,212
56409056567510,15:40:09.056,50.8800,5
56471371492905,15:41:11.371,50.8800,5
56471397133994,15:41:11.397,50.8700,2
56471407177146,15:41:11.407,50.8300,100
56471407177146,15:41:11.407,50.8300,100
56471408773830,15:41:11.408,50.8200,80
56471408773830,15:41:11.408,50.8200,2
56480577595105,15:41:20.577,50.7600,100
56480578759378,15:41:20.578,50.7400,100
56480622280966,15:41:20.622,50.6900,40
56635640672816,15:43:55.640,50.8900,100
56635641669006,15:43:55.641,50.9000,100
56657622453047,15:44:17.622,50.8800,7
56676357540795,15:44:36.357,50.8800,100
56752868390567,15:45:52.868,50.8800,5
56808306987696,15:46:48.306,50.8900,5
56808358629070,15:46:48.358,50.8900,95
56808358629070,15:46:48.358,50.8900,5
56876626604058,15:47:56.626,50.8900,5
56916711383741,15:48:36.711,50.9000,5
56944360838992,15:49:04.360,50.8900,38
56972723459142,15:49:32.723,50.9000,5
56991460933951,15:49:51.460,50.9000,100
56991460961299,15:49:51.460,50.9000,282
56991461050096,15:49:51.461,50.9000,10
56991461050096,15:49:51.461,50.9000,7
57020348457982,15:50:20.348,51.0000,5
57054881483332,15:50:54.881,51.1500,6
57054881483332,15:50:54.881,51.1500,50
57136776931901,15:52:16.776,51.1300,100
57136777050954,15:52:16.777,51.1300,1
57144727275131,15:52:24.727,51.1500,100
57274405491550,15:54:34.405,51.2900,6
57280265399496,15:54:40.265,51.1500,5
57280265399496,15:54:40.265,51.1500,95
57280343389739,15:54:40.343,51.1500,5
57280343389739,15:54:40.343,51.1500,95
57280426387388,15:54:40.426,51.1500,5
57284761490659,15:54:44.761,51.1000,20
57311561893997,15:55:11.561,50.9900,20
57311561893997,15:55:11.561,50.9900,12
57311561920851,15:55:11.561,50.9900,88
57311643961504,15:55:11.643,50.9800,56
57430358058747,15:57:10.358,51.1100,8
57430358058747,15:57:10.358,51.1100,1
57450773827032,15:57:30.773,51.1200,50
57456381947234,15:57:36.381,51.0900,100
57456381947234,15:57:36.381,51.0900,100
57456391552650,15:57:36.391,51.0700,100
57456396087028,15:57:36.396,51.0600,100
57500404686749,15:58:20.404,51.0700,8
57508296930963,15:58:28.296,51.1300,66
57551820345100,15:59:11.820,51.0900,6
57551820345100,15:59:11.820,51.0700,6
57551820345100,15:59:11.820,51.0100,88
57556004957560,15:59:16.004,51.0700,20
57556004957560,15:59:16.004,51.0500,20
57556004957560,15:59:16.004,51.0000,60
57599913899326,15:59:59.913,51.1400,43
57599913899326,15:59:59.913,51.1500,100
57599913899326,15:59:59.913,51.1500,57
57600204485050,16:00:00.204,51.1500,5918
