timestamp,time,price,volume
34080050494785,09:28:00.050,34.7000,51
34200772823382,09:30:00.772,34.4200,395
34201026282966,09:30:01.026,34.7000,1
34573595744091,09:36:13.595,34.5000,1
34841927880593,09:40:41.927,34.5100,17
34841927880593,09:40:41.927,34.5000,43
34841927880593,09:40:41.927,34.3200,3
36116133740866,10:01:56.133,34.3000,45
36807964960613,10:13:27.964,34.6500,5
36816689101214,10:13:36.689,34.6500,1
37019166261665,10:16:59.166,34.5100,1
37127154425691,10:18:47.154,34.4800,1
37127162537409,10:18:47.162,34.4800,5
37448094402019,10:24:08.094,34.4500,5
37765847448306,10:29:25.847,34.4200,5
38423185826177,10:40:23.185,34.2500,3
39603813940831,11:00:03.813,34.4000,1
40053370200859,11:07:33.370,34.3900,10
40053370200859,11:07:33.370,34.4500,1
40140245434500,11:09:00.245,34.3800,1
40736351533997,11:18:56.351,34.3800,1
41021208531681,11:23:41.208,34.3800,5
41021245208087,11:23:41.245,34.2500,9
41021253257171,11:23:41.253,34.3800,1
41059609289094,11:24:19.609,34.2500,88
41059618141151,11:24:19.618,34.2200,5
41157409255335,11:25:57.409,34.2000,2
41157834100858,11:25:57.834,34.2000,41
41167978885341,11:26:07.978,34.2000,54
41167978960921,11:26:07.978,34.2000,31
41167978960921,11:26:07.978,34.2200,23
41180843793412,11:26:20.843,34.1800,59
41180843793412,11:26:20.843,34.1900,59
41180843793412,11:26:20.843,34.2000,62
41180855507007,11:26:20.855,34.2000,7
41180866505442,11:26:20.866,34.2000,39
41180874387610,11:26:20.874,34.2000,7
41180883392937,11:26:20.883,34.2000,2
41185645087067,11:26:25.645,34.2000,45
41189042049456,11:26:29.042,34.2900,54
41189051187031,11:26:29.051,34.2900,14
41189060447509,11:26:29.060,34.2900,5
41189137254780,11:26:29.137,34.2900,5
41189242825948,11:26:29.242,34.2000,5
41189242825948,11:26:29.242,34.1100,25
41189251618951,11:26:29.251,34.2900,2
41198756508323,11:26:38.756,34.2900,2
41204345468456,11:26:44.345,34.2900,18
41204345468456,11:26:44.345,34.2900,32
41204379715109,11:26:44.379,34.2900,2
41210637212685,11:26:50.637,34.2900,10
41210647111263,11:26:50.647,34.2900,1
41226167559535,11:27:06.167,34.2900,55
41226167559535,11:27:06.167,34.3000,45
41226179943879,11:27:06.179,34.3000,5
41238180763639,11:27:18.180,34.4000,1
41280563627114,11:28:00.563,34.3100,20
41280563627114,11:28:00.563,34.3100,100
41280574775861,11:28:00.574,34.4000,6
41280843230569,11:28:00.843,34.4000,2
41283468697241,11:28:03.468,34.3100,100
41283468697241,11:28:03.468,34.3100,99
41283468767940,11:28:03.468,34.3100,1
41283722968027,11:28:03.722,34.4000,41
41283984817756,11:28:03.984,34.4000,59
41283984817756,11:28:03.984,34.2800,65
41283984876775,11:28:03.984,34.2800,35
41284274880194,11:28:04.274,34.1000,68
41284274929798,11:28:04.274,34.1000,32
41284274929798,11:28:04.274,33.9600,68
41284285600542,11:28:04.285,34.5300,9
41351963654094,11:29:11.963,34.2400,100
41351983258700,11:29:11.983,34.2600,100
41417238956902,11:30:17.238,34.3300,99
41417816280726,11:30:17.816,34.4400,11
41452127551572,11:30:52.127,34.2200,100
41452127551572,11:30:52.127,34.2200,25
41452127632268,11:30:52.127,34.2200,75
41452127632268,11:30:52.127,34.2000,30
41504901232429,11:31:44.901,34.4000,10
41623064619510,11:33:43.064,34.2000,27
41623862172211,11:33:43.862,34.2000,62
41623862172211,11:33:43.862,34.2000,11
41623862172211,11:33:43.862,34.2000,27
41681181918516,11:34:41.181,34.2700,77
41681181918516,11:34:41.181,34.2900,23
41681182429460,11:34:41.182,34.2900,26
41681188188297,11:34:41.188,34.3000,100
41681188517848,11:34:41.188,34.3100,5
41952203216863,11:39:12.203,34.3900,5
42492808897918,11:48:12.808,34.3000,11
42492808897918,11:48:12.808,34.2900,88
42777270779796,11:52:57.270,34.2900,12
42777270779796,11:52:57.270,34.2900,10
42777270779796,11:52:57.270,34.2900,5
43000512981638,11:56:40.512,34.4000,41
43513187177994,12:05:13.187,34.3800,80
43544401103964,12:05:44.401,34.2900,20
43951292283359,12:12:31.292,34.3000,30
44737346218746,12:25:37.346,34.5400,1
44767932887888,12:26:07.932,34.5400,5
44817292328503,12:26:57.292,34.3200,4
44817293222982,12:26:57.293,34.3200,4
45022301353354,12:30:22.301,34.3200,11
45022301353354,12:30:22.301,34.3000,11
45361962616409,12:36:01.962,34.5300,5
45569016865259,12:39:29.016,34.5200,11
46018309643592,12:46:58.309,34.3100,10
46018309643592,12:46:58.309,34.3100,5
46018309643592,12:46:58.309,34.3100,15
46929313455786,13:02:09.313,34.3200,4
46929314337809,13:02:09.314,34.3200,1
46929314337809,13:02:09.314,34.3200,2
47149313555605,13:05:49.313,34.3200,23
48164313194511,13:22:44.313,34.3500,7
48164314240209,13:22:44.314,34.3500,7
48196618457482,13:23:16.618,34.5000,15
48196618457482,13:23:16.618,34.5000,85
48211313838582,13:23:31.313,34.3500,16
49136318214383,13:38:56.318,34.3500,6
49136318815154,13:38:56.318,34.3500,6
49154013101090,13:39:14.013,34.3500,28
49154013101090,13:39:14.013,34.3300,167
49161909822461,13:39:21.909,34.3300,60
49161909822461,13:39:21.909,34.3300,29
49202319361759,13:40:02.319,34.3300,18
49478613284385,13:44:38.613,34.3300,53
49478613284385,13:44:38.613,34.3300,42
49709261951240,13:48:29.261,34.1200,12
49709261951240,13:48:29.261,34.0800,8
49944018605444,13:52:24.018,34.1300,50
49944018605444,13:52:24.018,34.1200,50
49944091703279,13:52:24.091,34.4500,3
49944091703279,13:52:24.091,34.4800,3
50071328777123,13:54:31.328,34.1500,30
50071342425283,13:54:31.342,34.4300,1
50657472485201,14:04:17.472,34.1800,4
50657473334817,14:04:17.473,34.1800,4
50763473749629,14:06:03.473,34.2200,22
51099171936339,14:11:39.171,34.4300,11
51493495265870,14:18:13.495,34.2600,30
51662028098585,14:21:02.028,34.4300,5
51662039169501,14:21:02.039,34.4300,3
51662115155303,14:21:02.115,34.4300,3
51740735597998,14:22:20.735,34.4300,5
51747447226457,14:22:27.447,34.4300,3
51922739113609,14:25:22.739,34.3600,5
51922751009047,14:25:22.751,34.4100,5
52015511937159,14:26:55.511,34.3700,100
52015528380395,14:26:55.528,34.4800,5
52019472792226,14:26:59.472,34.4800,5
52022945584570,14:27:02.945,34.4800,2
52022945584570,14:27:02.945,34.4800,3
52030557532871,14:27:10.557,34.4400,122
52031412822598,14:27:11.412,34.4600,2
52039304355045,14:27:19.304,34.4400,78
52039304540939,14:27:19.304,34.4400,70
52039437836379,14:27:19.437,34.4300,26
52039454727680,14:27:19.454,34.4300,5
52039490920477,14:27:19.490,34.4300,3
52539271699561,14:35:39.271,34.3000,24
53580549928920,14:53:00.549,34.4000,7
53651971517620,14:54:11.971,34.4500,5
53697118710002,14:54:57.118,34.5000,16
53722914985193,14:55:22.914,34.4800,8
53722914985193,14:55:22.914,34.5300,8
53751142256642,14:55:51.142,34.5300,16
53754802418616,14:55:54.802,34.4900,1
53754802418616,14:55:54.802,34.3200,26
53754802418616,14:55:54.802,34.3100,73
53754820502909,14:55:54.820,34.5300,5
53765060567434,14:56:05.060,34.3600,11
53765060567434,14:56:05.060,34.3300,45
53765070779655,14:56:05.070,34.5000,5
53817521484501,14:56:57.521,34.5000,8
53958556306857,14:59:18.556,34.4900,2
53975602250718,14:59:35.602,34.4800,8
53999757024600,14:59:59.757,34.4800,1
54013164949898,15:00:13.164,34.4800,5
54232559988777,15:03:52.559,34.3500,11
54232792764165,15:03:52.792,34.4800,1
54354560812327,15:05:54.560,34.3500,34
54354614983328,15:05:54.614,34.4800,2
55091570007244,15:18:11.570,34.4100,11
55091570007244,15:18:11.570,34.3300,19
55268754662748,15:21:08.754,34.5300,7
55268754662748,15:21:08.754,34.5500,91
55268754662748,15:21:08.754,34.5800,50
55268754662748,15:21:08.754,34.8300,20
55377818778957,15:22:57.818,34.4100,10
55377818778957,15:22:57.818,34.3900,90
55650348638506,15:27:30.348,34.4300,60
55650348638506,15:27:30.348,34.4200,11
55650348638506,15:27:30.348,34.4100,56
55650348638506,15:27:30.348,34.3900,73
55732593636352,15:28:52.593,34.3900,30
55976631003389,15:32:56.631,34.4000,100
56061692479426,15:34:21.692,34.4000,100
56061692479426,15:34:21.692,34.4000,40
56061692479426,15:34:21.692,34.4000,33
56061772214092,15:34:21.772,34.5800,10
56073060425947,15:34:33.060,34.5800,2
56296776575198,15:38:16.776,34.5000,100
56721628505824,15:45:21.628,34.3900,30
56767921191732,15:46:07.921,34.3900,20
56767921191732,15:46:07.921,34.3900,5
56767921191732,15:46:07.921,34.3900,1
56942595588531,15:49:02.595,34.3700,96
56942595588531,15:49:02.595,34.3400,96
56942595588531,15:49:02.595,34.3200,100
56942599565060,15:49:02.599,34.3900,68
56953658367044,15:49:13.658,34.3900,32
56953658367044,15:49:13.658,34.3900,5
56972059720338,15:49:32.059,34.3200,94
56972094502435,15:49:32.094,34.4800,5
57024633364013,15:50:24.633,34.3300,30
57248006607440,15:54:08.006,34.4300,5
57264007131208,15:54:24.007,34.4300,9
57278137926982,15:54:38.137,34.4000,50
57278137926982,15:54:38.137,34.4000,100
57278137926982,15:54:38.137,34.3300,66
57278137926982,15:54:38.137,34.3300,84
57427212844017,15:57:07.212,34.6700,2
57429174279988,15:57:09.174,34.6700,6
57448034477473,15:57:28.034,34.4700,2
57452034783797,15:57:32.034,34.4700,6
57453038194747,15:57:33.038,34.4700,5
57455034575742,15:57:35.034,34.4700,5
57455219886018,15:57:35.219,34.5900,1
57466034720467,15:57:46.034,34.5000,7
57514837164312,15:58:34.837,34.5000,1
57558064119321,15:59:18.064,34.5100,6
57560062709776,15:59:20.062,34.5100,7
57561064062055,15:59:21.064,34.5100,7
57562066840527,15:59:22.066,34.5100,6
57563062380749,15:59:23.062,34.5200,6
57584058171563,15:59:44.058,34.6200,2
57585637794020,15:59:45.637,34.5400,8
57585649335765,15:59:45.649,34.6200,1
57593079313076,15:59:53.079,34.6000,1
57594315181004,15:59:54.315,34.6000,1
57597124416598,15:59:57.124,34.5600,100
57597133885537,15:59:57.133,34.6000,19
57597233865866,15:59:57.233,34.6000,5
57597245885262,15:59:57.245,34.6000,6
57599981601863,15:59:59.981,34.6000,67
57599981707909,15:59:59.981,34.6000,33
57599981707909,15:59:59.981,34.6000,100
57600486372131,16:00:00.486,34.6500,2623
57706731429658,16:01:46.731,34.4300,18
