timestamp,time,price,volume
34174116854993,09:29:34.116,54.6700,98
34198116054753,09:29:58.116,54.7600,200
34198116390378,09:29:58.116,54.7600,100
34199965944123,09:29:59.965,54.7000,98
34200440736269,09:30:00.440,54.5900,24318
34264997173042,09:31:04.997,54.5200,18
34277939629597,09:31:17.939,54.5500,99
34296365335291,09:31:36.365,54.5500,1
34296365335291,09:31:36.365,54.5500,26
34296365361106,09:31:36.365,54.5400,100
34296365370960,09:31:36.365,54.5500,100
34296365443102,09:31:36.365,54.5400,100
34296365507634,09:31:36.365,54.5400,72
34296365532041,09:31:36.365,54.5400,515
34296365532041,09:31:36.365,54.5400,46
34296365548835,09:31:36.365,54.5400,5
34296365573536,09:31:36.365,54.5400,50
34296365578976,09:31:36.365,54.5400,45
34296365578976,09:31:36.365,54.5400,55
34296365628933,09:31:36.365,54.5400,17
34296365628933,09:31:36.365,54.5400,46
34296365683683,09:31:36.365,54.5400,73
34296365709893,09:31:36.365,54.5300,72
34296365969353,09:31:36.365,54.5300,48
34296365969353,09:31:36.365,54.5400,2
34296368612146,09:31:36.368,54.5000,23
34296368612146,09:31:36.368,54.5000,77
34296480956405,09:31:36.480,54.4800,3
34296481329355,09:31:36.481,54.4700,40
34296481329355,09:31:36.481,54.4800,60
34296481364384,09:31:36.481,54.4800,59
34296481388523,09:31:36.481,54.5000,100
34297367784109,09:31:37.367,54.4300,37
34298525415819,09:31:38.525,54.5000,15
34298525449003,09:31:38.525,54.5000,33
34400839451954,09:33:20.839,54.5600,100
34400839482164,09:33:20.839,54.5600,30
34400839851243,09:33:20.839,54.5600,100
34400840187828,09:33:20.840,54.5600,100
34400840276080,09:33:20.840,54.5600,53
34444667681999,09:34:04.667,54.5000,100
34444667754233,09:34:04.667,54.5000,100
34474583790158,09:34:34.583,54.4900,10
34503750078748,09:35:03.750,54.4900,100
34503750078748,09:35:03.750,54.4900,100
34503750078748,09:35:03.750,54.5000,100
34503750651808,09:35:03.750,54.5000,100
34503750651808,09:35:03.750,54.5000,100
34503750651808,09:35:03.750,54.5000,16
34503750651808,09:35:03.750,54.5000,3
34503750651808,09:35:03.750,54.5000,81
34503750992317,09:35:03.750,54.5000,2
34503751019288,09:35:03.751,54.5000,17
34503751019288,09:35:03.751,54.5000,100
34503751445651,09:35:03.751,54.5000,49
34504120799465,09:35:04.120,54.5000,51
34504120799465,09:35:04.120,54.5000,40
34504120799465,09:35:04.120,54.5000,100
34506633356501,09:35:06.633,54.5200,4
34506688580608,09:35:06.688,54.5200,96
34506688580608,09:35:06.688,54.5200,100
34515527777115,09:35:15.527,54.5500,100
34537972325862,09:35:37.972,54.5200,100
34537972325862,09:35:37.972,54.5200,100
34537972325862,09:35:37.972,54.5200,10
34537981019763,09:35:37.981,54.5200,1
34546307017274,09:35:46.307,54.5200,2
34552326188901,09:35:52.326,54.5200,87
34555273005827,09:35:55.273,54.5200,11
34559903172253,09:35:59.903,54.4800,99
34559905154964,09:35:59.905,54.4800,1
34559905237576,09:35:59.905,54.4900,100
34559905346153,09:35:59.905,54.4800,1
34559905542061,09:35:59.905,54.4800,99
34559905621418,09:35:59.905,54.4700,100
34559906009649,09:35:59.906,54.4800,200
34560011666450,09:36:00.011,54.4800,277
34560011666450,09:36:00.011,54.4800,100
34560083073291,09:36:00.083,54.4800,100
34560083073291,09:36:00.083,54.4800,100
34578000804737,09:36:18.000,54.4900,2
34578000804737,09:36:18.000,54.4900,2
34578000804737,09:36:18.000,54.4900,96
34578000831357,09:36:18.000,54.4900,4
34596625292788,09:36:36.625,54.4600,5
34601314383399,09:36:41.314,54.4600,2
34601314383399,09:36:41.314,54.4600,98
34601314410879,09:36:41.314,54.4600,2
34612110117302,09:36:52.110,54.4100,100
34612110197198,09:36:52.110,54.4000,100
34612110197198,09:36:52.110,54.4000,100
34617025254822,09:36:57.025,54.4100,2
34617025254822,09:36:57.025,54.4100,30
34617025284074,09:36:57.025,54.4100,70
34634421939335,09:37:14.421,54.4000,2
34636595210832,09:37:16.595,54.4000,98
34636595210832,09:37:16.595,54.4000,2
34650768275784,09:37:30.768,54.4000,98
34669023457893,09:37:49.023,54.3900,2
34669023987506,09:37:49.023,54.4100,2
34669023987506,09:37:49.023,54.4100,96
34674595596377,09:37:54.595,54.4100,4
34677666117051,09:37:57.666,54.4400,100
34677666117051,09:37:57.666,54.4400,100
34701310410122,09:38:21.310,54.4300,2
34731672528771,09:38:51.672,54.4200,1
34737038600608,09:38:57.038,54.4500,2
34737039777836,09:38:57.039,54.4600,100
34737039777836,09:38:57.039,54.4600,100
34737040899681,09:38:57.040,54.4500,2
34737242820996,09:38:57.242,54.4800,39
34737242858780,09:38:57.242,54.4800,61
34761310214884,09:39:21.310,54.4800,2
34761873618486,09:39:21.873,54.4800,4
34791310444090,09:39:51.310,54.4900,3
34792773818403,09:39:52.773,54.5200,35
34795116162381,09:39:55.116,54.5200,65
34795116162381,09:39:55.116,54.5200,35
34795116190229,09:39:55.116,54.5200,65
34800184791670,09:40:00.184,54.5000,99
34800658762039,09:40:00.658,54.5000,1
34800658762039,09:40:00.658,54.5000,10
34801615345437,09:40:01.615,54.5100,2
34823857499269,09:40:23.857,54.5000,99
34873286786725,09:41:13.286,54.5700,100
34873286880203,09:41:13.286,54.5700,100
34873286888832,09:41:13.286,54.5700,100
34873286895217,09:41:13.286,54.5700,15
34873286993783,09:41:13.286,54.5700,85
34878372571255,09:41:18.372,54.5500,100
34878372571255,09:41:18.372,54.5400,100
34886593942535,09:41:26.593,54.5300,100
34886604898396,09:41:26.604,54.5000,100
34888097907862,09:41:28.097,54.5200,100
34930491106065,09:42:10.491,54.5000,70
34956497930672,09:42:36.497,54.4900,100
34956497930672,09:42:36.497,54.4900,100
34956497930672,09:42:36.497,54.4900,10
34956497961205,09:42:36.497,54.4900,90
34962857375454,09:42:42.857,54.5000,100
34990032772079,09:43:10.032,54.4800,194
34990032772079,09:43:10.032,54.4800,100
35019963036106,09:43:39.963,54.4300,70
35019963068266,09:43:39.963,54.4300,30
35019971274999,09:43:39.971,54.4200,6
35023097770854,09:43:43.097,54.4600,100
35023098648465,09:43:43.098,54.4700,100
35023135347855,09:43:43.135,54.4900,100
35023151071562,09:43:43.151,54.4900,100
35023896488545,09:43:43.896,54.5000,100
35047907437039,09:44:07.907,54.4500,150
35047908005516,09:44:07.908,54.4500,50
35049023293583,09:44:09.023,54.4300,99
35051855953813,09:44:11.855,54.4700,110
35139510855013,09:45:39.510,54.4500,74
35145439734065,09:45:45.439,54.4900,101
35152051742164,09:45:52.051,54.4900,1
35162970673728,09:46:02.970,54.4900,4
35191490012137,09:46:31.490,54.5300,100
35191490012137,09:46:31.490,54.5300,27
35191490037294,09:46:31.490,54.5300,73
35191837622790,09:46:31.837,54.5400,100
35191837622790,09:46:31.837,54.5400,100
35226953371739,09:47:06.953,54.5300,200
35226953371739,09:47:06.953,54.5200,100
35226953371739,09:47:06.953,54.5200,2
35226953371739,09:47:06.953,54.5200,100
35226953371739,09:47:06.953,54.5200,100
35226953371739,09:47:06.953,54.5200,98
35226953663267,09:47:06.953,54.5200,2
35226954888255,09:47:06.954,54.5000,48
35226954938762,09:47:06.954,54.5000,52
35232168240582,09:47:12.168,54.5100,5
35232168265921,09:47:12.168,54.5100,80
35232168265921,09:47:12.168,54.5100,100
35232168265921,09:47:12.168,54.5100,129
35244162257514,09:47:24.162,54.5000,100
35244950334702,09:47:24.950,54.5200,100
35244950334702,09:47:24.950,54.5200,100
35284022989893,09:48:04.022,54.5000,2
35286875917987,09:48:06.875,54.4900,92
35286933993781,09:48:06.933,54.5200,3
35286934022466,09:48:06.934,54.5200,97
35286934080340,09:48:06.934,54.5200,26
35288084391404,09:48:08.084,54.4900,8
35288084391404,09:48:08.084,54.4900,100
35288084391404,09:48:08.084,54.4900,92
35319079449259,09:48:39.079,54.5000,22
35319079449259,09:48:39.079,54.5000,2
35319079449259,09:48:39.079,54.4900,8
35319079449259,09:48:39.079,54.4900,92
35333103906589,09:48:53.103,54.4800,100
35333103906589,09:48:53.103,54.4800,100
35334784055845,09:48:54.784,54.4800,100
35334784651383,09:48:54.784,54.4800,200
35338742419728,09:48:58.742,54.4900,7
35340136196737,09:49:00.136,54.4800,22
35340136196737,09:49:00.136,54.4800,78
35359605048123,09:49:19.605,54.4800,29
35364385992663,09:49:24.385,54.4800,2
35373999248458,09:49:33.999,54.4500,100
35416983840138,09:50:16.983,54.4800,100
35416983840138,09:50:16.983,54.4800,100
35417258082827,09:50:17.258,54.4700,2
35463033288183,09:51:03.033,54.4600,2
35474649269521,09:51:14.649,54.4900,1
35534984809898,09:52:14.984,54.4600,2
35534984809898,09:52:14.984,54.4500,100
35534984809898,09:52:14.984,54.4500,98
35539526175918,09:52:19.526,54.4500,2
35539526175918,09:52:19.526,54.4500,98
35542862638464,09:52:22.862,54.4600,100
35542862638464,09:52:22.862,54.4600,100
35556152604125,09:52:36.152,54.4600,35
35563617560573,09:52:43.617,54.4400,5
35586928210727,09:53:06.928,54.4600,2
35588612977498,09:53:08.612,54.4500,23
35588612977498,09:53:08.612,54.4400,77
35616129616701,09:53:36.129,54.4500,18
35616129616701,09:53:36.129,54.4500,2
35616298286979,09:53:36.298,54.4700,100
35616332812750,09:53:36.332,54.4700,100
35616332812750,09:53:36.332,54.4700,1
35627972197700,09:53:47.972,54.4700,114
35627972197700,09:53:47.972,54.4700,57
35667462322756,09:54:27.462,54.4500,2
35691992852266,09:54:51.992,54.4600,1
35692612885763,09:54:52.612,54.4750,100
35693623125777,09:54:53.623,54.4750,100
35693623339174,09:54:53.623,54.4750,100
35716986599306,09:55:16.986,54.4800,2
35716986629893,09:55:16.986,54.4800,187
35716986675400,09:55:16.986,54.4800,11
35716986675400,09:55:16.986,54.4800,100
35716986675400,09:55:16.986,54.4800,100
35716986675400,09:55:16.986,54.4800,100
35716986675400,09:55:16.986,54.4800,100
35717099410347,09:55:17.099,54.4900,92
35717099410347,09:55:17.099,54.4900,8
35717099471256,09:55:17.099,54.4900,92
35722045745692,09:55:22.045,54.5000,100
35722045745692,09:55:22.045,54.5000,100
35722045745692,09:55:22.045,54.5000,100
35761684002084,09:56:01.684,54.4800,2
35761693266649,09:56:01.693,54.4800,106
35761693531402,09:56:01.693,54.4800,106
35764312866065,09:56:04.312,54.4750,100
35764312880740,09:56:04.312,54.4700,73
35765500260055,09:56:05.500,54.4750,100
35767226921194,09:56:07.226,54.4750,106
35767228662411,09:56:07.228,54.4750,100
35777562340403,09:56:17.562,54.4750,200
35783360473802,09:56:23.360,54.4800,100
35783360473802,09:56:23.360,54.4800,100
35783360796051,09:56:23.360,54.4800,100
35806034385655,09:56:46.034,54.5000,100
35806038876183,09:56:46.038,54.5100,100
35811987898982,09:56:51.987,54.5200,100
35863006304081,09:57:43.006,54.5400,2
35864052919339,09:57:44.052,54.5200,400
35871550382689,09:57:51.550,54.5200,200
35871586344393,09:57:51.586,54.5200,100
35871960186804,09:57:51.960,54.5100,20
35871960230904,09:57:51.960,54.5200,100
35871960445751,09:57:51.960,54.5200,200
35872211091009,09:57:52.211,54.5300,6
35881225514025,09:58:01.225,54.5200,100
35881225514025,09:58:01.225,54.5100,80
35881225630060,09:58:01.225,54.5100,100
35881721748237,09:58:01.721,54.5150,100
35882077828123,09:58:02.077,54.5150,100
35885024923703,09:58:05.024,54.5150,100
35887785127363,09:58:07.785,54.5150,100
35891847128736,09:58:11.847,54.5150,100
35914983486594,09:58:34.983,54.5200,73
35914983500460,09:58:34.983,54.5200,21
35914983500460,09:58:34.983,54.5200,7
35914985526350,09:58:34.985,54.5300,100
35914988416410,09:58:34.988,54.5300,100
35915970951612,09:58:35.970,54.5300,100
35922413174539,09:58:42.413,54.5300,55
35969801545335,09:59:29.801,54.5250,200
35969801798247,09:59:29.801,54.5100,100
35969801798247,09:59:29.801,54.5100,100
35969803414757,09:59:29.803,54.5100,100
35969807438121,09:59:29.807,54.5100,100
35969807438834,09:59:29.807,54.5100,100
35970025004473,09:59:30.025,54.5000,100
35970164582084,09:59:30.164,54.4900,97
36003012324535,10:00:03.012,54.4800,100
36003012655384,10:00:03.012,54.4800,100
36003494953429,10:00:03.494,54.4850,100
36011159555438,10:00:11.159,54.4800,100
36011159555438,10:00:11.159,54.4800,100
36011159581178,10:00:11.159,54.4800,100
36011159581178,10:00:11.159,54.4800,100
36011160142052,10:00:11.160,54.4800,100
36011160978858,10:00:11.160,54.4700,100
36013684414329,10:00:13.684,54.4600,100
36013684421391,10:00:13.684,54.4600,28
36013684475614,10:00:13.684,54.4600,72
36013684503195,10:00:13.684,54.4600,100
36015021354030,10:00:15.021,54.4500,100
36015021380806,10:00:15.021,54.4500,100
36017061752766,10:00:17.061,54.4400,100
36029586380887,10:00:29.586,54.4400,39
36029586402901,10:00:29.586,54.4400,61
36050236270583,10:00:50.236,54.4500,200
36050236712663,10:00:50.236,54.4500,50
36066224260309,10:01:06.224,54.4500,100
36066224260309,10:01:06.224,54.4500,100
36066224568864,10:01:06.224,54.4500,100
36079073691594,10:01:19.073,54.4600,100
36079073691594,10:01:19.073,54.4600,200
36079073691594,10:01:19.073,54.4600,100
36079073827203,10:01:19.073,54.4700,100
36079073827203,10:01:19.073,54.4700,100
36101937414012,10:01:41.937,54.4800,100
36101937414012,10:01:41.937,54.4800,100
36101937414012,10:01:41.937,54.4800,100
36101937414012,10:01:41.937,54.4800,100
36110831514780,10:01:50.831,54.4700,63
36110831556548,10:01:50.831,54.4800,206
36110831564702,10:01:50.831,54.4700,50
36110831578041,10:01:50.831,54.4700,68
36110831606803,10:01:50.831,54.4800,194
36110831606803,10:01:50.831,54.4700,19
36110831606803,10:01:50.831,54.4700,100
36110831606803,10:01:50.831,54.4700,56
36110831611679,10:01:50.831,54.4700,44
36110831611679,10:01:50.831,54.4700,100
36110831611679,10:01:50.831,54.4700,100
36110831961829,10:01:50.831,54.4700,100
36110836421967,10:01:50.836,54.4800,100
36110836421967,10:01:50.836,54.4800,100
36110836481375,10:01:50.836,54.4800,100
36110836481375,10:01:50.836,54.4800,100
36110841732198,10:01:50.841,54.4700,100
36112024152822,10:01:52.024,54.4700,100
36112024152822,10:01:52.024,54.4700,100
36118746107929,10:01:58.746,54.4750,200
36123070949200,10:02:03.070,54.4700,100
36123070949200,10:02:03.070,54.4700,100
36123070949200,10:02:03.070,54.4700,100
36123071107300,10:02:03.071,54.4700,100
36123072657613,10:02:03.072,54.4600,100
36123073018270,10:02:03.073,54.4600,50
36123073028512,10:02:03.073,54.4600,50
36123443615478,10:02:03.443,54.4600,100
36126763440500,10:02:06.763,54.4500,74
36126763941999,10:02:06.763,54.4500,100
36126763967865,10:02:06.763,54.4500,100
36126764081823,10:02:06.764,54.4500,100
36126764523213,10:02:06.764,54.4500,100
36126764523213,10:02:06.764,54.4500,100
36126764523213,10:02:06.764,54.4500,100
36126764523213,10:02:06.764,54.4400,100
36127870371797,10:02:07.870,54.4400,100
36134300962864,10:02:14.300,54.4200,70
36146293217272,10:02:26.293,54.4000,100
36146293217272,10:02:26.293,54.4000,5
36146298479558,10:02:26.298,54.3900,100
36155668820649,10:02:35.668,54.3900,100
36157415481350,10:02:37.415,54.3900,100
36157415481350,10:02:37.415,54.3900,5
36157415481350,10:02:37.415,54.3900,200
36157415481350,10:02:37.415,54.3900,95
36157415512680,10:02:37.415,54.3900,5
36160560506094,10:02:40.560,54.3800,100
36160560506094,10:02:40.560,54.3800,100
36160560506094,10:02:40.560,54.3800,100
36160560506094,10:02:40.560,54.3800,100
36160560822025,10:02:40.560,54.3800,100
36160561052298,10:02:40.561,54.3700,100
36160561052298,10:02:40.561,54.3700,100
36160561052298,10:02:40.561,54.3700,100
36160562294465,10:02:40.562,54.3800,100
36160566247387,10:02:40.566,54.3900,100
36160566247387,10:02:40.566,54.3900,100
36160569700975,10:02:40.569,54.3900,100
36160569700975,10:02:40.569,54.3900,100
36160572668169,10:02:40.572,54.3800,30
36160583035317,10:02:40.583,54.3800,100
36160583035317,10:02:40.583,54.3800,100
36160583035317,10:02:40.583,54.3800,100
36166688068080,10:02:46.688,54.3600,2
36166688068080,10:02:46.688,54.3600,97
36166688068080,10:02:46.688,54.3600,100
36182196941049,10:03:02.196,54.3500,100
36182197616888,10:03:02.197,54.3500,100
36182197616888,10:03:02.197,54.3500,100
36182377411118,10:03:02.377,54.3500,100
36182397935571,10:03:02.397,54.3400,100
36182401473084,10:03:02.401,54.3400,100
36186968000985,10:03:06.968,54.3500,100
36186968000985,10:03:06.968,54.3500,100
36186986973661,10:03:06.986,54.3600,100
36186987489887,10:03:06.987,54.3600,100
36189747030792,10:03:09.747,54.3600,100
36189748288319,10:03:09.748,54.3700,100
36189748288319,10:03:09.748,54.3700,100
36189748445200,10:03:09.748,54.3700,100
36189748489051,10:03:09.748,54.3750,100
36189748489051,10:03:09.748,54.3750,100
36197292665438,10:03:17.292,54.3700,10
36197609506950,10:03:17.609,54.3800,100
36197609506950,10:03:17.609,54.3800,100
36197610931018,10:03:17.610,54.3900,90
36197610958980,10:03:17.610,54.3900,10
36203574192758,10:03:23.574,54.4000,100
36203574777444,10:03:23.574,54.4000,100
36206607087366,10:03:26.607,54.4100,100
36206607112247,10:03:26.607,54.4100,100
36216268640620,10:03:36.268,54.4100,108
36217825254405,10:03:37.825,54.4400,100
36223522314802,10:03:43.522,54.4100,100
36230606693681,10:03:50.606,54.4000,99
36231546699024,10:03:51.546,54.4100,35
36254897204570,10:04:14.897,54.4100,3
36255581630705,10:04:15.581,54.4150,100
36256531799525,10:04:16.531,54.4150,100
36257868091869,10:04:17.868,54.4200,200
36262270587588,10:04:22.270,54.4200,31
36268620996185,10:04:28.620,54.4300,100
36268620996185,10:04:28.620,54.4300,100
36297659051772,10:04:57.659,54.4300,5
36319922724634,10:05:19.922,54.4200,100
36320025173041,10:05:20.025,54.4200,100
36324699835246,10:05:24.699,54.4250,100
36324795443413,10:05:24.795,54.4250,100
36324795443413,10:05:24.795,54.4200,100
36341762175790,10:05:41.762,54.4200,140
36341765606991,10:05:41.765,54.4300,94
36344096934831,10:05:44.096,54.4400,100
36346091468695,10:05:46.091,54.4500,100
36346091468695,10:05:46.091,54.4500,100
36346091468695,10:05:46.091,54.4500,100
36346091468695,10:05:46.091,54.4500,100
36346091830452,10:05:46.091,54.4500,43
36350251734456,10:05:50.251,54.4550,100
36357639229063,10:05:57.639,54.4600,100
36357639229063,10:05:57.639,54.4600,100
36357639281532,10:05:57.639,54.4600,50
36357639770717,10:05:57.639,54.4600,50
36381027747918,10:06:21.027,54.4700,5
36405028617192,10:06:45.028,54.4700,100
36413089827515,10:06:53.089,54.4800,48
36413090261953,10:06:53.090,54.4800,48
36414081227473,10:06:54.081,54.4900,100
36414081227473,10:06:54.081,54.4900,100
36418721861726,10:06:58.721,54.5000,66
36418722365063,10:06:58.722,54.5000,34
36430024278191,10:07:10.024,54.5100,4
36430024278191,10:07:10.024,54.5100,104
36430024278191,10:07:10.024,54.5100,92
36430024334148,10:07:10.024,54.5100,8
36430024334148,10:07:10.024,54.5100,100
36437160092600,10:07:17.160,54.5000,100
36437160092600,10:07:17.160,54.5000,67
36437160124867,10:07:17.160,54.5000,33
36487728655759,10:08:07.728,54.5200,6
36487729415699,10:08:07.729,54.5300,137
36487729415699,10:08:07.729,54.5300,100
36507703557599,10:08:27.703,54.5300,37
36521750925910,10:08:41.750,54.5100,100
36521750964464,10:08:41.750,54.5100,6
36521751012787,10:08:41.751,54.5100,94
36553388417074,10:09:13.388,54.5100,100
36553388457218,10:09:13.388,54.5100,100
36553389942361,10:09:13.389,54.5100,100
36586180694305,10:09:46.180,54.5200,200
36623476158435,10:10:23.476,54.5100,100
36623476288443,10:10:23.476,54.5100,100
36623476538230,10:10:23.476,54.5100,100
36623477585504,10:10:23.477,54.5000,100
36623523356008,10:10:23.523,54.5100,100
36623523356008,10:10:23.523,54.5100,100
36625890072930,10:10:25.890,54.5100,100
36625890128444,10:10:25.890,54.5100,100
36625890128444,10:10:25.890,54.5100,2
36635910085892,10:10:35.910,54.5200,5
36635910085892,10:10:35.910,54.5200,200
36663412219321,10:11:03.412,54.5000,100
36663412219321,10:11:03.412,54.5000,100
36663412219321,10:11:03.412,54.5000,200
36668148727100,10:11:08.148,54.4900,70
36668148753732,10:11:08.148,54.4900,30
36668148753732,10:11:08.148,54.4900,100
36669088035933,10:11:09.088,54.4800,100
36669088066025,10:11:09.088,54.4800,100
36669088086592,10:11:09.088,54.4800,100
36669972135747,10:11:09.972,54.4800,100
36675982820555,10:11:15.982,54.4800,100
36675982983892,10:11:15.982,54.4800,100
36675984021311,10:11:15.984,54.4700,100
36675984021311,10:11:15.984,54.4700,100
36675984021311,10:11:15.984,54.4700,100
36708689953478,10:11:48.689,54.4800,68
36708691113559,10:11:48.691,54.4800,100
36708691113559,10:11:48.691,54.4800,200
36708692216645,10:11:48.692,54.4900,38
36764615496214,10:12:44.615,54.4900,100
36764615551320,10:12:44.615,54.4900,62
36764615551320,10:12:44.615,54.4900,5
36764730254129,10:12:44.730,54.4900,100
36773382114952,10:12:53.382,54.4700,100
36773382114952,10:12:53.382,54.4700,1
36773382114952,10:12:53.382,54.4700,37
36778561539545,10:12:58.561,54.4600,100
36814004552997,10:13:34.004,54.4300,52
36814004580313,10:13:34.004,54.4300,48
36814004641635,10:13:34.004,54.4300,38
36817323523182,10:13:37.323,54.4300,100
36817323549774,10:13:37.323,54.4300,100
36879614674654,10:14:39.614,54.4400,200
36879614710008,10:14:39.614,54.4400,5
36879614729236,10:14:39.614,54.4400,5
36879614795103,10:14:39.614,54.4400,5
36879618109402,10:14:39.618,54.4400,90
36879618109402,10:14:39.618,54.4400,5
36879618267686,10:14:39.618,54.4400,95
36879623180629,10:14:39.623,54.4400,5
36879624564668,10:14:39.624,54.4300,100
36879624564668,10:14:39.624,54.4300,33
36879624564668,10:14:39.624,54.4300,67
36879697333615,10:14:39.697,54.4400,100
36884681293727,10:14:44.681,54.4400,10
36884681293727,10:14:44.681,54.4400,90
36887868183046,10:14:47.868,54.4400,68
36887868193815,10:14:47.868,54.4400,32
36917505245531,10:15:17.505,54.4500,100
36984538879642,10:16:24.538,54.4500,100
37002271014560,10:16:42.271,54.4500,5
37002271014560,10:16:42.271,54.4500,95
37002271070589,10:16:42.271,54.4500,5
37002271070589,10:16:42.271,54.4500,14
37005574896222,10:16:45.574,54.4400,50
37065627924221,10:17:45.627,54.4500,100
37065627924221,10:17:45.627,54.4500,37
37065659399642,10:17:45.659,54.4400,100
37065660035949,10:17:45.660,54.4300,3
37081513181371,10:18:01.513,54.4200,100
37089862383513,10:18:09.862,54.4000,100
37089863568596,10:18:09.863,54.4000,100
37120234702251,10:18:40.234,54.3800,60
37128701735023,10:18:48.701,54.3800,140
37133808299942,10:18:53.808,54.3900,100
37164685348564,10:19:24.685,54.4000,5
37164685348564,10:19:24.685,54.4000,104
37165376512383,10:19:25.376,54.4000,100
37165626248116,10:19:25.626,54.4000,47
37174215588486,10:19:34.215,54.4100,100
37174215623778,10:19:34.215,54.4100,200
37176065661814,10:19:36.065,54.4200,100
37187852740147,10:19:47.852,54.4250,2
37188496451109,10:19:48.496,54.4200,100
37192757138539,10:19:52.757,54.4200,32
37201243136845,10:20:01.243,54.4200,100
37201243136845,10:20:01.243,54.4200,30
37214563916506,10:20:14.563,54.4300,100
37214563916506,10:20:14.563,54.4300,100
37214563916506,10:20:14.563,54.4300,100
37214563943441,10:20:14.563,54.4300,5
37214568179115,10:20:14.568,54.4400,100
37215031682366,10:20:15.031,54.4550,100
37217632069557,10:20:17.632,54.4550,100
37217632069557,10:20:17.632,54.4600,100
37217632098221,10:20:17.632,54.4600,100
37229344811189,10:20:29.344,54.4800,3
37253030178093,10:20:53.030,54.4800,97
37273299109372,10:21:13.299,54.4800,100
37273299109372,10:21:13.299,54.4800,100
37273299109372,10:21:13.299,54.4800,100
37325849728210,10:22:05.849,54.4900,6
37383901356925,10:23:03.901,54.5100,200
37384123966209,10:23:04.123,54.5100,37
37405002914374,10:23:25.002,54.5200,100
37446761084741,10:24:06.761,54.5300,100
37446761110850,10:24:06.761,54.5300,100
37446761680315,10:24:06.761,54.5400,6
37446761680315,10:24:06.761,54.5400,100
37446766928943,10:24:06.766,54.5400,100
37446766928943,10:24:06.766,54.5400,100
37449158274512,10:24:09.158,54.5400,100
37468610753579,10:24:28.610,54.5400,100
37468610753579,10:24:28.610,54.5400,200
37468612863180,10:24:28.612,54.5300,100
37468654122803,10:24:28.654,54.5200,100
37468654149872,10:24:28.654,54.5200,100
37473834080227,10:24:33.834,54.5200,100
37473834080227,10:24:33.834,54.5200,38
37473834097591,10:24:33.834,54.5200,62
37514531726091,10:25:14.531,54.5300,100
37514536925915,10:25:14.536,54.5400,197
37518451846188,10:25:18.451,54.5400,100
37518451895644,10:25:18.451,54.5400,38
37518452031285,10:25:18.452,54.5400,62
37542574102909,10:25:42.574,54.5550,100
37542584807222,10:25:42.584,54.5550,100
37562124881015,10:26:02.124,54.5500,74
37575177540042,10:26:15.177,54.5500,26
37575177540042,10:26:15.177,54.5500,42
37575177559499,10:26:15.177,54.5500,50
37575177595741,10:26:15.177,54.5500,8
37580420949541,10:26:20.420,54.5500,68
37580420949541,10:26:20.420,54.5500,100
37630041624222,10:27:10.041,54.5200,43
37630042745830,10:27:10.042,54.5200,27
37637388700243,10:27:17.388,54.5200,78
37693818900995,10:28:13.818,54.5200,131
37693818900995,10:28:13.818,54.5200,69
37693818934879,10:28:13.818,54.5200,31
37693818934879,10:28:13.818,54.5200,5
37719535115972,10:28:39.535,54.5200,100
37719535115972,10:28:39.535,54.5200,16
37737155425793,10:28:57.155,54.5300,20
37747072547484,10:29:07.072,54.5450,100
37748234085744,10:29:08.234,54.5500,100
37748234085744,10:29:08.234,54.5500,100
37748329100462,10:29:08.329,54.5600,100
37852430647236,10:30:52.430,54.5700,28
37852431015441,10:30:52.431,54.5700,66
37852431021023,10:30:52.431,54.5700,6
37852431021023,10:30:52.431,54.5700,59
37852431040640,10:30:52.431,54.5700,41
37852431040640,10:30:52.431,54.5700,2
37852431040640,10:30:52.431,54.5700,1
37869747384097,10:31:09.747,54.5700,100
37869747384097,10:31:09.747,54.5700,92
37871406954530,10:31:11.406,54.5600,10
37871886976654,10:31:11.886,54.5600,90
37882291601509,10:31:22.291,54.5600,100
37882291601509,10:31:22.291,54.5600,5
37882291601509,10:31:22.291,54.5600,100
37882291601509,10:31:22.291,54.5600,95
37882291629377,10:31:22.291,54.5600,57
37882291633487,10:31:22.291,54.5600,57
37882291652389,10:31:22.291,54.5600,43
37965427900326,10:32:45.427,54.5700,15
37965428463759,10:32:45.428,54.5700,85
37965428463759,10:32:45.428,54.5700,5
37965428696375,10:32:45.428,54.5700,100
37965428696375,10:32:45.428,54.5700,100
38040026891357,10:34:00.026,54.5700,100
38040026891357,10:34:00.026,54.5700,2
38044109284771,10:34:04.109,54.5600,100
38065466432816,10:34:25.466,54.5500,100
38065466432816,10:34:25.466,54.5500,100
38065466432816,10:34:25.466,54.5500,100
38065466432816,10:34:25.466,54.5500,100
38065510363091,10:34:25.510,54.5400,100
38065510363091,10:34:25.510,54.5400,100
38065531778064,10:34:25.531,54.5300,100
38065572542215,10:34:25.572,54.5300,100
38065572542215,10:34:25.572,54.5300,30
38065572542215,10:34:25.572,54.5300,100
38065572893329,10:34:25.572,54.5400,12
38092450912973,10:34:52.450,54.5500,5
38092451625139,10:34:52.451,54.5600,100
38110020524260,10:35:10.020,54.5600,100
38110020524260,10:35:10.020,54.5600,100
38121128155801,10:35:21.128,54.5600,54
38137273843902,10:35:37.273,54.5700,100
38137273843902,10:35:37.273,54.5700,100
38137273843902,10:35:37.273,54.5700,100
38137274379127,10:35:37.274,54.5700,100
38171706818948,10:36:11.706,54.5800,6
38171711090230,10:36:11.711,54.5800,94
38171711090230,10:36:11.711,54.5800,6
38171711090230,10:36:11.711,54.5800,6
38172142179818,10:36:12.142,54.5800,100
38172142179818,10:36:12.142,54.5800,100
38192818425942,10:36:32.818,54.5900,27
38195809578495,10:36:35.809,54.5900,50
38210326794773,10:36:50.326,54.5900,50
38210326794773,10:36:50.326,54.5900,100
38210326794773,10:36:50.326,54.5900,50
38238497489848,10:37:18.497,54.5800,100
38238497489848,10:37:18.497,54.5800,100
38238497518556,10:37:18.497,54.5800,100
38238497518556,10:37:18.497,54.5800,100
38238497518556,10:37:18.497,54.5800,100
38238499378796,10:37:18.499,54.5800,100
38238520272650,10:37:18.520,54.5800,100
38256026319741,10:37:36.026,54.5700,300
38256026319741,10:37:36.026,54.5700,100
38256026319741,10:37:36.026,54.5700,55
38256026319741,10:37:36.026,54.5700,100
38261092779410,10:37:41.092,54.5600,46
38261094034234,10:37:41.094,54.5500,100
38261389126224,10:37:41.389,54.5400,100
38294512719078,10:38:14.512,54.5400,5
38294512719078,10:38:14.512,54.5400,100
38300992249224,10:38:20.992,54.5500,100
38300992249224,10:38:20.992,54.5500,72
38321649924094,10:38:41.649,54.5600,100
38344288833981,10:39:04.288,54.5700,100
38344290071495,10:39:04.290,54.5700,100
38344307118202,10:39:04.307,54.5800,100
38344307354066,10:39:04.307,54.5800,10
38344307703644,10:39:04.307,54.5900,10
38347019891680,10:39:07.019,54.6000,20
38347019891680,10:39:07.019,54.6000,80
38383251905237,10:39:43.251,54.6000,100
38383251919163,10:39:43.251,54.6000,100
38396616977726,10:39:56.616,54.6000,100
38396616977726,10:39:56.616,54.6100,61
38396616994256,10:39:56.616,54.6100,39
38396643032181,10:39:56.643,54.6100,100
38433644834108,10:40:33.644,54.6200,100
38433644834108,10:40:33.644,54.6200,100
38437394954383,10:40:37.394,54.6100,100
38437394979623,10:40:37.394,54.6100,200
38449065198893,10:40:49.065,54.5900,100
38469680947741,10:41:09.680,54.5700,15
38579323270336,10:42:59.323,54.5700,85
38590155428233,10:43:10.155,54.5900,5
38590155428233,10:43:10.155,54.5900,100
38590155428233,10:43:10.155,54.5900,95
38590155468236,10:43:10.155,54.5900,5
38644707872274,10:44:04.707,54.6000,80
38644707885391,10:44:04.707,54.6000,20
38644707885391,10:44:04.707,54.6000,46
38644707952288,10:44:04.707,54.6000,54
38644707952288,10:44:04.707,54.6000,5
38644708307590,10:44:04.708,54.6000,59
38657393305273,10:44:17.393,54.6100,100
38657393312934,10:44:17.393,54.6100,50
38657393365197,10:44:17.393,54.6100,50
38657393368671,10:44:17.393,54.6100,50
38657393400064,10:44:17.393,54.6100,50
38657472713096,10:44:17.472,54.6200,100
38657476108939,10:44:17.476,54.6200,41
38676880248324,10:44:36.880,54.6200,20
38682815450068,10:44:42.815,54.6300,100
38682822070727,10:44:42.822,54.6300,100
38695694649244,10:44:55.694,54.6400,100
38698192036483,10:44:58.192,54.6400,100
38760235849721,10:46:00.235,54.6400,3
38778478426698,10:46:18.478,54.6300,100
38778478426698,10:46:18.478,54.6300,14
38778478426698,10:46:18.478,54.6300,100
38778478426698,10:46:18.478,54.6300,100
38804410345952,10:46:44.410,54.6200,100
38804410345952,10:46:44.410,54.6200,57
38804411825353,10:46:44.411,54.6100,100
38808054270503,10:46:48.054,54.6100,20
38808054270503,10:46:48.054,54.6100,100
38808054270503,10:46:48.054,54.6100,200
38808054363122,10:46:48.054,54.6100,2
38808054375437,10:46:48.054,54.6100,98
38808054751616,10:46:48.054,54.6100,100
38808482135799,10:46:48.482,54.6100,50
38808482452124,10:46:48.482,54.6100,50
38808482452124,10:46:48.482,54.6100,2
38808482452124,10:46:48.482,54.6100,100
38808482452124,10:46:48.482,54.6100,32
38808563202640,10:46:48.563,54.6100,100
38808563202640,10:46:48.563,54.6100,100
38808563698532,10:46:48.563,54.6100,100
38830874856025,10:47:10.874,54.6000,36
38830874882446,10:47:10.874,54.6000,64
38830900930076,10:47:10.900,54.6000,100
38837397199851,10:47:17.397,54.6000,5
38843700822731,10:47:23.700,54.6100,58
38843700848280,10:47:23.700,54.6100,42
38844074597728,10:47:24.074,54.6200,200
38844074751461,10:47:24.074,54.6200,100
38878347591680,10:47:58.347,54.6000,100
38878347591680,10:47:58.347,54.6000,70
38908410596629,10:48:28.410,54.5900,100
38969811118560,10:49:29.811,54.5800,100
38969865122106,10:49:29.865,54.5700,100
38979784432768,10:49:39.784,54.5600,100
38994406120490,10:49:54.406,54.5600,100
39010159692014,10:50:10.159,54.5500,100
39019483329846,10:50:19.483,54.5500,400
39019490629992,10:50:19.490,54.5400,100
39019490629992,10:50:19.490,54.5400,100
39020159499843,10:50:20.159,54.5400,100
39020160475904,10:50:20.160,54.5300,100
39020160475904,10:50:20.160,54.5300,100
39020191355260,10:50:20.191,54.5300,100
39070002018537,10:51:10.002,54.5100,4
39070002018537,10:51:10.002,54.5100,34
39070003440532,10:51:10.003,54.5100,100
39070003440532,10:51:10.003,54.5100,100
39089159688119,10:51:29.159,54.5200,5
39089159688119,10:51:29.159,54.5200,195
39089159715139,10:51:29.159,54.5200,5
39089159721681,10:51:29.159,54.5200,5
39089159747151,10:51:29.159,54.5200,5
39089161153356,10:51:29.161,54.5200,85
39089162363838,10:51:29.162,54.5200,40
39089174012717,10:51:29.174,54.5200,60
39115324948246,10:51:55.324,54.5100,100
39115324948246,10:51:55.324,54.5100,100
39115329659546,10:51:55.329,54.5000,34
39115329659546,10:51:55.329,54.5000,100
39115330556064,10:51:55.330,54.5000,100
39124742372768,10:52:04.742,54.4900,111
39124842978911,10:52:04.842,54.4850,100
39124843006138,10:52:04.843,54.4850,200
39127320030664,10:52:07.320,54.5000,100
39127320030664,10:52:07.320,54.5000,100
39127320030664,10:52:07.320,54.5000,200
39127320030664,10:52:07.320,54.5000,100
39127405163888,10:52:07.405,54.5000,4
39127405163888,10:52:07.405,54.5000,96
39129824176643,10:52:09.824,54.4950,200
39129824354257,10:52:09.824,54.4900,99
39144679229635,10:52:24.679,54.5000,4
39144679229635,10:52:24.679,54.5000,96
39144679894598,10:52:24.679,54.5000,100
39167449606943,10:52:47.449,54.5000,100
39172097768775,10:52:52.097,54.5000,100
39179234014045,10:52:59.234,54.5000,100
39179234014045,10:52:59.234,54.5000,100
39179236846647,10:52:59.236,54.5000,200
39181471394155,10:53:01.471,54.5000,90
39191870064931,10:53:11.870,54.4950,100
39198051187511,10:53:18.051,54.5000,100
39198051224065,10:53:18.051,54.5000,100
39198051231109,10:53:18.051,54.5000,50
39198052108239,10:53:18.052,54.5000,50
39198052108239,10:53:18.052,54.5100,200
39198052108239,10:53:18.052,54.5100,50
39219421501437,10:53:39.421,54.5000,16
39222191855675,10:53:42.191,54.5100,50
39222191855675,10:53:42.191,54.5100,100
39222191855675,10:53:42.191,54.5100,100
39222191855675,10:53:42.191,54.5100,10
39252173856598,10:54:12.173,54.5100,100
39252173882058,10:54:12.173,54.5100,4
39252175172070,10:54:12.175,54.5200,171
39252175207404,10:54:12.175,54.5200,29
39256720119532,10:54:16.720,54.5250,100
39256720631481,10:54:16.720,54.5250,29
39275626190617,10:54:35.626,54.5300,100
39275629351238,10:54:35.629,54.5300,18
39295710084819,10:54:55.710,54.5400,50
39295710124348,10:54:55.710,54.5400,50
39302168446886,10:55:02.168,54.5400,100
39302168446886,10:55:02.168,54.5400,100
39302168446886,10:55:02.168,54.5400,10
39302170854833,10:55:02.170,54.5300,100
39302173261178,10:55:02.173,54.5200,60
39302173275445,10:55:02.173,54.5200,1
39311817861121,10:55:11.817,54.5300,2
39333363227991,10:55:33.363,54.5300,400
39333394322148,10:55:33.394,54.5200,39
39333394322148,10:55:33.394,54.5200,49
39348706660578,10:55:48.706,54.5200,51
39348706660578,10:55:48.706,54.5200,200
39352880554037,10:55:52.880,54.5000,400
39352881780777,10:55:52.881,54.5000,100
39355962202517,10:55:55.962,54.5000,200
39355962202517,10:55:55.962,54.5000,100
39356815136685,10:55:56.815,54.5000,100
39407981731761,10:56:47.981,54.5100,300
39407981731761,10:56:47.981,54.5100,4
39407981731761,10:56:47.981,54.5100,96
39407981770978,10:56:47.981,54.5100,4
39407981787402,10:56:47.981,54.5100,4
39407982237953,10:56:47.982,54.5100,96
39424790787112,10:57:04.790,54.5200,61
39424790847328,10:57:04.790,54.5200,39
39424790887545,10:57:04.790,54.5200,7
39433839418330,10:57:13.839,54.5100,100
39433839418330,10:57:13.839,54.5100,100
39440499530832,10:57:20.499,54.5200,2
39467349408600,10:57:47.349,54.5000,100
39467349550129,10:57:47.349,54.5000,100
39467349550129,10:57:47.349,54.5000,100
39467349550129,10:57:47.349,54.5000,100
39467350036770,10:57:47.350,54.5000,100
39467351336816,10:57:47.351,54.5100,45
39467351756504,10:57:47.351,54.5100,100
39471009512961,10:57:51.009,54.5200,100
39471011050158,10:57:51.011,54.5200,100
39484839142923,10:58:04.839,54.5300,100
39484839142923,10:58:04.839,54.5300,4
39484839203391,10:58:04.839,54.5300,4
39484839272482,10:58:04.839,54.5300,96
39484839272482,10:58:04.839,54.5300,8
39484839396243,10:58:04.839,54.5300,92
39484839398882,10:58:04.839,54.5300,8
39484839398882,10:58:04.839,54.5300,92
39557783103526,10:59:17.783,54.5300,100
39557783103526,10:59:17.783,54.5300,100
39558923352714,10:59:18.923,54.5400,90
39558923770472,10:59:18.923,54.5400,10
39558923770472,10:59:18.923,54.5400,200
39558923770472,10:59:18.923,54.5400,100
39585101501683,10:59:45.101,54.5500,100
39662805359384,11:01:02.805,54.5700,100
39662805359384,11:01:02.805,54.5700,24
39662805402874,11:01:02.805,54.5700,61
39662805847963,11:01:02.805,54.5700,15
39662805847963,11:01:02.805,54.5700,88
39662805847963,11:01:02.805,54.5700,97
39662805864733,11:01:02.805,54.5700,3
39662824846493,11:01:02.824,54.5800,100
39663083328122,11:01:03.083,54.5900,5
39663083328122,11:01:03.083,54.5900,95
39663139465991,11:01:03.139,54.5900,100
39663309451026,11:01:03.309,54.5900,100
39663390963704,11:01:03.390,54.5900,100
39663459942295,11:01:03.459,54.5950,100
39663459942295,11:01:03.459,54.5950,5
39663459942295,11:01:03.459,54.6000,700
39663460542173,11:01:03.460,54.6000,100
39663460542173,11:01:03.460,54.6000,100
39663460542173,11:01:03.460,54.6000,100
39663464698905,11:01:03.464,54.6000,100
39663464698905,11:01:03.464,54.5900,100
39663465392972,11:01:03.465,54.5900,200
39663465847240,11:01:03.465,54.6100,100
39663474461429,11:01:03.474,54.6100,200
39663474461429,11:01:03.474,54.6100,100
39663474461429,11:01:03.474,54.6000,90
39667170340224,11:01:07.170,54.6100,100
39667170340224,11:01:07.170,54.6100,100
39667172138410,11:01:07.172,54.6000,100
39668153356808,11:01:08.153,54.6100,10
39707474909619,11:01:47.474,54.6200,96
39722190440635,11:02:02.190,54.6300,93
39727191263424,11:02:07.191,54.6300,7
39727191263424,11:02:07.191,54.6300,100
39727191263424,11:02:07.191,54.6300,100
39727191263424,11:02:07.191,54.6300,93
39727191297554,11:02:07.191,54.6300,7
39727191297554,11:02:07.191,54.6300,4
39748218887984,11:02:28.218,54.6400,100
39748218887984,11:02:28.218,54.6400,100
39756569310209,11:02:36.569,54.6400,100
39785487628932,11:03:05.487,54.6300,100
39785491085770,11:03:05.491,54.6300,5
39798777274233,11:03:18.777,54.6200,50
39798777346320,11:03:18.777,54.6200,50
39801339355465,11:03:21.339,54.6100,100
39801339395645,11:03:21.339,54.6100,100
39803734690726,11:03:23.734,54.6200,100
39803737745235,11:03:23.737,54.6200,50
39803739429264,11:03:23.739,54.6200,100
39869766055076,11:04:29.766,54.6200,4
39877879186716,11:04:37.879,54.6300,100
39877879186716,11:04:37.879,54.6300,100
39916157172477,11:05:16.157,54.6100,100
39917468919782,11:05:17.468,54.6000,200
39917468919782,11:05:17.468,54.5900,100
39917468919782,11:05:17.468,54.5800,100
39917468919782,11:05:17.468,54.5800,100
39917468919782,11:05:17.468,54.5800,35
39917468919782,11:05:17.468,54.5700,3
39917468919782,11:05:17.468,54.5700,100
39917468919782,11:05:17.468,54.5700,36
39917468919782,11:05:17.468,54.5700,200
39917468919782,11:05:17.468,54.5600,100
39917469206706,11:05:17.469,54.6000,100
39917469726587,11:05:17.469,54.5700,100
39917471386285,11:05:17.471,54.5700,200
39917471386285,11:05:17.471,54.5600,100
39917471386285,11:05:17.471,54.5600,100
39917472464228,11:05:17.472,54.5500,100
39917472464228,11:05:17.472,54.5500,100
39917472464228,11:05:17.472,54.5500,200
39917473581586,11:05:17.473,54.5400,100
39917473581586,11:05:17.473,54.5400,100
39917473581586,11:05:17.473,54.5400,100
39917473581586,11:05:17.473,54.5400,100
39917473581586,11:05:17.473,54.5400,600
39917474442040,11:05:17.474,54.5500,100
39917474442040,11:05:17.474,54.5500,10
39917474442040,11:05:17.474,54.5400,100
39919273491387,11:05:19.273,54.5500,100
39919273602518,11:05:19.273,54.5500,13
39919275311300,11:05:19.275,54.5500,87
39919275311300,11:05:19.275,54.5500,100
39919275311300,11:05:19.275,54.5500,100
39919275311300,11:05:19.275,54.5500,15
39919384048183,11:05:19.384,54.5400,100
39919384048183,11:05:19.384,54.5400,100
39919384048183,11:05:19.384,54.5400,100
39919384048183,11:05:19.384,54.5400,100
39919384048183,11:05:19.384,54.5400,200
39919384048183,11:05:19.384,54.5400,100
39919384427770,11:05:19.384,54.5400,100
39919384427770,11:05:19.384,54.5400,100
39919385441773,11:05:19.385,54.5400,200
39920074890715,11:05:20.074,54.5500,100
39937241517451,11:05:37.241,54.5400,300
39937243123452,11:05:37.243,54.5400,300
39937243170866,11:05:37.243,54.5400,100
39937243188875,11:05:37.243,54.5400,300
39937243215817,11:05:37.243,54.5400,100
39937243217838,11:05:37.243,54.5400,100
39937243439962,11:05:37.243,54.5400,100
39937243468966,11:05:37.243,54.5400,100
39937243946830,11:05:37.243,54.5400,100
39937243946830,11:05:37.243,54.5400,100
39937243946830,11:05:37.243,54.5400,100
39937243946830,11:05:37.243,54.5400,100
39937244024746,11:05:37.244,54.5400,400
39937244316988,11:05:37.244,54.5400,100
39937244316988,11:05:37.244,54.5400,100
39937244316988,11:05:37.244,54.5450,100
39937246010472,11:05:37.246,54.5400,100
39937246010472,11:05:37.246,54.5400,100
39937246010472,11:05:37.246,54.5400,100
39937246036466,11:05:37.246,54.5400,100
39937246036466,11:05:37.246,54.5400,100
39937246036466,11:05:37.246,54.5400,100
39937362320681,11:05:37.362,54.5400,100
39937362320681,11:05:37.362,54.5400,200
39937362320681,11:05:37.362,54.5400,100
39937362320681,11:05:37.362,54.5400,100
39937362320681,11:05:37.362,54.5400,100
39937362320681,11:05:37.362,54.5400,100
39938205771450,11:05:38.205,54.5300,67
39938205771450,11:05:38.205,54.5300,600
39938205771450,11:05:38.205,54.5300,100
39938207000845,11:05:38.207,54.5300,100
39938207000845,11:05:38.207,54.5300,100
39938207000845,11:05:38.207,54.5300,100
39938210247517,11:05:38.210,54.5400,100
39938210268585,11:05:38.210,54.5400,100
39938210501051,11:05:38.210,54.5400,100
39938239964841,11:05:38.239,54.5500,100
39938241642410,11:05:38.241,54.5500,100
39938241667089,11:05:38.241,54.5500,100
39938241667089,11:05:38.241,54.5500,100
39938274348511,11:05:38.274,54.5400,100
39938274348511,11:05:38.274,54.5400,100
39938274348511,11:05:38.274,54.5400,35
39938274348511,11:05:38.274,54.5400,165
39938274509687,11:05:38.274,54.5400,35
39939054709489,11:05:39.054,54.5400,100
39939054848968,11:05:39.054,54.5400,100
39939209979157,11:05:39.209,54.5400,100
39939209979157,11:05:39.209,54.5400,100
39939209979157,11:05:39.209,54.5400,100
39939209979157,11:05:39.209,54.5400,100
39939209979157,11:05:39.209,54.5400,100
39939210335430,11:05:39.210,54.5400,100
39939210335430,11:05:39.210,54.5400,100
39939212693135,11:05:39.212,54.5400,100
39939212693135,11:05:39.212,54.5400,100
39939238711123,11:05:39.238,54.5400,100
39939907892640,11:05:39.907,54.5400,100
39939907892640,11:05:39.907,54.5400,100
39940017994337,11:05:40.017,54.5400,100
39940017994337,11:05:40.017,54.5400,100
39940017994337,11:05:40.017,54.5400,100
39941277003681,11:05:41.277,54.5400,100
39941277003681,11:05:41.277,54.5400,100
39943992858877,11:05:43.992,54.5300,100
39961650110207,11:06:01.650,54.5300,200
39961650341489,11:06:01.650,54.5300,100
39967067042692,11:06:07.067,54.5400,200
39967067042692,11:06:07.067,54.5400,4
39967067097688,11:06:07.067,54.5400,4
39998013624733,11:06:38.013,54.5400,96
39998013783650,11:06:38.013,54.5500,100
39998013783650,11:06:38.013,54.5500,200
39998013783650,11:06:38.013,54.5500,100
39998014115857,11:06:38.014,54.5500,50
39998014144386,11:06:38.014,54.5500,50
39998014148049,11:06:38.014,54.5500,50
39998014154855,11:06:38.014,54.5500,50
39998014170660,11:06:38.014,54.5500,35
39998014181179,11:06:38.014,54.5500,2
39998126013540,11:06:38.126,54.5500,36
39998126013540,11:06:38.126,54.5500,100
39998126636838,11:06:38.126,54.5400,100
39998126636838,11:06:38.126,54.5400,100
39998126636838,11:06:38.126,54.5400,100
39998126636838,11:06:38.126,54.5400,36
39998223058286,11:06:38.223,54.5400,100
40002264286409,11:06:42.264,54.5400,100
40002264395487,11:06:42.264,54.5400,100
40003098709801,11:06:43.098,54.5400,100
40014258535026,11:06:54.258,54.5400,200
40014258681887,11:06:54.258,54.5400,100
40014317530121,11:06:54.317,54.5500,100
40014369238075,11:06:54.369,54.5400,100
40014369238075,11:06:54.369,54.5400,100
40014369238075,11:06:54.369,54.5400,100
40014369238075,11:06:54.369,54.5400,100
40014369238075,11:06:54.369,54.5400,100
40014369238075,11:06:54.369,54.5400,100
40014369238075,11:06:54.369,54.5400,100
40014369238075,11:06:54.369,54.5400,200
40014417353444,11:06:54.417,54.5400,100
40014473935118,11:06:54.473,54.5400,100
40014473935118,11:06:54.473,54.5400,100
40014473935118,11:06:54.473,54.5400,100
40014473935118,11:06:54.473,54.5400,100
40014473935118,11:06:54.473,54.5400,100
40014473935118,11:06:54.473,54.5400,100
40014473935118,11:06:54.473,54.5400,100
40025612456772,11:07:05.612,54.5400,100
40040807992035,11:07:20.807,54.5400,100
40077298229850,11:07:57.298,54.5400,100
40077298229850,11:07:57.298,54.5400,100
40077407888975,11:07:57.407,54.5400,100
40077407888975,11:07:57.407,54.5400,100
40077407888975,11:07:57.407,54.5400,100
40077407888975,11:07:57.407,54.5400,100
40077407888975,11:07:57.407,54.5400,100
40077412873029,11:07:57.412,54.5400,2
40077496949452,11:07:57.496,54.5400,98
40077496949452,11:07:57.496,54.5400,2
40077496981594,11:07:57.496,54.5400,96
40077497488504,11:07:57.497,54.5400,2
40077510758850,11:07:57.510,54.5400,100
40085269880669,11:08:05.269,54.5400,100
40086452583981,11:08:06.452,54.5300,100
40092633467048,11:08:12.633,54.5400,50
40092633479370,11:08:12.633,54.5400,50
40103054785272,11:08:23.054,54.5400,400
40104358815110,11:08:24.358,54.5400,4
40104358815110,11:08:24.358,54.5400,196
40104638886156,11:08:24.638,54.5500,100
40104643954859,11:08:24.643,54.5300,100
40104643954859,11:08:24.643,54.5300,100
40104643954859,11:08:24.643,54.5300,100
40104643954859,11:08:24.643,54.5300,100
40104643954859,11:08:24.643,54.5300,100
40104643954859,11:08:24.643,54.5300,100
40104643954859,11:08:24.643,54.5300,100
40104643954859,11:08:24.643,54.5300,100
40104643954859,11:08:24.643,54.5300,94
40104644473140,11:08:24.644,54.5300,6
40104644473140,11:08:24.644,54.5300,100
40104644473140,11:08:24.644,54.5300,28
40104644563091,11:08:24.644,54.5300,72
40104644563091,11:08:24.644,54.5300,62
40104644591080,11:08:24.644,54.5300,38
40104652427119,11:08:24.652,54.5200,100
40104652427119,11:08:24.652,54.5200,36
40105206706658,11:08:25.206,54.5100,100
40112466337921,11:08:32.466,54.5200,35
40112466844195,11:08:32.466,54.5200,65
40112466844195,11:08:32.466,54.5200,100
40112467328119,11:08:32.467,54.5200,100
40112490457948,11:08:32.490,54.5300,100
40123213887608,11:08:43.213,54.5300,100
40123213920866,11:08:43.213,54.5300,61
40123213945630,11:08:43.213,54.5300,39
40123213945630,11:08:43.213,54.5300,61
40123213946449,11:08:43.213,54.5300,39
40123213946449,11:08:43.213,54.5300,61
40123214027352,11:08:43.214,54.5300,39
40126198780493,11:08:46.198,54.5400,10
40126199293977,11:08:46.199,54.5400,100
40126199312439,11:08:46.199,54.5400,97
40126199679140,11:08:46.199,54.5400,103
40126199679140,11:08:46.199,54.5400,100
40126310924208,11:08:46.310,54.5400,100
40133363251759,11:08:53.363,54.5300,100
40133363251759,11:08:53.363,54.5300,100
40147283455455,11:09:07.283,54.5200,100
40155701611020,11:09:15.701,54.5200,78
40155702660691,11:09:15.702,54.5300,11
40155702660691,11:09:15.702,54.5300,89
40155702688415,11:09:15.702,54.5300,11
40155702689934,11:09:15.702,54.5300,11
40155703058966,11:09:15.703,54.5300,100
40183259033707,11:09:43.259,54.5300,61
40183259091974,11:09:43.259,54.5300,85
40183259106286,11:09:43.259,54.5300,200
40183259126911,11:09:43.259,54.5300,54
40186672947868,11:09:46.672,54.5300,100
40201120057774,11:10:01.120,54.5300,100
40225486294465,11:10:25.486,54.5300,3
40225749227179,11:10:25.749,54.5400,100
40225749227179,11:10:25.749,54.5400,100
40229657430333,11:10:29.657,54.5400,37
40229657751986,11:10:29.657,54.5400,100
40229657751986,11:10:29.657,54.5400,100
40229670954835,11:10:29.670,54.5500,100
40229769781181,11:10:29.769,54.5400,100
40229769781181,11:10:29.769,54.5400,100
40229769781181,11:10:29.769,54.5400,100
40235198714959,11:10:35.198,54.5400,100
40255084066899,11:10:55.084,54.5400,1
40263625215354,11:11:03.625,54.5400,39
40271567807870,11:11:11.567,54.5400,300
40271567862911,11:11:11.567,54.5400,200
40271568248182,11:11:11.568,54.5400,500
40271578372286,11:11:11.578,54.5450,100
40271678507184,11:11:11.678,54.5400,100
40271678507184,11:11:11.678,54.5400,100
40271678507184,11:11:11.678,54.5400,100
40271879295118,11:11:11.879,54.5400,100
40277522064158,11:11:17.522,54.5300,5
40277522092761,11:11:17.522,54.5300,100
40286031988859,11:11:26.031,54.5200,400
40286031988859,11:11:26.031,54.5200,200
40286031988859,11:11:26.031,54.5200,100
40286046459753,11:11:26.046,54.5200,100
40286497484135,11:11:26.497,54.5200,100
40286497484135,11:11:26.497,54.5200,100
40286497484135,11:11:26.497,54.5200,100
40286498355525,11:11:26.498,54.5200,100
40286498383232,11:11:26.498,54.5200,100
40286498383232,11:11:26.498,54.5200,100
40286498383232,11:11:26.498,54.5200,100
40286498383232,11:11:26.498,54.5200,100
40286498383232,11:11:26.498,54.5200,100
40286498383232,11:11:26.498,54.5200,100
40286498383232,11:11:26.498,54.5200,100
40286498383232,11:11:26.498,54.5200,100
40286498383232,11:11:26.498,54.5200,100
40286498383232,11:11:26.498,54.5200,71
40286512336062,11:11:26.512,54.5200,29
40286512336062,11:11:26.512,54.5200,100
40286512336062,11:11:26.512,54.5200,100
40286512336062,11:11:26.512,54.5200,171
40286512376693,11:11:26.512,54.5200,29
40286512376693,11:11:26.512,54.5200,100
40286512502915,11:11:26.512,54.5200,100
40286512552558,11:11:26.512,54.5200,100
40286593979566,11:11:26.593,54.5200,100
40290051067079,11:11:30.051,54.5300,50
40290051092961,11:11:30.051,54.5300,150
40290052310190,11:11:30.052,54.5400,100
40300616078766,11:11:40.616,54.5200,7
40300616472161,11:11:40.616,54.5200,100
40300769310240,11:11:40.769,54.5300,100
40300770102097,11:11:40.770,54.5300,100
40301208285530,11:11:41.208,54.5300,100
40301208285530,11:11:41.208,54.5300,100
40301208285530,11:11:41.208,54.5300,100
40301208285530,11:11:41.208,54.5300,100
40301208285530,11:11:41.208,54.5300,100
40301208285530,11:11:41.208,54.5300,100
40303208791885,11:11:43.208,54.5200,100
40303208791885,11:11:43.208,54.5200,100
40303208791885,11:11:43.208,54.5200,100
40303208791885,11:11:43.208,54.5200,100
40303208791885,11:11:43.208,54.5200,100
40303208994406,11:11:43.208,54.5200,100
40303760489125,11:11:43.760,54.5300,100
40305970115691,11:11:45.970,54.5200,100
40306208925255,11:11:46.208,54.5200,5
40306210916896,11:11:46.210,54.5100,100
40306210916896,11:11:46.210,54.5100,4
40306220190576,11:11:46.220,54.5100,100
40306220215646,11:11:46.220,54.5100,100
40309512059311,11:11:49.512,54.5200,10
40312638216662,11:11:52.638,54.5200,100
40312660669318,11:11:52.660,54.5200,100
40312660694764,11:11:52.660,54.5200,100
40312660694764,11:11:52.660,54.5200,23
40312660694764,11:11:52.660,54.5200,100
40313230884019,11:11:53.230,54.5300,100
40313230912484,11:11:53.230,54.5300,200
40313230912484,11:11:53.230,54.5300,200
40313230913987,11:11:53.230,54.5300,100
40317010158220,11:11:57.010,54.5400,1
40318974716131,11:11:58.974,54.5300,100
40322964877332,11:12:02.964,54.5300,100
40322964877332,11:12:02.964,54.5300,100
40324103650810,11:12:04.103,54.5300,3
40329794026331,11:12:09.794,54.5400,12
40377651881188,11:12:57.651,54.5300,79
40390459108954,11:13:10.459,54.5200,10
40415007881146,11:13:35.007,54.5300,3
40418293819324,11:13:38.293,54.5300,18
40436434059572,11:13:56.434,54.5400,100
40436434757101,11:13:56.434,54.5400,100
40437621129043,11:13:57.621,54.5400,60
40441982337012,11:14:01.982,54.5300,100
40450491975503,11:14:10.491,54.5200,100
40451480041281,11:14:11.480,54.5100,100
40451480041281,11:14:11.480,54.5100,100
40521866100792,11:15:21.866,54.5000,28
40521866100792,11:15:21.866,54.5000,72
40531068434119,11:15:31.068,54.4900,100
40564968437983,11:16:04.968,54.5000,100
40564968437983,11:16:04.968,54.5000,100
40564968437983,11:16:04.968,54.5000,2
40579084238409,11:16:19.084,54.5000,10
40582693728603,11:16:22.693,54.5000,47
40588558294413,11:16:28.558,54.5000,19
40592413006618,11:16:32.413,54.5000,34
40601009776060,11:16:41.009,54.5000,5
40614000666418,11:16:54.000,54.4900,80
40644028645567,11:17:24.028,54.4900,100
40644028645567,11:17:24.028,54.4900,100
40644028645567,11:17:24.028,54.4900,200
40644028645567,11:17:24.028,54.4900,100
40644028645567,11:17:24.028,54.4800,100
40644028645567,11:17:24.028,54.4800,100
40644028645567,11:17:24.028,54.4800,100
40644028645567,11:17:24.028,54.4700,100
40644028645567,11:17:24.028,54.4700,35
40644028645567,11:17:24.028,54.4600,100
40644028645567,11:17:24.028,54.4600,100
40644028645567,11:17:24.028,54.4600,36
40644028645567,11:17:24.028,54.4600,100
40644028645567,11:17:24.028,54.4500,100
40644028645567,11:17:24.028,54.4500,100
40644028645567,11:17:24.028,54.4500,35
40644028645567,11:17:24.028,54.4500,200
40644030950662,11:17:24.030,54.4700,100
40644030950662,11:17:24.030,54.4700,100
40644030950662,11:17:24.030,54.4700,100
40644032002355,11:17:24.032,54.4400,100
40644032002355,11:17:24.032,54.4400,100
40644032002355,11:17:24.032,54.4400,100
40644032002355,11:17:24.032,54.4400,100
40644032002355,11:17:24.032,54.4400,100
40644032002355,11:17:24.032,54.4400,100
40644032573420,11:17:24.032,54.4500,10
40644032573420,11:17:24.032,54.4500,19
40644032616726,11:17:24.032,54.4400,100
40644032616726,11:17:24.032,54.4400,200
40644032616726,11:17:24.032,54.4400,100
40644032927445,11:17:24.032,54.4500,81
40644032927445,11:17:24.032,54.4500,33
40644032967882,11:17:24.032,54.4500,40
40644037181865,11:17:24.037,54.4400,33
40644037181865,11:17:24.037,54.4400,40
40644037181865,11:17:24.037,54.4400,10
40644037181865,11:17:24.037,54.4400,50
40644037181865,11:17:24.037,54.4400,100
40644138024916,11:17:24.138,54.4500,14
40644248095796,11:17:24.248,54.4400,100
40644248095796,11:17:24.248,54.4400,100
40644251881935,11:17:24.251,54.4400,100
40644251881935,11:17:24.251,54.4400,200
40645219548817,11:17:25.219,54.4300,100
40669299341373,11:17:49.299,54.4350,200
40669299341373,11:17:49.299,54.4350,100
40670223408377,11:17:50.223,54.4300,37
40670223435166,11:17:50.223,54.4300,30
40670223435166,11:17:50.223,54.4300,100
40671091446379,11:17:51.091,54.4100,100
40672190144948,11:17:52.190,54.4100,100
40672190144948,11:17:52.190,54.4100,66
40672190199096,11:17:52.190,54.4100,66
40672190320112,11:17:52.190,54.4100,100
40672190320112,11:17:52.190,54.4100,100
40672190320112,11:17:52.190,54.4100,34
40680698012763,11:18:00.698,54.4200,9
40681480129803,11:18:01.480,54.4200,91
40706080822518,11:18:26.080,54.4000,20
40707238265078,11:18:27.238,54.4000,100
40710066143712,11:18:30.066,54.4100,100
40710066143712,11:18:30.066,54.4100,100
40710066143712,11:18:30.066,54.4100,1
40710066215342,11:18:30.066,54.4100,100
40711210388314,11:18:31.210,54.4200,36
40711210388314,11:18:31.210,54.4200,100
40711210388314,11:18:31.210,54.4200,200
40731562857205,11:18:51.562,54.4200,13
40732366015205,11:18:52.366,54.4200,100
40732366016634,11:18:52.366,54.4200,100
40746055252273,11:19:06.055,54.4200,87
40746056115647,11:19:06.056,54.4200,100
40746568642044,11:19:06.568,54.4200,100
40746568642044,11:19:06.568,54.4200,100
40748080070497,11:19:08.080,54.4100,6
40787013749156,11:19:47.013,54.4200,5
40787087478561,11:19:47.087,54.4100,85
40787087496305,11:19:47.087,54.4100,15
40787087496305,11:19:47.087,54.4100,100
40787087496305,11:19:47.087,54.4100,100
40788399869130,11:19:48.399,54.4100,100
40788400185880,11:19:48.400,54.4100,100
40788400955580,11:19:48.400,54.4100,100
40788402603994,11:19:48.402,54.4000,100
40788402603994,11:19:48.402,54.4000,100
40788409339236,11:19:48.409,54.4000,100
40788409339236,11:19:48.409,54.4000,100
40788409339236,11:19:48.409,54.4000,100
40788409339236,11:19:48.409,54.4000,100
40788409339236,11:19:48.409,54.4000,100
40788417001763,11:19:48.417,54.4100,100
40788417001763,11:19:48.417,54.4100,100
40788417001763,11:19:48.417,54.4100,100
40788417001763,11:19:48.417,54.4100,100
40788417001763,11:19:48.417,54.4100,200
40788417001763,11:19:48.417,54.4100,100
40803204702111,11:20:03.204,54.4200,176
40853645783611,11:20:53.645,54.4200,4
40853645783611,11:20:53.645,54.4100,100
40853645783611,11:20:53.645,54.4100,100
40853645783611,11:20:53.645,54.4100,100
40853645783611,11:20:53.645,54.4100,36
40853645783611,11:20:53.645,54.4000,1200
40853645783611,11:20:53.645,54.4000,100
40853645783611,11:20:53.645,54.4000,100
40853645783611,11:20:53.645,54.4000,36
40853650310810,11:20:53.650,54.3900,100
40853698070184,11:20:53.698,54.3900,82
40854221679804,11:20:54.221,54.3600,500
40854221679804,11:20:54.221,54.3600,200
40854221970639,11:20:54.221,54.3600,15
40854222092089,11:20:54.222,54.3600,100
40854222094961,11:20:54.222,54.3600,3
40854229416771,11:20:54.229,54.3600,10
40854231738716,11:20:54.231,54.3600,90
40854457442554,11:20:54.457,54.3600,44
40854727967836,11:20:54.727,54.3500,100
40871221766662,11:21:11.221,54.3500,100
40871221794159,11:21:11.221,54.3500,100
40871222183776,11:21:11.222,54.3500,50
40871222448087,11:21:11.222,54.3500,100
40879762114875,11:21:19.762,54.3300,34
40879762146985,11:21:19.762,54.3300,3
40896736912941,11:21:36.736,54.3350,100
40896736912941,11:21:36.736,54.3300,5
40896736912941,11:21:36.736,54.3300,2
40897724327565,11:21:37.724,54.3400,11
40897724443606,11:21:37.724,54.3400,45
40897724443606,11:21:37.724,54.3400,100
40897724443606,11:21:37.724,54.3400,200
40897724529434,11:21:37.724,54.3400,185
40897724584409,11:21:37.724,54.3400,15
40897724584409,11:21:37.724,54.3400,100
40897724621176,11:21:37.724,54.3450,100
40897724621176,11:21:37.724,54.3450,100
40897724621176,11:21:37.724,54.3400,100
40897724621176,11:21:37.724,54.3400,100
40897724663633,11:21:37.724,54.3400,100
40898771353613,11:21:38.771,54.3500,100
40898771353613,11:21:38.771,54.3500,100
40898771353613,11:21:38.771,54.3500,100
40898771353613,11:21:38.771,54.3500,100
40898771353613,11:21:38.771,54.3500,100
40898771870636,11:21:38.771,54.3500,1
40898771870636,11:21:38.771,54.3500,200
40898771870636,11:21:38.771,54.3500,100
40900484754522,11:21:40.484,54.3600,100
40900484754522,11:21:40.484,54.3600,100
40900484754522,11:21:40.484,54.3600,100
40900485607638,11:21:40.485,54.3700,100
40900501906506,11:21:40.501,54.3700,100
40906245296062,11:21:46.245,54.3800,100
40906245605682,11:21:46.245,54.3800,33
40906245605682,11:21:46.245,54.3800,100
40908873497733,11:21:48.873,54.4000,200
40916366927559,11:21:56.366,54.4000,11
40916367299542,11:21:56.367,54.4000,89
40927029680055,11:22:07.029,54.4100,1
40927029833443,11:22:07.029,54.4100,100
40927069837940,11:22:07.069,54.4200,100
40927105806252,11:22:07.105,54.4200,100
40927105806252,11:22:07.105,54.4200,37
40927105806252,11:22:07.105,54.4200,100
40927113419047,11:22:07.113,54.4200,100
40927113419047,11:22:07.113,54.4200,100
40927113419047,11:22:07.113,54.4200,100
40927114533701,11:22:07.114,54.4200,100
40927114533701,11:22:07.114,54.4200,100
40927184933829,11:22:07.184,54.4200,100
40929604698402,11:22:09.604,54.4200,100
40929604698402,11:22:09.604,54.4200,165
40929604698402,11:22:09.604,54.4200,100
40943906349706,11:22:23.906,54.4100,100
40943906349706,11:22:23.906,54.4100,5
40943906349706,11:22:23.906,54.4100,100
40951768758860,11:22:31.768,54.4100,4
40951768758860,11:22:31.768,54.4100,96
40993472425856,11:23:13.472,54.4000,15
40993472425856,11:23:13.472,54.4000,85
40995981014504,11:23:15.981,54.3900,100
40995981014504,11:23:15.981,54.3900,100
40998709186879,11:23:18.709,54.3900,100
40998709331625,11:23:18.709,54.3900,100
40998709331625,11:23:18.709,54.3900,100
40998709332968,11:23:18.709,54.3900,100
40998709355781,11:23:18.709,54.3900,100
41008757998128,11:23:28.757,54.3800,2
41008757998128,11:23:28.757,54.3800,5
41028191083131,11:23:48.191,54.3800,100
41028191091336,11:23:48.191,54.3800,99
41028191111476,11:23:48.191,54.3800,1
41028191111476,11:23:48.191,54.3800,99
41028191131075,11:23:48.191,54.3800,1
41028313565841,11:23:48.313,54.3800,100
41028313565841,11:23:48.313,54.3800,137
41082016741942,11:24:42.016,54.3800,4
41082016741942,11:24:42.016,54.3800,36
41112664054821,11:25:12.664,54.3700,100
41112664101758,11:25:12.664,54.3700,100
41112664101758,11:25:12.664,54.3700,100
41112664694986,11:25:12.664,54.3700,100
41158349285051,11:25:58.349,54.3600,100
41158393382539,11:25:58.393,54.3600,100
41166130227255,11:26:06.130,54.3500,22
41166130227255,11:26:06.130,54.3500,78
41166737157519,11:26:06.737,54.3500,22
41166737157519,11:26:06.737,54.3500,100
41166737157519,11:26:06.737,54.3500,11
41176285566543,11:26:16.285,54.3600,100
41199247730925,11:26:39.247,54.3600,100
41199247730925,11:26:39.247,54.3600,100
41199247730925,11:26:39.247,54.3600,100
41199248677178,11:26:39.248,54.3600,100
41199248713898,11:26:39.248,54.3600,100
41199248823797,11:26:39.248,54.3600,100
41199248823797,11:26:39.248,54.3600,42
41199249191519,11:26:39.249,54.3600,58
41199249191519,11:26:39.249,54.3600,42
41199249458572,11:26:39.249,54.3600,58
41199249458572,11:26:39.249,54.3600,42
41199249476875,11:26:39.249,54.3600,58
41199249476875,11:26:39.249,54.3600,100
41199249476875,11:26:39.249,54.3600,100
41199249476875,11:26:39.249,54.3600,100
41199249476875,11:26:39.249,54.3600,100
41199249900144,11:26:39.249,54.3600,100
41199327226737,11:26:39.327,54.3500,100
41199327226737,11:26:39.327,54.3500,1
41199327226737,11:26:39.327,54.3500,100
41199327226737,11:26:39.327,54.3500,100
41199327226737,11:26:39.327,54.3500,37
41199327226737,11:26:39.327,54.3500,100
41199332897382,11:26:39.332,54.3500,100
41221999452949,11:27:01.999,54.3500,10
41221999452949,11:27:01.999,54.3500,96
41222029243993,11:27:02.029,54.3500,37
41222029243993,11:27:02.029,54.3500,100
41222053774459,11:27:02.053,54.3400,100
41222053774459,11:27:02.053,54.3400,100
41222125358170,11:27:02.125,54.3400,100
41229428657030,11:27:09.428,54.3400,37
41230281849738,11:27:10.281,54.3400,100
41230284713443,11:27:10.284,54.3400,100
41231347531138,11:27:11.347,54.3400,100
41231347531138,11:27:11.347,54.3400,100
41231347558874,11:27:11.347,54.3400,100
41231347558874,11:27:11.347,54.3400,100
41231347558874,11:27:11.347,54.3400,100
41231347558874,11:27:11.347,54.3400,100
41231347558874,11:27:11.347,54.3400,100
41232220688698,11:27:12.220,54.3500,100
41232629100754,11:27:12.629,54.3500,200
41232629100754,11:27:12.629,54.3500,100
41232629100754,11:27:12.629,54.3500,100
41233091126044,11:27:13.091,54.3600,100
41233091126044,11:27:13.091,54.3600,100
41233091126044,11:27:13.091,54.3600,100
41234692620783,11:27:14.692,54.3700,112
41269215652751,11:27:49.215,54.3700,100
41270871363393,11:27:50.871,54.3800,100
41270871363393,11:27:50.871,54.3800,100
41278833061595,11:27:58.833,54.3800,100
41278833199079,11:27:58.833,54.3800,92
41280205682912,11:28:00.205,54.3800,12
41282359443725,11:28:02.359,54.3800,1
41284345954973,11:28:04.345,54.3800,87
41284345954973,11:28:04.345,54.3900,37
41284345968306,11:28:04.345,54.3900,61
41284346371519,11:28:04.346,54.3900,2
41326290581486,11:28:46.290,54.3900,4
41326290581486,11:28:46.290,54.3900,1
41345430723224,11:29:05.430,54.3900,1
41345430723224,11:29:05.430,54.3900,99
41353603394726,11:29:13.603,54.4000,100
41356504675461,11:29:16.504,54.4100,100
41359223894234,11:29:19.223,54.4100,100
41436263612377,11:30:36.263,54.4200,100
41436263612377,11:30:36.263,54.4200,1
41436263612377,11:30:36.263,54.4200,25
41437165375308,11:30:37.165,54.4100,100
41437495151838,11:30:37.495,54.4000,100
41437495151838,11:30:37.495,54.4000,14
41437570314758,11:30:37.570,54.3900,16
41437570314758,11:30:37.570,54.3900,84
41437570643873,11:30:37.570,54.3900,16
41452075847947,11:30:52.075,54.4000,100
41454498725917,11:30:54.498,54.4000,100
41455658184625,11:30:55.658,54.4000,100
41455658184625,11:30:55.658,54.4000,100
41455658184625,11:30:55.658,54.4000,100
41455658184625,11:30:55.658,54.4000,100
41460765939333,11:31:00.765,54.4000,100
41463571322762,11:31:03.571,54.4100,100
41463571322762,11:31:03.571,54.4100,100
41463572384907,11:31:03.572,54.4100,100
41463572384907,11:31:03.572,54.4100,100
41498046292859,11:31:38.046,54.4200,5
41498046292859,11:31:38.046,54.4200,95
41527918761072,11:32:07.918,54.4200,100
41527918796218,11:32:07.918,54.4200,1
41574971557739,11:32:54.971,54.4100,100
41575035382806,11:32:55.035,54.4100,4
41576000561826,11:32:56.000,54.4000,100
41589987270895,11:33:09.987,54.4100,100
41654373909260,11:34:14.373,54.4200,100
41654373909260,11:34:14.373,54.4200,100
41654812560907,11:34:14.812,54.4200,13
41654813307247,11:34:14.813,54.4200,87
41654813307247,11:34:14.813,54.4200,13
41655069595220,11:34:15.069,54.4200,4
41720277836444,11:35:20.277,54.4200,100
41720277836444,11:35:20.277,54.4200,1
41720277836444,11:35:20.277,54.4200,100
41720305645771,11:35:20.305,54.4200,100
41732058831072,11:35:32.058,54.4100,100
41732059248730,11:35:32.059,54.4100,100
41732059248730,11:35:32.059,54.4200,24
41732059299159,11:35:32.059,54.4200,76
41732059299159,11:35:32.059,54.4200,24
41733160370921,11:35:33.160,54.4200,100
41747809363346,11:35:47.809,54.4200,100
41779164176972,11:36:19.164,54.4200,4
41790429233629,11:36:30.429,54.4100,80
41790429233629,11:36:30.429,54.4100,1
41790429233629,11:36:30.429,54.4100,19
41790429293757,11:36:30.429,54.4100,81
41842243855689,11:37:22.243,54.4200,1
41842243855689,11:37:22.243,54.4200,99
41842243966838,11:37:22.243,54.4200,1
41842243966838,11:37:22.243,54.4200,100
41842243966838,11:37:22.243,54.4200,100
41845058889820,11:37:25.058,54.4300,100
41845058889820,11:37:25.058,54.4300,100
41845058889820,11:37:25.058,54.4300,100
41845058889820,11:37:25.058,54.4300,100
41845058889820,11:37:25.058,54.4400,100
41845058889820,11:37:25.058,54.4400,45
41845058889820,11:37:25.058,54.4400,100
41845065308258,11:37:25.065,54.4400,100
41845065308258,11:37:25.065,54.4400,100
41845065308258,11:37:25.065,54.4400,100
41847053639742,11:37:27.053,54.4400,100
41848088674918,11:37:28.088,54.4400,4
41848090899297,11:37:28.090,54.4400,126
41848090899297,11:37:28.090,54.4400,74
41849661785830,11:37:29.661,54.4400,100
41850083583166,11:37:30.083,54.4500,200
41850083583166,11:37:30.083,54.4500,100
41850125738516,11:37:30.125,54.4600,100
41850125738516,11:37:30.125,54.4600,100
41850125738516,11:37:30.125,54.4600,100
41850126646930,11:37:30.126,54.4600,100
41875027176532,11:37:55.027,54.4800,100
41875027176532,11:37:55.027,54.4800,700
41875027176532,11:37:55.027,54.4800,200
41875030239951,11:37:55.030,54.4800,100
41875030326257,11:37:55.030,54.4900,100
41875031288424,11:37:55.031,54.4900,100
41875031288424,11:37:55.031,54.4900,100
41875076522653,11:37:55.076,54.5000,100
41875686923586,11:37:55.686,54.5000,100
41875686923586,11:37:55.686,54.5000,100
41895324882229,11:38:15.324,54.5000,1
41895324882229,11:38:15.324,54.5000,100
41895326117726,11:38:15.326,54.5000,100
41895326117726,11:38:15.326,54.5000,100
41896963673222,11:38:16.963,54.5000,100
41896963673222,11:38:16.963,54.5000,100
41896963673222,11:38:16.963,54.5000,100
41896963673222,11:38:16.963,54.5000,100
41899670819927,11:38:19.670,54.5100,100
41899670819927,11:38:19.670,54.5100,24
41942481609998,11:39:02.481,54.5200,71
41942481618041,11:39:02.481,54.5200,71
41942481646045,11:39:02.481,54.5200,29
41943343390660,11:39:03.343,54.5300,5
41943343390660,11:39:03.343,54.5300,1
41948254036030,11:39:08.254,54.5100,4
41948254036030,11:39:08.254,54.5100,96
41948254082731,11:39:08.254,54.5100,4
42014059037645,11:40:14.059,54.5200,100
42014059037645,11:40:14.059,54.5200,100
42014101411714,11:40:14.101,54.5100,12
42014101411714,11:40:14.101,54.5100,99
42021737947699,11:40:21.737,54.5100,2
42021863636650,11:40:21.863,54.5100,2
42043713988728,11:40:43.713,54.5000,39
42060431825823,11:41:00.431,54.5200,100
42117050380644,11:41:57.050,54.5200,25
42117953330979,11:41:57.953,54.5200,100
42117953330979,11:41:57.953,54.5200,100
42140380304235,11:42:20.380,54.5300,100
42143728035631,11:42:23.728,54.5200,1
42143730987964,11:42:23.730,54.5200,5
42177071705994,11:42:57.071,54.5300,11
42195283898929,11:43:15.283,54.5300,89
42195283898929,11:43:15.283,54.5300,100
42195283898929,11:43:15.283,54.5300,100
42200470658773,11:43:20.470,54.5300,100
42201101040459,11:43:21.101,54.5300,7
42201101040459,11:43:21.101,54.5300,100
42201101040459,11:43:21.101,54.5300,93
42201101220108,11:43:21.101,54.5300,7
42202065392760,11:43:22.065,54.5300,100
42209978517203,11:43:29.978,54.5300,66
42209978599429,11:43:29.978,54.5300,34
42234078201025,11:43:54.078,54.5300,100
42247916536733,11:44:07.916,54.5200,100
42247916536733,11:44:07.916,54.5200,100
42247916536733,11:44:07.916,54.5200,100
42247916536733,11:44:07.916,54.5200,100
42247916536733,11:44:07.916,54.5200,1
42247916663049,11:44:07.916,54.5200,1
42247916681443,11:44:07.916,54.5200,6
42252728467122,11:44:12.728,54.5100,100
42252728467122,11:44:12.728,54.5100,31
42252728496684,11:44:12.728,54.5100,69
42261305821085,11:44:21.305,54.5100,100
42270231620407,11:44:30.231,54.5200,100
42270231620407,11:44:30.231,54.5200,100
42270294685620,11:44:30.294,54.5300,100
42298905104293,11:44:58.905,54.5000,100
42301184832278,11:45:01.184,54.5200,100
42322513226002,11:45:22.513,54.5300,45
42322513226002,11:45:22.513,54.5300,8
42330491270205,11:45:30.491,54.5400,40
42335809882568,11:45:35.809,54.5300,50
42335809907837,11:45:35.809,54.5300,50
42335864010117,11:45:35.864,54.5200,100
42337443827173,11:45:37.443,54.5200,1
42357435270361,11:45:57.435,54.5200,11
42378499443896,11:46:18.499,54.5300,16
42378499718092,11:46:18.499,54.5300,34
42378501171240,11:46:18.501,54.5300,50
42427430603916,11:47:07.430,54.5200,89
42427430603916,11:47:07.430,54.5200,100
42427430603916,11:47:07.430,54.5200,100
42444034128391,11:47:24.034,54.5100,100
42444034128391,11:47:24.034,54.5100,100
42444034128391,11:47:24.034,54.5100,3
42444034128391,11:47:24.034,54.5100,100
42460432273721,11:47:40.432,54.5000,100
42460432273721,11:47:40.432,54.5000,53
42460432275249,11:47:40.432,54.5000,47
42460432275249,11:47:40.432,54.5000,153
42460432283754,11:47:40.432,54.5000,107
42460432372333,11:47:40.432,54.5000,100
42460432455103,11:47:40.432,54.5000,100
42460432537990,11:47:40.432,54.5000,40
42460443373820,11:47:40.443,54.5000,66
42461210349800,11:47:41.210,54.5000,116
42466933011229,11:47:46.933,54.5000,200
42472754268596,11:47:52.754,54.5100,100
42472754295122,11:47:52.754,54.5100,100
42472759820276,11:47:52.759,54.5200,100
42472759820276,11:47:52.759,54.5200,100
42472759850166,11:47:52.759,54.5200,100
42472759862168,11:47:52.759,54.5200,100
42472765623546,11:47:52.765,54.5300,100
42481471606086,11:48:01.471,54.5300,100
42491568432922,11:48:11.568,54.5300,100
42491568509387,11:48:11.568,54.5400,28
42491568536447,11:48:11.568,54.5400,17
42492149706206,11:48:12.149,54.5400,100
42510382038580,11:48:30.382,54.5300,3
42510382038580,11:48:30.382,54.5300,7
42510382411216,11:48:30.382,54.5300,100
42523954282250,11:48:43.954,54.5300,100
42526356997076,11:48:46.356,54.5300,100
42538132013632,11:48:58.132,54.5300,95
42538132013632,11:48:58.132,54.5300,21
42538132042249,11:48:58.132,54.5300,186
42538132061768,11:48:58.132,54.5300,93
42552244819286,11:49:12.244,54.5300,100
42588264072022,11:49:48.264,54.5200,100
42588264072022,11:49:48.264,54.5200,100
42589507748696,11:49:49.507,54.5100,14
42602459804459,11:50:02.459,54.5100,100
42602459804459,11:50:02.459,54.5100,100
42602464432291,11:50:02.464,54.5000,100
42606018132284,11:50:06.018,54.5000,200
42613449102032,11:50:13.449,54.5000,100
42616553885163,11:50:16.553,54.5000,100
42616553885163,11:50:16.553,54.5000,100
42643507459674,11:50:43.507,54.5000,400
42643507459674,11:50:43.507,54.5000,3
42660228322755,11:51:00.228,54.4900,400
42660229621204,11:51:00.229,54.4700,100
42660229621204,11:51:00.229,54.4700,100
42660229621204,11:51:00.229,54.4700,100
42662533276775,11:51:02.533,54.4700,134
42662533276775,11:51:02.533,54.4700,100
42680034360645,11:51:20.034,54.4700,100
42680034360645,11:51:20.034,54.4700,100
42682257379547,11:51:22.257,54.4700,1100
42682257406431,11:51:22.257,54.4700,96
42684791243778,11:51:24.791,54.4700,100
42684791243778,11:51:24.791,54.4800,100
42684791269651,11:51:24.791,54.4800,100
42702889924839,11:51:42.889,54.4900,45
42702889924839,11:51:42.889,54.4900,243
42702889924839,11:51:42.889,54.4900,100
42704932037369,11:51:44.932,54.5000,100
42704932037369,11:51:44.932,54.5000,5
42705416633184,11:51:45.416,54.5100,100
42711761331312,11:51:51.761,54.5100,100
42711761370864,11:51:51.761,54.5100,100
42717758655157,11:51:57.758,54.5300,26
42717758684403,11:51:57.758,54.5300,74
42717758684403,11:51:57.758,54.5300,100
42717758684403,11:51:57.758,54.5300,100
42742835472049,11:52:22.835,54.5100,14
42742835472049,11:52:22.835,54.5100,400
42744160070497,11:52:24.160,54.5200,1
42767835948657,11:52:47.835,54.5200,100
42777501078609,11:52:57.501,54.5100,7
42789196020312,11:53:09.196,54.5100,193
42789196020312,11:53:09.196,54.5100,100
42789203128658,11:53:09.203,54.5200,200
42793152750336,11:53:13.152,54.5300,200
42903143319362,11:55:03.143,54.5300,100
42903143347992,11:55:03.143,54.5300,100
42903144247424,11:55:03.144,54.5300,100
42903144247424,11:55:03.144,54.5300,200
42909178682961,11:55:09.178,54.5400,100
42912473180715,11:55:12.473,54.5300,3
42913047898621,11:55:13.047,54.5300,100
42915049735118,11:55:15.049,54.5300,65
42915049735118,11:55:15.049,54.5300,3
42915049735118,11:55:15.049,54.5300,32
42915049760726,11:55:15.049,54.5300,68
42915049760726,11:55:15.049,54.5300,100
42931066596780,11:55:31.066,54.5200,100
42965446786573,11:56:05.446,54.5300,100
42965446817329,11:56:05.446,54.5300,100
42966642224595,11:56:06.642,54.5300,100
42973561254413,11:56:13.561,54.5400,100
42973561254413,11:56:13.561,54.5400,100
42974065879742,11:56:14.065,54.5500,100
42975329169353,11:56:15.329,54.5600,45
42975329169353,11:56:15.329,54.5600,100
42975354809833,11:56:15.354,54.5700,100
42975354809833,11:56:15.354,54.5700,100
42975516573750,11:56:15.516,54.5700,75
42977305695492,11:56:17.305,54.5800,100
42980056218784,11:56:20.056,54.5850,700
42980056562354,11:56:20.056,54.5850,400
42980056878805,11:56:20.056,54.5900,100
42980577474744,11:56:20.577,54.5900,100
42980577474744,11:56:20.577,54.5900,100
42980577474744,11:56:20.577,54.5900,100
42980577474744,11:56:20.577,54.5900,48
42980577548605,11:56:20.577,54.5900,152
42984736536728,11:56:24.736,54.5800,200
42993721235821,11:56:33.721,54.5700,200
42993721235821,11:56:33.721,54.5700,100
42993721235821,11:56:33.721,54.5700,1
42993721235821,11:56:33.721,54.5700,95
43020226640575,11:57:00.226,54.5600,200
43020226669231,11:57:00.226,54.5600,200
43022679164065,11:57:02.679,54.5500,100
43029309099069,11:57:09.309,54.5400,200
43029309133857,11:57:09.309,54.5400,200
43030981571060,11:57:10.981,54.5300,200
43034600641327,11:57:14.600,54.5400,100
43034600641327,11:57:14.600,54.5400,200
43038502004331,11:57:18.502,54.5400,68
43038502047759,11:57:18.502,54.5400,132
43039473549244,11:57:19.473,54.5400,100
43044864779469,11:57:24.864,54.5300,300
43044864815135,11:57:24.864,54.5300,100
43062043667189,11:57:42.043,54.5300,250
43062043667189,11:57:42.043,54.5300,100
43062043667189,11:57:42.043,54.5300,39
43062054231605,11:57:42.054,54.5400,36
43064020660097,11:57:44.020,54.5500,200
43066532887223,11:57:46.532,54.5600,100
43067184370939,11:57:47.184,54.5700,100
43067184370939,11:57:47.184,54.5700,45
43072832893772,11:57:52.832,54.5800,100
43074132332573,11:57:54.132,54.5800,100
43074132364421,11:57:54.132,54.5800,100
43081710889230,11:58:01.710,54.5900,100
43081710889230,11:58:01.710,54.5900,100
43081711419601,11:58:01.711,54.6000,100
43081711419601,11:58:01.711,54.6000,100
43086718520646,11:58:06.718,54.6300,100
43086718520646,11:58:06.718,54.6300,100
43111548015077,11:58:31.548,54.6350,100
43126588300009,11:58:46.588,54.6400,10
43126588502565,11:58:46.588,54.6600,100
43126588502565,11:58:46.588,54.6600,100
43126588502565,11:58:46.588,54.6600,100
43126590257329,11:58:46.590,54.6700,700
43126596628576,11:58:46.596,54.6700,15
43126596628576,11:58:46.596,54.6700,15
43126596628576,11:58:46.596,54.6700,200
43141759464534,11:59:01.759,54.6800,3
43141759840551,11:59:01.759,54.6800,3
43141760261348,11:59:01.760,54.6800,100
43149492782363,11:59:09.492,54.6700,100
43152572019618,11:59:12.572,54.6500,5
43152675184964,11:59:12.675,54.6400,100
43152676723541,11:59:12.676,54.6400,35
43190133333253,11:59:50.133,54.6400,100
43190140632428,11:59:50.140,54.6300,200
43193124971667,11:59:53.124,54.6200,300
43196462742540,11:59:56.462,54.6100,100
43196462742540,11:59:56.462,54.6100,100
43196469403236,11:59:56.469,54.6000,100
43198866017405,11:59:58.866,54.6150,100
43205369611660,12:00:05.369,54.6200,2
43212396066363,12:00:12.396,54.6100,2
43216987223016,12:00:16.987,54.5900,100
43216992657951,12:00:16.992,54.5800,100
43236476017817,12:00:36.476,54.5550,100
43275391962415,12:01:15.391,54.5700,100
43276298657116,12:01:16.298,54.5600,64
43278969119980,12:01:18.969,54.5600,14
43282364085243,12:01:22.364,54.5600,22
43282364085243,12:01:22.364,54.5600,12
43286458049347,12:01:26.458,54.5600,100
43286458852251,12:01:26.458,54.5600,100
43286458852251,12:01:26.458,54.5600,100
43286458852251,12:01:26.458,54.5600,100
43286694748149,12:01:26.694,54.5500,100
43295314798205,12:01:35.314,54.5300,10
43308026387087,12:01:48.026,54.5200,100
43308026533352,12:01:48.026,54.5200,100
43320253796588,12:02:00.253,54.5400,100
43339729008152,12:02:19.729,54.5600,45
43356664481303,12:02:36.664,54.5800,100
43356665287580,12:02:36.665,54.5800,100
43360939485311,12:02:40.939,54.5900,100
43360939514412,12:02:40.939,54.5900,100
43371534502009,12:02:51.534,54.5700,14
43371534502009,12:02:51.534,54.5600,86
43372053231723,12:02:52.053,54.5600,14
43377875045917,12:02:57.875,54.5700,41
43377875088701,12:02:57.875,54.5700,59
43415518042222,12:03:35.518,54.5700,400
43415518042222,12:03:35.518,54.5700,100
43424163618998,12:03:44.163,54.5900,74
43424163645192,12:03:44.163,54.5900,26
43426487178984,12:03:46.487,54.5800,100
43426487379115,12:03:46.487,54.5800,3
43426487379115,12:03:46.487,54.5800,33
43435562222022,12:03:55.562,54.5800,58
43450083912686,12:04:10.083,54.5600,3
43450083912686,12:04:10.083,54.5600,97
43460176386196,12:04:20.176,54.5600,100
43460178960083,12:04:20.178,54.5800,74
43475909913169,12:04:35.909,54.5600,31
43504097112228,12:05:04.097,54.5600,100
43517690762846,12:05:17.690,54.5700,8
43531861298053,12:05:31.861,54.5700,100
43534401009326,12:05:34.401,54.5650,100
43534537240934,12:05:34.537,54.5650,200
43534537240934,12:05:34.537,54.5650,100
43534537545468,12:05:34.537,54.5600,100
43541606429669,12:05:41.606,54.5700,33
43541606429669,12:05:41.606,54.5700,100
43541606526489,12:05:41.606,54.5600,100
43541606726839,12:05:41.606,54.5600,100
43541607952942,12:05:41.607,54.5700,100
43541608545173,12:05:41.608,54.5700,100
43541608545173,12:05:41.608,54.5700,100
43541608545173,12:05:41.608,54.5700,100
43545025324920,12:05:45.025,54.5500,100
43545364589116,12:05:45.364,54.5700,100
43545364589116,12:05:45.364,54.5700,81
43563716675239,12:06:03.716,54.5600,3
43563716675239,12:06:03.716,54.5600,97
43563730051712,12:06:03.730,54.5700,55
43563730705185,12:06:03.730,54.5800,100
43565021344340,12:06:05.021,54.5800,100
43570870183227,12:06:10.870,54.5600,100
43570870369306,12:06:10.870,54.5600,100
43570870377645,12:06:10.870,54.5600,49
43570870384583,12:06:10.870,54.5600,51
43570870411860,12:06:10.870,54.5600,100
43573258856660,12:06:13.258,54.5500,100
43573258856660,12:06:13.258,54.5500,100
43576571462005,12:06:16.571,54.5400,100
43576713918172,12:06:16.713,54.5300,2
43580019408636,12:06:20.019,54.5200,100
43583211597285,12:06:23.211,54.5200,400
43583211633959,12:06:23.211,54.5200,100
43583213163475,12:06:23.213,54.5250,500
43583250693557,12:06:23.250,54.5300,100
43583250718731,12:06:23.250,54.5300,69
43583349981906,12:06:23.349,54.5300,100
43583848191664,12:06:23.848,54.5300,100
43583848236530,12:06:23.848,54.5300,31
43583848236530,12:06:23.848,54.5300,5
43587999985609,12:06:27.999,54.5400,8
43588000010968,12:06:28.000,54.5400,92
43588000010968,12:06:28.000,54.5400,100
43588180862570,12:06:28.180,54.5400,100
43590020143396,12:06:30.020,54.5400,100
43593855828064,12:06:33.855,54.5300,100
43593855828064,12:06:33.855,54.5300,100
43593855828064,12:06:33.855,54.5300,100
43596713651371,12:06:36.713,54.5100,100
43596799331681,12:06:36.799,54.5100,100
43596799857939,12:06:36.799,54.5200,100
43596800357202,12:06:36.800,54.5300,100
43598176834559,12:06:38.176,54.5300,200
43603626197466,12:06:43.626,54.5300,300
43603626222126,12:06:43.626,54.5300,100
43612136309183,12:06:52.136,54.5400,300
43612137643533,12:06:52.137,54.5500,100
43612141937957,12:06:52.141,54.5500,45
43614717524912,12:06:54.717,54.5500,100
43616126986241,12:06:56.126,54.5600,100
43617054402711,12:06:57.054,54.5600,36
43617713425112,12:06:57.713,54.5500,100
43617713425112,12:06:57.713,54.5500,100
43617713969825,12:06:57.713,54.5500,100
43617713969825,12:06:57.713,54.5500,100
43617713969825,12:06:57.713,54.5500,100
43617714015951,12:06:57.714,54.5500,64
43617714041333,12:06:57.714,54.5500,36
43617716651213,12:06:57.716,54.5600,64
43617716651213,12:06:57.716,54.5600,100
43680753210792,12:08:00.753,54.5600,100
43680753210792,12:08:00.753,54.5600,100
43681562264886,12:08:01.562,54.5600,100
43681562264886,12:08:01.562,54.5600,100
43681562264886,12:08:01.562,54.5600,100
43701751108729,12:08:21.751,54.5550,400
43720412309706,12:08:40.412,54.5550,400
43725259628663,12:08:45.259,54.5500,100
43725259628663,12:08:45.259,54.5500,4
43725259628663,12:08:45.259,54.5500,200
43792565862133,12:09:52.565,54.5500,12
43803715706087,12:10:03.715,54.5400,100
43803715706087,12:10:03.715,54.5400,100
43803715706087,12:10:03.715,54.5400,100
43807661183161,12:10:07.661,54.5500,88
43807661183161,12:10:07.661,54.5500,12
43807664485124,12:10:07.664,54.5500,88
43807664485124,12:10:07.664,54.5500,12
43810196385824,12:10:10.196,54.5500,88
43810196385824,12:10:10.196,54.5600,100
43810196385824,12:10:10.196,54.5600,12
43810350016031,12:10:10.350,54.5600,88
43810350016031,12:10:10.350,54.5600,12
43810350068145,12:10:10.350,54.5600,88
43847415015258,12:10:47.415,54.5600,100
43847415015897,12:10:47.415,54.5600,100
43847419398498,12:10:47.419,54.5500,100
43847419398498,12:10:47.419,54.5500,58
43847419398498,12:10:47.419,54.5500,42
43860432083352,12:11:00.432,54.5700,100
43860432402175,12:11:00.432,54.5700,32
43892683368784,12:11:32.683,54.5800,100
43892683368784,12:11:32.683,54.5800,100
43897954324035,12:11:37.954,54.5800,4
43921139331337,12:12:01.139,54.5800,200
43931571094436,12:12:11.571,54.5700,100
43931571094436,12:12:11.571,54.5700,100
43931572935967,12:12:11.572,54.5700,4
43932716152628,12:12:12.716,54.5700,200
43932716186364,12:12:12.716,54.5700,96
43932716186364,12:12:12.716,54.5700,200
43932716348292,12:12:12.716,54.5700,100
43932716348292,12:12:12.716,54.5700,100
43933894441774,12:12:13.894,54.5700,100
43945078151611,12:12:25.078,54.5600,100
43946620604105,12:12:26.620,54.5600,100
43953248978591,12:12:33.248,54.5500,100
43954063463066,12:12:34.063,54.5500,100
43954063463066,12:12:34.063,54.5500,100
43954063463066,12:12:34.063,54.5500,100
43954063590281,12:12:34.063,54.5500,700
43954063642221,12:12:34.063,54.5500,100
43954063675169,12:12:34.063,54.5500,100
43954063675169,12:12:34.063,54.5500,10
43954063690914,12:12:34.063,54.5500,54
43954064180066,12:12:34.064,54.5600,100
43961569992643,12:12:41.569,54.5600,100
43971714195683,12:12:51.714,54.5400,200
43972563784942,12:12:52.563,54.5300,200
43974811677376,12:12:54.811,54.5300,100
43978730775611,12:12:58.730,54.5300,100
43979187986551,12:12:59.187,54.5500,100
43990466687778,12:13:10.466,54.5300,200
43993961031778,12:13:13.961,54.5200,200
44003514414233,12:13:23.514,54.5300,200
44011714701603,12:13:31.714,54.5100,100
44011714701603,12:13:31.714,54.5100,100
44043324064792,12:14:03.324,54.5300,100
44060778066007,12:14:20.778,54.5400,100
44063062713191,12:14:23.062,54.5300,100
44063062713191,12:14:23.062,54.5300,100
44070092246540,12:14:30.092,54.5400,5
44070092556492,12:14:30.092,54.5400,95
44070092694149,12:14:30.092,54.5500,5
44070092694149,12:14:30.092,54.5500,95
44116567247314,12:15:16.567,54.5600,100
44116567247314,12:15:16.567,54.5600,4
44116567247314,12:15:16.567,54.5600,100
44120395437681,12:15:20.395,54.5600,100
44120395437681,12:15:20.395,54.5600,100
44120395437681,12:15:20.395,54.5600,100
44122744680420,12:15:22.744,54.5500,100
44122744710583,12:15:22.744,54.5500,100
44127697018537,12:15:27.697,54.5400,100
44128690222083,12:15:28.690,54.5400,100
44130981552938,12:15:30.981,54.5300,100
44130982723499,12:15:30.982,54.5300,100
44130982723499,12:15:30.982,54.5300,100
44130984163219,12:15:30.984,54.5300,100
44184628180336,12:16:24.628,54.5400,100
44184628180336,12:16:24.628,54.5400,100
44184628211174,12:16:24.628,54.5400,1
44184628211174,12:16:24.628,54.5400,100
44184628726038,12:16:24.628,54.5400,100
44184628726038,12:16:24.628,54.5400,100
44184976158342,12:16:24.976,54.5400,100
44214363532602,12:16:54.363,54.5500,100
44226334722539,12:17:06.334,54.5600,100
44230900990545,12:17:10.900,54.5600,14
44230901490153,12:17:10.901,54.5600,26
44231316918902,12:17:11.316,54.5600,60
44235369482483,12:17:15.369,54.5600,40
44235369482483,12:17:15.369,54.5600,100
44235369482483,12:17:15.369,54.5600,24
44235369536814,12:17:15.369,54.5600,76
44257588860948,12:17:37.588,54.5600,100
44257609988177,12:17:37.609,54.5600,100
44257609988177,12:17:37.609,54.5600,100
44257609988177,12:17:37.609,54.5600,100
44257656607662,12:17:37.656,54.5500,4
44257656607662,12:17:37.656,54.5400,96
44257656920928,12:17:37.656,54.5400,100
44263455998699,12:17:43.455,54.5400,100
44263456232657,12:17:43.456,54.5400,49
44267615415123,12:17:47.615,54.5400,100
44267615467040,12:17:47.615,54.5400,51
44272617121690,12:17:52.617,54.5300,200
44272617151150,12:17:52.617,54.5300,100
44277517308303,12:17:57.517,54.5300,200
44279858315772,12:17:59.858,54.5400,200
44279858315772,12:17:59.858,54.5400,38
44279858341603,12:17:59.858,54.5400,147
44279859256973,12:17:59.859,54.5400,53
44280387378556,12:18:00.387,54.5400,100
44282513442398,12:18:02.513,54.5400,100
44293527079213,12:18:13.527,54.5300,300
44293527079213,12:18:13.527,54.5300,100
44293560570716,12:18:13.560,54.5300,100
44293560570716,12:18:13.560,54.5300,100
44297028959125,12:18:17.028,54.5300,100
44301120537486,12:18:21.120,54.5300,100
44301120537486,12:18:21.120,54.5300,200
44305268323661,12:18:25.268,54.5300,100
44305392436802,12:18:25.392,54.5200,200
44305392436802,12:18:25.392,54.5200,5
44305392436802,12:18:25.392,54.5200,100
44305392436802,12:18:25.392,54.5200,300
44305392436802,12:18:25.392,54.5200,100
44305392436802,12:18:25.392,54.5200,100
44307863228073,12:18:27.863,54.5200,100
44307863578278,12:18:27.863,54.5200,100
44307877728811,12:18:27.877,54.5200,100
44307877728811,12:18:27.877,54.5200,100
44307877728811,12:18:27.877,54.5200,100
44307877728811,12:18:27.877,54.5200,100
44307877728811,12:18:27.877,54.5200,100
44307877728811,12:18:27.877,54.5200,100
44307877728811,12:18:27.877,54.5200,100
44307877728811,12:18:27.877,54.5200,100
44308716255279,12:18:28.716,54.5200,100
44312068396543,12:18:32.068,54.5200,200
44314952113221,12:18:34.952,54.5200,100
44314952369451,12:18:34.952,54.5200,100
44314952369451,12:18:34.952,54.5200,100
44317005733440,12:18:37.005,54.5300,100
44317005733440,12:18:37.005,54.5300,12
44317005733440,12:18:37.005,54.5300,88
44317411287650,12:18:37.411,54.5200,100
44318150747518,12:18:38.150,54.5200,100
44326714405744,12:18:46.714,54.5100,100
44326714405744,12:18:46.714,54.5100,100
44326714405744,12:18:46.714,54.5100,100
44326714405744,12:18:46.714,54.5100,100
44334059263162,12:18:54.059,54.5200,100
44334076784755,12:18:54.076,54.5200,100
44334076784755,12:18:54.076,54.5200,100
44338711597584,12:18:58.711,54.5300,100
44338731505118,12:18:58.731,54.5200,98
44338731744310,12:18:58.731,54.5200,100
44338731744310,12:18:58.731,54.5200,100
44338731744310,12:18:58.731,54.5200,100
44338731744310,12:18:58.731,54.5200,100
44338731744310,12:18:58.731,54.5200,100
44346061029660,12:19:06.061,54.5200,10
44346061029660,12:19:06.061,54.5200,100
44346061029660,12:19:06.061,54.5200,90
44346061334460,12:19:06.061,54.5200,10
44346666661666,12:19:06.666,54.5300,32
44376058544204,12:19:36.058,54.5350,400
44376091020837,12:19:36.091,54.5400,100
44376091395453,12:19:36.091,54.5400,100
44376091395453,12:19:36.091,54.5400,100
44376091395453,12:19:36.091,54.5400,100
44376091395453,12:19:36.091,54.5400,100
44377448253173,12:19:37.448,54.5500,45
44408156720937,12:20:08.156,54.5600,36
44408157200721,12:20:08.157,54.5600,64
44408157200721,12:20:08.157,54.5600,36
44408157237503,12:20:08.157,54.5600,64
44408169006141,12:20:08.169,54.5700,100
44409058434763,12:20:09.058,54.5800,100
44413335816984,12:20:13.335,54.5800,100
44415287006724,12:20:15.287,54.5700,200
44415287006724,12:20:15.287,54.5700,5
44415287006724,12:20:15.287,54.5700,100
44415287145879,12:20:15.287,54.5700,100
44416648285397,12:20:16.648,54.5700,100
44416648285397,12:20:16.648,54.5700,100
44417613682574,12:20:17.613,54.5800,100
44417615994366,12:20:17.615,54.5800,100
44417616066503,12:20:17.616,54.5700,100
44417616066503,12:20:17.616,54.5700,100
44417616066503,12:20:17.616,54.5700,100
44417616066503,12:20:17.616,54.5700,100
44417616066503,12:20:17.616,54.5700,100
44417616066503,12:20:17.616,54.5700,100
44417616066503,12:20:17.616,54.5700,100
44417616066503,12:20:17.616,54.5700,100
44417616066503,12:20:17.616,54.5700,100
44417616066503,12:20:17.616,54.5700,100
44417616066503,12:20:17.616,54.5700,100
44417616066503,12:20:17.616,54.5700,100
44424951230052,12:20:24.951,54.5600,100
44431152272654,12:20:31.152,54.5500,200
44431152272654,12:20:31.152,54.5500,100
44431152272654,12:20:31.152,54.5500,100
44432181663050,12:20:32.181,54.5600,100
44433933745137,12:20:33.933,54.5600,100
44438207804560,12:20:38.207,54.5500,100
44439683279680,12:20:39.683,54.5400,200
44439683279680,12:20:39.683,54.5400,100
44439683279680,12:20:39.683,54.5400,100
44440715624377,12:20:40.715,54.5400,100
44444333512122,12:20:44.333,54.5400,100
44444333512122,12:20:44.333,54.5300,100
44445715905730,12:20:45.715,54.5200,100
44445715905730,12:20:45.715,54.5200,100
44445715905730,12:20:45.715,54.5200,100
44458180459536,12:20:58.180,54.5600,1
44458181582363,12:20:58.181,54.5600,99
44458181582363,12:20:58.181,54.5600,1
44458181634241,12:20:58.181,54.5600,99
44462829009346,12:21:02.829,54.5650,100
44485094627593,12:21:25.094,54.5700,50
44485094666473,12:21:25.094,54.5700,50
44485094666473,12:21:25.094,54.5700,60
44485094696593,12:21:25.094,54.5700,40
44485094696593,12:21:25.094,54.5700,100
44517060562473,12:21:57.060,54.5700,46
44535396279270,12:22:15.396,54.5800,45
44536149270115,12:22:16.149,54.5800,100
44536149355647,12:22:16.149,54.5700,200
44536149355647,12:22:16.149,54.5700,100
44536149355647,12:22:16.149,54.5700,100
44536149355647,12:22:16.149,54.5700,100
44536149355647,12:22:16.149,54.5600,100
44536149355647,12:22:16.149,54.5600,100
44536153218432,12:22:16.153,54.5600,100
44536153218432,12:22:16.153,54.5600,100
44536153218432,12:22:16.153,54.5600,100
44543939813303,12:22:23.939,54.5800,100
44546168535883,12:22:26.168,54.5800,54
44546168535883,12:22:26.168,54.5800,46
44546453972429,12:22:26.453,54.5800,54
44546453972429,12:22:26.453,54.5800,46
44547711086267,12:22:27.711,54.5700,100
44547711086267,12:22:27.711,54.5700,100
44547711086267,12:22:27.711,54.5700,100
44547711086267,12:22:27.711,54.5700,100
44550385185207,12:22:30.385,54.5700,100
44550385185207,12:22:30.385,54.5700,300
44550385185207,12:22:30.385,54.5700,200
44551234596821,12:22:31.234,54.5800,100
44556360689331,12:22:36.360,54.5800,60
44557260591308,12:22:37.260,54.5700,5
44571698395963,12:22:51.698,54.5700,100
44571698395963,12:22:51.698,54.5700,100
44571698470670,12:22:51.698,54.5700,50
44571698501602,12:22:51.698,54.5700,50
44571717581271,12:22:51.717,54.5700,100
44571717581271,12:22:51.717,54.5700,100
44571717581271,12:22:51.717,54.5700,100
44571717581271,12:22:51.717,54.5700,100
44576872890740,12:22:56.872,54.5600,100
44578345579850,12:22:58.345,54.5700,100
44579005689172,12:22:59.005,54.5700,100
44588597686206,12:23:08.597,54.5700,74
44588597759692,12:23:08.597,54.5700,74
44588597826659,12:23:08.597,54.5700,52
44588597826659,12:23:08.597,54.5700,22
44588597887591,12:23:08.597,54.5700,4
44588597909114,12:23:08.597,54.5700,70
44588597943226,12:23:08.597,54.5700,4
44588598934521,12:23:08.598,54.5600,100
44588599861530,12:23:08.599,54.5500,7
44588599861530,12:23:08.599,54.5500,93
44588602755063,12:23:08.602,54.5500,7
44588602755063,12:23:08.602,54.5500,93
44588614325120,12:23:08.614,54.5600,50
44588715708556,12:23:08.715,54.5500,7
44588715708556,12:23:08.715,54.5500,100
44588715708556,12:23:08.715,54.5500,100
44588716352900,12:23:08.716,54.5500,100
44588716352900,12:23:08.716,54.5500,200
44588716352900,12:23:08.716,54.5500,100
44596420017933,12:23:16.420,54.5500,100
44600158264470,12:23:20.158,54.5400,100
44600158264470,12:23:20.158,54.5400,100
44606050417607,12:23:26.050,54.5400,100
44606050417607,12:23:26.050,54.5400,241
44606050607735,12:23:26.050,54.5400,159
44606050607735,12:23:26.050,54.5400,200
44606050607735,12:23:26.050,54.5400,200
44606050607735,12:23:26.050,54.5400,200
44606305395234,12:23:26.305,54.5400,100
44606305395234,12:23:26.305,54.5400,50
44606305429581,12:23:26.305,54.5400,50
44606305429581,12:23:26.305,54.5400,60
44609020271386,12:23:29.020,54.5300,100
44609020271386,12:23:29.020,54.5300,100
44610024716819,12:23:30.024,54.5300,100
44611794317449,12:23:31.794,54.5300,100
44611794317449,12:23:31.794,54.5200,100
44611796449749,12:23:31.796,54.5200,100
44611796457889,12:23:31.796,54.5200,100
44611796562721,12:23:31.796,54.5100,100
44611796562721,12:23:31.796,54.5100,100
44611799378303,12:23:31.799,54.5100,100
44612775799449,12:23:32.775,54.5100,4
44612775799449,12:23:32.775,54.5100,100
44612775799449,12:23:32.775,54.5100,200
44612775799449,12:23:32.775,54.5100,96
44613718210432,12:23:33.718,54.5000,100
44613718210432,12:23:33.718,54.5000,100
44613718210432,12:23:33.718,54.5000,100
44613718210432,12:23:33.718,54.5000,100
44614716424138,12:23:34.716,54.5000,100
44614716424138,12:23:34.716,54.5000,100
44614716424138,12:23:34.716,54.5000,100
44614716424138,12:23:34.716,54.5000,100
44615027506678,12:23:35.027,54.5200,100
44615058039693,12:23:35.058,54.5200,100
44640108375469,12:24:00.108,54.5200,100
44640108375469,12:24:00.108,54.5200,15
44641716160365,12:24:01.716,54.5200,100
44641716677806,12:24:01.716,54.5200,100
44641716677806,12:24:01.716,54.5200,100
44641717379968,12:24:01.717,54.5300,100
44641721266114,12:24:01.721,54.5400,400
44641721266114,12:24:01.721,54.5400,35
44642812831809,12:24:02.812,54.5400,100
44642812831809,12:24:02.812,54.5400,100
44643715779049,12:24:03.715,54.5400,100
44643715779049,12:24:03.715,54.5400,6
44652719539659,12:24:12.719,54.5400,100
44656703324827,12:24:16.703,54.5400,100
44656703786312,12:24:16.703,54.5400,2
44657473764900,12:24:17.473,54.5400,100
44657473764900,12:24:17.473,54.5400,100
44657473764900,12:24:17.473,54.5400,100
44657473764900,12:24:17.473,54.5400,100
44673060070205,12:24:33.060,54.5400,100
44673060070205,12:24:33.060,54.5400,100
44681691724244,12:24:41.691,54.5500,45
44681693102570,12:24:41.693,54.5500,100
44681693102570,12:24:41.693,54.5600,5
44681693102570,12:24:41.693,54.5600,100
44681818574892,12:24:41.818,54.5600,100
44687260667310,12:24:47.260,54.5600,100
44687260690969,12:24:47.260,54.5600,54
44687260713760,12:24:47.260,54.5600,46
44692545357987,12:24:52.545,54.5500,400
44706711762407,12:25:06.711,54.5700,100
44716311806798,12:25:16.311,54.5800,100
44721876090445,12:25:21.876,54.5800,200
44721876090445,12:25:21.876,54.5800,100
44721876176473,12:25:21.876,54.5800,100
44721876176473,12:25:21.876,54.5800,100
44721876284232,12:25:21.876,54.5800,100
44727360644147,12:25:27.360,54.5700,100
44729173240252,12:25:29.173,54.5700,100
44734102362168,12:25:34.102,54.5800,100
44744119043407,12:25:44.119,54.5700,60
44744119084412,12:25:44.119,54.5700,40
44744119084412,12:25:44.119,54.5700,100
44744119084412,12:25:44.119,54.5700,4
44744119425855,12:25:44.119,54.5700,50
44744119490113,12:25:44.119,54.5700,46
44750443040927,12:25:50.443,54.5600,100
44750443040927,12:25:50.443,54.5600,100
44750443040927,12:25:50.443,54.5600,100
44750443040927,12:25:50.443,54.5600,100
44750523043484,12:25:50.523,54.5600,100
44750523043484,12:25:50.523,54.5600,100
44752400106032,12:25:52.400,54.5600,100
44752400106032,12:25:52.400,54.5600,100
44752400479474,12:25:52.400,54.5600,40
44752400486804,12:25:52.400,54.5600,60
44752400486804,12:25:52.400,54.5600,100
44752400486804,12:25:52.400,54.5700,100
44752400486804,12:25:52.400,54.5700,100
44752402187436,12:25:52.402,54.5700,100
44755719705214,12:25:55.719,54.5600,100
44755719705214,12:25:55.719,54.5600,100
44758543941131,12:25:58.543,54.5500,100
44758543941131,12:25:58.543,54.5500,100
44765618601195,12:26:05.618,54.5700,100
44765618601195,12:26:05.618,54.5700,100
44768855986408,12:26:08.855,54.5600,100
44769417545631,12:26:09.417,54.5600,100
44770285512957,12:26:10.285,54.5600,200
44770285512957,12:26:10.285,54.5600,100
44770292130489,12:26:10.292,54.5600,15
44770292130489,12:26:10.292,54.5600,100
44770292130489,12:26:10.292,54.5600,100
44771144632860,12:26:11.144,54.5600,100
44771224895240,12:26:11.224,54.5600,85
44771293208884,12:26:11.293,54.5600,15
44771293208884,12:26:11.293,54.5500,100
44771293208884,12:26:11.293,54.5500,5
44771293208884,12:26:11.293,54.5500,100
44771293973618,12:26:11.293,54.5500,100
44771293981714,12:26:11.293,54.5600,50
44771294005849,12:26:11.294,54.5600,50
44776842322960,12:26:16.842,54.5600,10
44777451103853,12:26:17.451,54.5600,90
44777496403953,12:26:17.496,54.5600,100
44777496403953,12:26:17.496,54.5600,100
44800526462500,12:26:40.526,54.5600,100
44800604842947,12:26:40.604,54.5600,50
44801060438553,12:26:41.060,54.5600,34
44802021846601,12:26:42.021,54.5500,100
44802021846601,12:26:42.021,54.5500,100
44802021846601,12:26:42.021,54.5500,100
44802021846601,12:26:42.021,54.5500,100
44802021846601,12:26:42.021,54.5500,100
44802023538585,12:26:42.023,54.5400,100
44802686848718,12:26:42.686,54.5500,100
44806166034155,12:26:46.166,54.5600,100
44807042003763,12:26:47.042,54.5550,100
44820010004574,12:27:00.010,54.5550,100
44833395708369,12:27:13.395,54.5500,100
44837233892486,12:27:17.233,54.5500,100
44837234395740,12:27:17.234,54.5500,100
44837234395740,12:27:17.234,54.5500,100
44837234563239,12:27:17.234,54.5500,100
44837234563239,12:27:17.234,54.5500,100
44847273331573,12:27:27.273,54.5500,100
44847273331573,12:27:27.273,54.5500,100
44848042261846,12:27:28.042,54.5500,100
44848794821267,12:27:28.794,54.5500,100
44857067512638,12:27:37.067,54.5400,100
44869478539909,12:27:49.478,54.5400,100
44869478539909,12:27:49.478,54.5400,100
44880430695933,12:28:00.430,54.5500,1
44880430695933,12:28:00.430,54.5500,99
44890557119141,12:28:10.557,54.5600,100
44892515030875,12:28:12.515,54.5600,100
44892515421550,12:28:12.515,54.5600,100
44892515421550,12:28:12.515,54.5600,100
44892515521780,12:28:12.515,54.5700,2000
44893965727542,12:28:13.965,54.5700,200
44893965761492,12:28:13.965,54.5700,2800
44893969085957,12:28:13.969,54.5800,100
44893969085957,12:28:13.969,54.5800,100
44893969085957,12:28:13.969,54.5800,100
44895895489412,12:28:15.895,54.5900,100
44898192963845,12:28:18.192,54.5850,17
44905721845785,12:28:25.721,54.6000,100
44905730380145,12:28:25.730,54.6100,13
44906255636464,12:28:26.255,54.6100,100
44909220057918,12:28:29.220,54.6100,87
44911632698068,12:28:31.632,54.6200,100
44911632698068,12:28:31.632,54.6200,100
44918917861559,12:28:38.917,54.6100,100
44918917861559,12:28:38.917,54.6100,100
44918917861559,12:28:38.917,54.6100,100
44918917861559,12:28:38.917,54.6100,100
44918917905354,12:28:38.917,54.6100,4
44918917905354,12:28:38.917,54.6100,23
44918924743624,12:28:38.924,54.6000,100
44924236153124,12:28:44.236,54.6000,100
44924237156905,12:28:44.237,54.6100,5
44928778756269,12:28:48.778,54.6100,300
44933551604539,12:28:53.551,54.6000,100
44945715570618,12:29:05.715,54.6100,59
44949091926469,12:29:09.091,54.6100,100
44959501125933,12:29:19.501,54.6000,100
44959501125933,12:29:19.501,54.6000,100
44973012210244,12:29:33.012,54.5900,200
44973012210244,12:29:33.012,54.5900,100
44973013749897,12:29:33.013,54.5800,100
44973013749897,12:29:33.013,54.5800,100
44973671028341,12:29:33.671,54.5800,100
44977237768707,12:29:37.237,54.5900,100
44977400475952,12:29:37.400,54.5900,400
44981218137466,12:29:41.218,54.5900,100
44981218137466,12:29:41.218,54.5900,100
44981218709568,12:29:41.218,54.5900,100
44981218709568,12:29:41.218,54.5900,100
44981218709568,12:29:41.218,54.5900,100
44981218709568,12:29:41.218,54.5900,100
44986810688438,12:29:46.810,54.5800,100
44986810688438,12:29:46.810,54.5800,100
44986814086931,12:29:46.814,54.5700,11
44987460427843,12:29:47.460,54.5800,100
44989837585365,12:29:49.837,54.5800,100
44993207006395,12:29:53.207,54.5800,100
44993207006395,12:29:53.207,54.5800,100
44993349734365,12:29:53.349,54.5800,100
44996852680362,12:29:56.852,54.5800,400
44996852712282,12:29:56.852,54.5800,100
44996852712282,12:29:56.852,54.5800,100
45001840433562,12:30:01.840,54.5800,1000
45001840433562,12:30:01.840,54.5800,100
45004306832103,12:30:04.306,54.5700,4
45004306832103,12:30:04.306,54.5700,100
45004306832103,12:30:04.306,54.5700,100
45004306832103,12:30:04.306,54.5700,100
45004306832103,12:30:04.306,54.5700,4
45004950013231,12:30:04.950,54.5700,100
