timestamp,time,price,volume
34200287915910,09:30:00.287,0.0000,0
34260818015224,09:31:00.818,51.1300,100
34301042220888,09:31:41.042,51.1900,100
34301042220888,09:31:41.042,51.2600,100
34301052010880,09:31:41.052,51.0500,36
34335005633426,09:32:15.005,51.0700,100
34497820110986,09:34:57.820,50.9600,31
34497820110986,09:34:57.820,50.9600,69
34497820458554,09:34:57.820,50.9600,31
34497820480671,09:34:57.820,50.9600,31
34716566261799,09:38:36.566,50.7500,4
34809489077839,09:40:09.489,50.7400,100
34809490159878,09:40:09.490,50.7500,100
34809490186782,09:40:09.490,50.7500,100
34996159596685,09:43:16.159,50.8500,4
35132213307308,09:45:32.213,50.8000,100
35648516640766,09:54:08.516,50.6800,100
35693568601385,09:54:53.568,50.6600,100
35816923659105,09:56:56.923,50.6600,100
35888689535160,09:58:08.689,50.7300,4
35888689535160,09:58:08.689,50.7300,2
35888689535160,09:58:08.689,50.7300,2
35888689535160,09:58:08.689,50.7300,3
35888689662250,09:58:08.689,50.6900,100
36099264143880,10:01:39.264,50.7300,100
36391786012292,10:06:31.786,50.7600,2
36391786015607,10:06:31.786,50.7600,2
36391786015607,10:06:31.786,50.7600,17
36544208335344,10:09:04.208,50.8600,26
36549340261183,10:09:09.340,50.8400,100
36549355709693,10:09:09.355,50.8200,100
37093883661262,10:18:13.883,50.6900,100
37093883741421,10:18:13.883,50.6900,100
37093884709458,10:18:13.884,50.6900,8
37093885053221,10:18:13.885,50.6900,14
37307310708603,10:21:47.310,50.7400,100
37911226602673,10:31:51.226,50.6900,100
37912287565987,10:31:52.287,50.6350,100
37939372487366,10:32:19.372,50.6100,28
37939392543653,10:32:19.392,50.5800,100
37967192100650,10:32:47.192,50.5900,5
37967192836559,10:32:47.192,50.6000,100
37967192836559,10:32:47.192,50.6000,100
37967227988339,10:32:47.227,50.5600,100
37982790557463,10:33:02.790,50.5800,100
37982790587634,10:33:02.790,50.5800,52
37984391939974,10:33:04.391,50.5900,100
37984391939974,10:33:04.391,50.5900,1
37985601685525,10:33:05.601,50.6200,99
38000694294954,10:33:20.694,50.6300,6
38000993328121,10:33:20.993,50.5800,100
38035822102821,10:33:55.822,50.5800,100
38099055717789,10:34:59.055,50.5550,100
38099144915994,10:34:59.144,50.5300,22
38099145564069,10:34:59.145,50.5200,11
38127288745967,10:35:27.288,50.5400,100
38182153558293,10:36:22.153,50.5500,100
38182154217157,10:36:22.154,50.5500,51
38182159070586,10:36:22.159,50.5400,50
38347341609089,10:39:07.341,50.5000,4
38348537548897,10:39:08.537,50.5200,4
38349702760788,10:39:09.702,50.5200,4
38349949965184,10:39:09.949,50.5200,76
38349949973324,10:39:09.949,50.5200,20
38349949973324,10:39:09.949,50.5400,18
38349949980324,10:39:09.949,50.5400,20
38399039347464,10:39:59.039,50.5700,5
38399039347464,10:39:59.039,50.6100,95
38493934688199,10:41:33.934,50.6100,200
38493934688199,10:41:33.934,50.6000,600
38493934719423,10:41:33.934,50.6000,78
38493934719423,10:41:33.934,50.6000,100
38493937315314,10:41:33.937,50.5400,100
38494912697379,10:41:34.912,50.5400,100
38494927237266,10:41:34.927,50.5400,100
38642925320976,10:44:02.925,50.5200,100
38643039929579,10:44:03.039,50.5700,100
38643055473128,10:44:03.055,50.5600,46
38643055535138,10:44:03.055,50.5600,65
38649705152782,10:44:09.705,50.5200,300
39175531320775,10:52:55.531,50.5600,100
39357621260466,10:55:57.621,50.6600,4
39410984668581,10:56:50.984,50.6200,18
39413482222100,10:56:53.482,50.6300,100
39504654806782,10:58:24.654,50.6500,100
39504654806782,10:58:24.654,50.6500,4
39632156191187,11:00:32.156,50.7300,100
39639593362039,11:00:39.593,50.7300,100
39639717363005,11:00:39.717,50.6900,100
39640579737355,11:00:40.579,50.6600,100
39663459558081,11:01:03.459,50.7000,2
39663459773742,11:01:03.459,50.7000,98
39663498652606,11:01:03.498,50.7000,100
39705077033646,11:01:45.077,50.7500,100
39705159403962,11:01:45.159,50.6600,100
39815134281501,11:03:35.134,50.6700,100
39905086867420,11:05:05.086,50.8000,3
39932595381055,11:05:32.595,50.8000,11
39932595381055,11:05:32.595,50.8000,100
39932595381055,11:05:32.595,50.8000,36
39932648675771,11:05:32.648,50.7850,100
39952845918196,11:05:52.845,50.8100,4
39969416466705,11:06:09.416,50.8150,91
40318422204117,11:11:58.422,50.8300,100
40318422218183,11:11:58.422,50.8300,200
40318424841691,11:11:58.424,50.8100,100
40577619017399,11:16:17.619,50.8200,90
40577619017399,11:16:17.619,50.8300,100
40577619017399,11:16:17.619,50.8300,10
40577619038259,11:16:17.619,50.8300,90
40577651686129,11:16:17.651,50.8400,100
40577651686129,11:16:17.651,50.8500,5
40577651686129,11:16:17.651,50.8600,95
40577652127121,11:16:17.652,50.8600,100
40581450970843,11:16:21.450,50.8500,100
40630457206747,11:17:10.457,50.8600,100
40630457238217,11:17:10.457,50.8600,205
40630457243557,11:17:10.457,50.8600,37
40630457376930,11:17:10.457,50.8600,205
40630459008932,11:17:10.459,50.8600,45
40630588012586,11:17:10.588,50.8600,200
40634068458507,11:17:14.068,50.8600,50
40634068458507,11:17:14.068,50.8600,50
40655864438244,11:17:35.864,50.8300,100
40655864438244,11:17:35.864,50.8300,35
40655864465084,11:17:35.864,50.8300,165
40656836387929,11:17:36.836,50.8100,100
40656845559038,11:17:36.845,50.7800,9
40656853774912,11:17:36.853,50.7800,100
40668738078049,11:17:48.738,50.7700,8
40681365488654,11:18:01.365,50.7350,100
40703638682050,11:18:23.638,50.7900,20
40703638682050,11:18:23.638,50.7900,80
40732183878035,11:18:52.183,50.7650,100
40747379395242,11:19:07.379,50.7600,100
40900457660217,11:21:40.457,50.7000,100
40900592641331,11:21:40.592,50.6700,10
40900594749777,11:21:40.594,50.6600,100
40903048260877,11:21:43.048,50.7000,200
40903048303855,11:21:43.048,50.7000,125
40903048318677,11:21:43.048,50.7000,62
40903048320110,11:21:43.048,50.7000,165
40903048328637,11:21:43.048,50.7000,448
40998333878375,11:23:18.333,50.6400,49
40998333878375,11:23:18.333,50.6400,51
40998920257547,11:23:18.920,50.6600,4
40998921371714,11:23:18.921,50.6600,10
40998921719342,11:23:18.921,50.6600,2
40998922088648,11:23:18.922,50.6600,19
40998922441937,11:23:18.922,50.6600,5
40998922804022,11:23:18.922,50.6600,1
40998923160165,11:23:18.923,50.6600,1
41032096559973,11:23:52.096,50.6600,62
41034761074449,11:23:54.761,50.7000,5
41034761074449,11:23:54.761,50.7000,100
41034761074449,11:23:54.761,50.7000,95
41034761105231,11:23:54.761,50.7000,5
41034761140511,11:23:54.761,50.7100,20
41036302744359,11:23:56.302,50.7200,100
41036302744359,11:23:56.302,50.7200,80
41052126553396,11:24:12.126,50.7700,80
41118505139982,11:25:18.505,50.7200,100
41118547752823,11:25:18.547,50.7100,100
41118557843631,11:25:18.557,50.6600,100
41211047164932,11:26:51.047,50.6700,100
41211047195920,11:26:51.047,50.6700,4
41211108551597,11:26:51.108,50.6700,100
41437212961851,11:30:37.212,50.7900,12
41437212961851,11:30:37.212,50.7900,100
41558564784057,11:32:38.564,50.7200,100
41698372774586,11:34:58.372,50.7250,100
41698374397724,11:34:58.374,50.7250,99
41708920688463,11:35:08.920,50.7300,3
41738557056684,11:35:38.557,50.6900,1
41738601173838,11:35:38.601,50.7000,100
42006916301387,11:40:06.916,50.6700,100
42006916301387,11:40:06.916,50.6700,8
42601384279027,11:50:01.384,50.6700,100
42601384279027,11:50:01.384,50.7000,10
42601384365027,11:50:01.384,50.7000,90
42601384365027,11:50:01.384,50.7000,10
42601406661900,11:50:01.406,50.7200,4
42668889646481,11:51:08.889,50.7200,61
42681281632966,11:51:21.281,50.7000,100
42681281639720,11:51:21.281,50.7300,4
42681330582682,11:51:21.330,50.6950,100
42686861171098,11:51:26.861,50.7300,100
42812818305477,11:53:32.818,50.7000,100
42812818305477,11:53:32.818,50.6800,100
42812820579961,11:53:32.820,50.6800,8
42812822657299,11:53:32.822,50.6600,100
42812864847159,11:53:32.864,50.6500,100
42812864874818,11:53:32.864,50.6500,100
42812864874818,11:53:32.864,50.6500,100
42830933593015,11:53:50.933,50.6250,100
42862716030187,11:54:22.716,50.6400,6
42862820302469,11:54:22.820,50.6100,100
43067057756995,11:57:47.057,50.6500,100
43067057756995,11:57:47.057,50.6500,100
43067058530032,11:57:47.058,50.6600,71
43067078315634,11:57:47.078,50.6700,71
43067078379592,11:57:47.078,50.6700,29
43067078379592,11:57:47.078,50.6700,100
43358571096089,12:02:38.571,50.7200,41
43467823329754,12:04:27.823,50.6900,100
43467823329754,12:04:27.823,50.6900,8
43467825165241,12:04:27.825,50.6900,100
43467919060647,12:04:27.919,50.6800,100
43560982343099,12:06:00.982,50.6500,100
43560982343099,12:06:00.982,50.6500,100
43564990413199,12:06:04.990,50.6000,100
43577911219483,12:06:17.911,50.6300,104
43789458072254,12:09:49.458,50.6000,100
43916022608819,12:11:56.022,50.6100,100
43916022608819,12:11:56.022,50.6200,1
43916022920571,12:11:56.022,50.6200,99
43916022920571,12:11:56.022,50.6200,1
43916022939508,12:11:56.022,50.6200,55
43916022940050,12:11:56.022,50.6200,45
43916023258745,12:11:56.023,50.6200,22
43916023371073,12:11:56.023,50.6200,100
43916136121701,12:11:56.136,50.6200,4
43931879278735,12:12:11.879,50.5900,36
43938527398037,12:12:18.527,50.6200,100
44052496089878,12:14:12.496,50.6100,99
44218989148603,12:16:58.989,50.6300,4
44218989148603,12:16:58.989,50.6300,6
44218989178649,12:16:58.989,50.6300,94
44218989178649,12:16:58.989,50.6300,34
44220848111539,12:17:00.848,50.6000,100
44221219808538,12:17:01.219,50.5900,100
44221219808538,12:17:01.219,50.5900,100
44221219829928,12:17:01.219,50.5900,8
44221219829928,12:17:01.219,50.5900,100
44221221020488,12:17:01.221,50.5900,100
44263387178064,12:17:43.387,50.5800,1
44263388063377,12:17:43.388,50.5800,7
44263388063377,12:17:43.388,50.5800,100
44263835814088,12:17:43.835,50.5700,100
44263835814088,12:17:43.835,50.5700,100
44263843735262,12:17:43.843,50.5500,5
44266183808281,12:17:46.183,50.5500,95
44266183808281,12:17:46.183,50.5500,100
44266186889787,12:17:46.186,50.5500,100
44285248744481,12:18:05.248,50.5100,55
44285248761786,12:18:05.248,50.5100,45
44416848780905,12:20:16.848,50.4500,4
44416848780905,12:20:16.848,50.4500,100
44416848780905,12:20:16.848,50.4500,100
44424724012174,12:20:24.724,50.4300,100
44460412005597,12:21:00.412,50.4300,100
44980834362107,12:29:40.834,50.4600,100
44980869770803,12:29:40.869,50.4600,100
45008323021251,12:30:08.323,50.4700,100
45008323021251,12:30:08.323,50.4700,4
45008323021251,12:30:08.323,50.4700,55
45008323021251,12:30:08.323,50.4700,41
45008369086316,12:30:08.369,50.4400,100
45008386265445,12:30:08.386,50.4300,8
45008386265445,12:30:08.386,50.4300,4
45008420781793,12:30:08.420,50.4300,192
45008421203761,12:30:08.421,50.4200,100
45008421203761,12:30:08.421,50.4200,100
45023477423212,12:30:23.477,50.4150,100
45023477423212,12:30:23.477,50.3900,8
45023477423212,12:30:23.477,50.3900,92
45057119016679,12:30:57.119,50.3500,100
45065180668241,12:31:05.180,50.3600,50
45090950532121,12:31:30.950,50.3100,100
45279741910695,12:34:39.741,50.2800,100
45279741910695,12:34:39.741,50.2800,28
45281259108271,12:34:41.259,50.2700,2
45292550443922,12:34:52.550,50.2300,100
45292550443922,12:34:52.550,50.2300,8
45304823342620,12:35:04.823,50.2300,100
45304828534486,12:35:04.828,50.2000,100
45383837755888,12:36:23.837,50.1200,200
45383837822378,12:36:23.837,50.1200,100
45383845191912,12:36:23.845,50.1000,200
45841994228273,12:44:01.994,50.0500,58
45842640663902,12:44:02.640,50.0400,100
45844054275821,12:44:04.054,50.0300,60
45968977725928,12:46:08.977,50.0100,20
45968977725928,12:46:08.977,50.0100,80
45968977764339,12:46:08.977,50.0100,20
46044243141294,12:47:24.243,50.0400,42
46044243167031,12:47:24.243,50.0400,51
46044243175954,12:47:24.243,50.0400,7
46044243179196,12:47:24.243,50.0400,58
46044243191306,12:47:24.243,50.0400,42
46044243191306,12:47:24.243,50.0400,9
46044243216897,12:47:24.243,50.0400,7
46044243235143,12:47:24.243,50.0400,58
46044245544410,12:47:24.245,50.0400,26
46099400772723,12:48:19.400,50.0400,100
46107690047210,12:48:27.690,50.0500,4
46224848002723,12:50:24.848,50.0600,100
46224848002723,12:50:24.848,50.0700,100
46224848902330,12:50:24.848,50.0700,100
46243185016902,12:50:43.185,50.0700,100
46418648245183,12:53:38.648,50.0900,100
46418650628560,12:53:38.650,50.1100,8
46438108213772,12:53:58.108,50.1100,100
46441308208008,12:54:01.308,50.1200,100
46441309230464,12:54:01.309,50.1400,100
46441309261413,12:54:01.309,50.1400,100
46441315373138,12:54:01.315,50.1700,100
46448647314188,12:54:08.647,50.1350,100
46449084856482,12:54:09.084,50.1350,100
46466029277105,12:54:26.029,50.1400,100
46466039759791,12:54:26.039,50.1200,100
46466041964965,12:54:26.041,50.1100,100
46466042828363,12:54:26.042,50.1100,100
46466045683680,12:54:26.045,50.1000,37
46466045713358,12:54:26.045,50.1000,63
46580306576441,12:56:20.306,50.1000,100
46580306576441,12:56:20.306,50.1000,100
46580306576441,12:56:20.306,50.1000,100
46580306611924,12:56:20.306,50.1000,100
46580416054151,12:56:20.416,50.1100,91
46580416616725,12:56:20.416,50.1100,9
46580416616725,12:56:20.416,50.1100,14
46580462409943,12:56:20.462,50.1100,100
46580962004679,12:56:20.962,50.1000,100
47120578987638,13:05:20.578,50.1500,4
47120578987638,13:05:20.578,50.1500,100
47120578987638,13:05:20.578,50.1500,96
47120579022373,13:05:20.579,50.1500,4
47120665641242,13:05:20.665,50.1700,100
47120698499720,13:05:20.698,50.1700,100
47173089409571,13:06:13.089,50.1400,46
47173089409571,13:06:13.089,50.1400,13
47173091052917,13:06:13.091,50.1400,100
47174828475604,13:06:14.828,50.1400,46
47174828475604,13:06:14.828,50.1400,54
47174828475604,13:06:14.828,50.1400,100
47378653832577,13:09:38.653,50.2800,4
47378696085829,13:09:38.696,50.3100,4
47380291056283,13:09:40.291,50.3300,3
47381305426442,13:09:41.305,50.3300,97
47427820137321,13:10:27.820,50.3300,46
47427820137321,13:10:27.820,50.3300,11
47471028261751,13:11:11.028,50.3200,100
47471028749068,13:11:11.028,50.3200,100
47556548828156,13:12:36.548,50.3000,7
47556548828156,13:12:36.548,50.3000,11
47556548859090,13:12:36.548,50.3000,89
47556550944720,13:12:36.550,50.2900,6
47556550944720,13:12:36.550,50.2900,94
47556550983118,13:12:36.550,50.2900,6
47556551075147,13:12:36.551,50.2800,6
47556551108002,13:12:36.551,50.2800,88
47556551142739,13:12:36.551,50.2800,6
47858655084340,13:17:38.655,50.2700,100
47858655084340,13:17:38.655,50.2700,100
47859267672196,13:17:39.267,50.2800,100
47926263348225,13:18:46.263,50.3100,200
47926263453787,13:18:46.263,50.3200,77
47926263454382,13:18:46.263,50.3200,96
47926263458266,13:18:46.263,50.3200,48
47926282665503,13:18:46.282,50.3200,100
47926290303298,13:18:46.290,50.3400,100
48162359116996,13:22:42.359,50.3600,46
48162359116996,13:22:42.359,50.3600,54
48162359156842,13:22:42.359,50.3600,37
48162359182628,13:22:42.359,50.3600,9
48162359194288,13:22:42.359,50.3600,9
48162359195485,13:22:42.359,50.3600,9
48162359245184,13:22:42.359,50.3600,46
48195539236686,13:23:15.539,50.3400,5
48195539236686,13:23:15.539,50.3400,95
48196027694022,13:23:16.027,50.3400,5
48196027694022,13:23:16.027,50.3400,95
48196027719462,13:23:16.027,50.3400,5
48268175145065,13:24:28.175,50.4100,4
48270077448257,13:24:30.077,50.4200,4
48277008280385,13:24:37.008,50.4300,100
48277008300351,13:24:37.008,50.4400,44
48277008302993,13:24:37.008,50.4400,47
48277008335530,13:24:37.008,50.4400,9
48280970325434,13:24:40.970,50.4600,100
48296327662796,13:24:56.327,50.5000,300
48296327662796,13:24:56.327,50.5000,100
48549288516417,13:29:09.288,50.6900,100
48551117557867,13:29:11.117,50.7200,100
48569620846273,13:29:29.620,50.6700,100
48569688899723,13:29:29.688,50.6400,98
48569694887335,13:29:29.694,50.6400,2
48569694887335,13:29:29.694,50.6400,100
48569694887335,13:29:29.694,50.6400,98
48569694927013,13:29:29.694,50.6400,2
48613165748552,13:30:13.165,50.6300,9
48613165748552,13:30:13.165,50.6300,100
48613165748552,13:30:13.165,50.6300,8
48654042793604,13:30:54.042,50.6500,4
48654042793604,13:30:54.042,50.6500,96
48848664229769,13:34:08.664,50.6100,46
48959589821622,13:35:59.589,50.6400,36
48959590549322,13:35:59.590,50.6500,88
49147225867707,13:39:07.225,50.6800,4
49286557141552,13:41:26.557,50.7500,100
49364179159069,13:42:44.179,50.7000,8
49364179185420,13:42:44.179,50.7000,100
49754455903433,13:49:14.455,50.6800,100
49754457095468,13:49:14.457,50.6700,69
49754457095468,13:49:14.457,50.6700,31
50253193809313,13:57:33.193,50.7800,100
50253193809313,13:57:33.193,50.7800,4
50253193809313,13:57:33.193,50.7800,4
50253197451574,13:57:33.197,50.7800,100
50253200303495,13:57:33.200,50.7900,100
50271726217673,13:57:51.726,50.8300,9
50284475448461,13:58:04.475,50.8200,100
50284475448461,13:58:04.475,50.8100,100
50341311586349,13:59:01.311,50.8000,7
50341311586349,13:59:01.311,50.8000,7
50341311586349,13:59:01.311,50.8000,286
50341311621796,13:59:01.311,50.8000,14
50341311872568,13:59:01.311,50.8000,100
50344984901716,13:59:04.984,50.8100,100
50344991973986,13:59:04.991,50.8100,45
50354109738881,13:59:14.109,50.7900,34
50354109750008,13:59:14.109,50.7900,44
50354109762646,13:59:14.109,50.7900,20
50354109780998,13:59:14.109,50.7900,2
50354109805456,13:59:14.109,50.7900,64
50403198546763,14:00:03.198,50.7600,85
50403198585683,14:00:03.198,50.7600,15
50403198585683,14:00:03.198,50.7600,66
50403198698634,14:00:03.198,50.7600,34
50409050930533,14:00:09.050,50.8100,40
50409050930533,14:00:09.050,50.8100,60
50413019853791,14:00:13.019,50.8600,300
50413019948284,14:00:13.019,50.8600,150
50413020139587,14:00:13.020,50.8600,150
50413022484246,14:00:13.022,50.8600,100
50413025673146,14:00:13.025,50.8600,100
50413026430670,14:00:13.026,50.8600,150
50413026599831,14:00:13.026,50.8600,100
50413027296312,14:00:13.027,50.8600,50
50413027296312,14:00:13.027,50.8600,50
50413029467348,14:00:13.029,50.8600,100
50413031542589,14:00:13.031,50.8600,100
50416003897871,14:00:16.003,50.8600,100
50416003924589,14:00:16.003,50.8600,150
50416019722977,14:00:16.019,50.8600,100
50416019751225,14:00:16.019,50.8600,400
50416894411201,14:00:16.894,50.8600,100
50417116834879,14:00:17.116,50.8600,100
50423562750062,14:00:23.562,50.8150,100
50438769716643,14:00:38.769,50.7800,100
50438769912839,14:00:38.769,50.7700,100
50650172901663,14:04:10.172,50.8500,100
50650172901663,14:04:10.172,50.8500,100
50650172940467,14:04:10.172,50.8500,9
50650172940467,14:04:10.172,50.8500,100
50650172940467,14:04:10.172,50.8600,135
50650172942769,14:04:10.172,50.8600,165
50650172942769,14:04:10.172,50.8600,88
50650173239498,14:04:10.173,50.8600,165
50650173550683,14:04:10.173,50.8600,300
50650173774322,14:04:10.173,50.8600,35
50650174494754,14:04:10.174,50.8600,19
50650212339059,14:04:10.212,50.8600,100
50650924894424,14:04:10.924,50.8600,200
50650925122611,14:04:10.925,50.8600,126
50650925435756,14:04:10.925,50.8600,55
50650925435756,14:04:10.925,50.8600,50
50650925635344,14:04:10.925,50.8600,100
50650933743442,14:04:10.933,50.8600,300
50652257519956,14:04:12.257,50.8600,50
50652257519956,14:04:12.257,50.8600,50
50703944508739,14:05:03.944,50.8600,300
50703944538667,14:05:03.944,50.8600,150
50703944538667,14:05:03.944,50.8600,4
50703944667982,14:05:03.944,50.8600,150
50703944814042,14:05:03.944,50.8600,75
50703966605069,14:05:03.966,50.9000,100
50704879646382,14:05:04.879,50.9100,100
50708017486018,14:05:08.017,50.9100,50
50868039843860,14:07:48.039,51.0000,15
50868039843860,14:07:48.039,51.0000,17
50949729688537,14:09:09.729,51.0000,23
50949730320188,14:09:09.730,51.0100,100
50949730320188,14:09:09.730,51.0100,24
50949731275616,14:09:09.731,51.0200,100
50949731823856,14:09:09.731,51.0200,1
51056424095132,14:10:56.424,51.0500,200
51056424095132,14:10:56.424,51.0600,4
51066802376609,14:11:06.802,51.0300,100
51066802376609,14:11:06.802,51.0300,61
51066802376609,14:11:06.802,51.0300,1
51066802857382,14:11:06.802,51.0400,30
51085347810006,14:11:25.347,51.0600,4
51166647009081,14:12:46.647,51.0000,100
51311727236693,14:15:11.727,51.0100,100
51311727436453,14:15:11.727,50.9900,200
51311727436453,14:15:11.727,50.9800,100
51311727436453,14:15:11.727,50.9800,100
51311727436453,14:15:11.727,50.9700,8
51311727436453,14:15:11.727,50.9700,10
51311727436453,14:15:11.727,50.9500,100
51311727436453,14:15:11.727,50.9500,100
51311727983250,14:15:11.727,50.9400,100
51311727983250,14:15:11.727,50.9400,100
51311728516569,14:15:11.728,50.8300,100
51311728569953,14:15:11.728,50.8000,100
51311729019402,14:15:11.729,50.8300,100
51314575140446,14:15:14.575,50.8300,100
51314675720307,14:15:14.675,50.7800,100
51314675751439,14:15:14.675,50.7800,100
51314675800247,14:15:14.675,50.7700,32
51314680523236,14:15:14.680,50.7800,200
51314681072138,14:15:14.681,50.7700,68
51314693903026,14:15:14.693,50.7700,57
51314694284308,14:15:14.694,50.7700,8
51384441566534,14:16:24.441,50.7500,200
51384441566534,14:16:24.441,50.7600,100
51384441566534,14:16:24.441,50.7600,35
51384441566534,14:16:24.441,50.7600,100
51384441566534,14:16:24.441,50.7600,100
51384441566534,14:16:24.441,50.7600,100
51384441566534,14:16:24.441,50.7600,100
51384441928199,14:16:24.441,50.7600,8
51384442168070,14:16:24.442,50.7600,100
51384442205425,14:16:24.442,50.7600,163
51384442260937,14:16:24.442,50.7600,8
51384443103062,14:16:24.443,50.7600,329
51384443103062,14:16:24.443,50.7600,100
51384443103062,14:16:24.443,50.7600,171
51384443105447,14:16:24.443,50.7600,100
51384573561180,14:16:24.573,50.8500,100
51385142569026,14:16:25.142,50.8400,100
51395749304284,14:16:35.749,50.8350,100
51514207385897,14:18:34.207,50.7800,100
51514207385897,14:18:34.207,50.7800,50
51514207385897,14:18:34.207,50.7700,50
51514250138762,14:18:34.250,50.7700,50
51654704686438,14:20:54.704,50.8000,100
51654704686438,14:20:54.704,50.8000,100
51654704686438,14:20:54.704,50.8000,100
51654704707985,14:20:54.704,50.8000,100
51832141416372,14:23:52.141,50.8300,5
51837697276376,14:23:57.697,50.8250,37
51872313608496,14:24:32.313,50.8100,35
51872313608496,14:24:32.313,50.8000,37
51886291267814,14:24:46.291,50.7900,25
51886291267814,14:24:46.291,50.7800,100
51886291267814,14:24:46.291,50.7800,75
51886291300392,14:24:46.291,50.7800,25
51886291355787,14:24:46.291,50.7700,100
51886291355787,14:24:46.291,50.7700,100
51886291375233,14:24:46.291,50.7800,100
51886291916817,14:24:46.291,50.7800,100
51886370901677,14:24:46.370,50.7600,8
51886370901677,14:24:46.370,50.7600,92
51886371704357,14:24:46.371,50.7800,5
51886371704357,14:24:46.371,50.7600,3
51886415634201,14:24:46.415,50.7600,5
51893135130119,14:24:53.135,50.7500,4
51896363291274,14:24:56.363,50.8100,100
51937033013371,14:25:37.033,50.8200,200
51937041886678,14:25:37.041,50.8100,100
51937041886678,14:25:37.041,50.8100,100
51937041886678,14:25:37.041,50.8100,100
51937041981471,14:25:37.041,50.8100,36
51937044519073,14:25:37.044,50.8100,64
51946286956151,14:25:46.286,50.8100,100
52016011056360,14:26:56.011,50.7400,8
52016141315215,14:26:56.141,50.7100,4
52076728814161,14:27:56.728,50.6900,5
52080331292387,14:28:00.331,50.6800,100
52085330204944,14:28:05.330,50.7000,100
52085330235943,14:28:05.330,50.7000,23
52137135169169,14:28:57.135,50.6800,5
52149181784204,14:29:09.181,50.7000,100
52198139720538,14:29:58.139,50.6900,5
52239468390564,14:30:39.468,50.7000,1
52239517614801,14:30:39.517,50.7100,41
52275174764196,14:31:15.174,50.6900,5
52275181333760,14:31:15.181,50.7200,100
52275216083187,14:31:15.216,50.7300,100
52275216367554,14:31:15.216,50.7400,4
52275216642369,14:31:15.216,50.7500,4
52320139754752,14:32:00.139,50.7100,4
52320178041864,14:32:00.178,50.7200,59
52358761152725,14:32:38.761,50.6800,8
52358761152725,14:32:38.761,50.6800,8
52358761154424,14:32:38.761,50.6800,8
52358761174563,14:32:38.761,50.6800,8
52358761176274,14:32:38.761,50.6800,8
52358761200761,14:32:38.761,50.6800,8
52358761201330,14:32:38.761,50.6800,8
52409868487706,14:33:29.868,50.7100,4
52410109588583,14:33:30.109,50.7500,1
52538679783728,14:35:38.679,50.7600,100
52538679783728,14:35:38.679,50.7600,100
52562549003167,14:36:02.549,50.7200,2
52660471060324,14:37:40.471,50.7100,2
52696978906721,14:38:16.978,50.7400,100
52747141497541,14:39:07.141,50.7400,5
52747141497541,14:39:07.141,50.7400,100
52747141709689,14:39:07.141,50.7400,60
52748679985884,14:39:08.679,50.7500,100
52763222132035,14:39:23.222,50.7500,35
52763222158724,14:39:23.222,50.7500,35
52763222158724,14:39:23.222,50.7400,2
52763222161489,14:39:23.222,50.7400,29
52763222210380,14:39:23.222,50.7400,69
52763222210380,14:39:23.222,50.7400,9
52808134677270,14:40:08.134,50.7350,91
52809133852553,14:40:09.133,50.7200,5
52821185899850,14:40:21.185,50.7200,100
52857975520370,14:40:57.975,50.7400,100
52857976014131,14:40:57.976,50.7400,41
52857978320192,14:40:57.978,50.7600,100
52857978320192,14:40:57.978,50.7700,4
52857981570724,14:40:57.981,50.7700,100
52858066812607,14:40:58.066,50.7300,100
52858075961060,14:40:58.075,50.7600,100
52881467136408,14:41:21.467,50.7200,100
52930406683098,14:42:10.406,50.7400,4
52930406683098,14:42:10.406,50.7400,100
52938870134295,14:42:18.870,50.7600,100
52938878586576,14:42:18.878,50.7700,10
53015979674816,14:43:35.979,50.7400,4
53015979674816,14:43:35.979,50.7500,100
53015979674816,14:43:35.979,50.7500,1
53015979674816,14:43:35.979,50.7500,96
53032017205298,14:43:52.017,50.7600,100
53034657493125,14:43:54.657,50.7700,100
53034657946739,14:43:54.657,50.7700,100
53048588300951,14:44:08.588,50.7700,100
53048588347270,14:44:08.588,50.7400,1
53052136873735,14:44:12.136,50.7600,5
53054462269928,14:44:14.462,50.7600,100
53110937713119,14:45:10.937,50.7300,100
53110979167571,14:45:10.979,50.7300,100
53117548518033,14:45:17.548,50.7200,100
53119140854722,14:45:19.140,50.7300,5
53141381793784,14:45:41.381,50.7300,46
53142818946978,14:45:42.818,50.7300,1
53144526384266,14:45:44.526,50.7300,1
53158052186146,14:45:58.052,50.7400,1
53174141518680,14:46:14.141,50.7300,5
53174183093559,14:46:14.183,50.7400,39
53187828701762,14:46:27.828,50.7400,61
53187828701762,14:46:27.828,50.7500,39
53187828735149,14:46:27.828,50.7500,61
53187828735149,14:46:27.828,50.7500,4
53187828735149,14:46:27.828,50.7500,6
53187828735149,14:46:27.828,50.7500,2
53187828735149,14:46:27.828,50.7500,3
53187918163592,14:46:27.918,50.7700,2
53189276893719,14:46:29.276,50.7800,100
53235132676627,14:47:15.132,50.7600,5
53296163067546,14:48:16.163,50.7600,5
53304519683891,14:48:24.519,50.7200,2
53357154198202,14:49:17.154,50.7600,5
53405369693286,14:50:05.369,50.7900,1
53418139569893,14:50:18.139,50.7700,4
53471134650990,14:51:11.134,50.7500,10
53479216424874,14:51:19.216,50.7600,5
53537996430749,14:52:17.996,50.7900,100
53601134737583,14:53:21.134,50.8000,4
53662135295252,14:54:22.135,50.8300,5
53723138615193,14:55:23.138,50.8200,4
53740303163258,14:55:40.303,50.8150,100
53747364560561,14:55:47.364,50.7900,7
53747365155098,14:55:47.365,50.7900,1
53784184165029,14:56:24.184,50.7900,5
53794187836998,14:56:34.187,50.7900,2
53802298649601,14:56:42.298,50.8200,100
53802298649601,14:56:42.298,50.8200,100
53845136682613,14:57:25.136,50.8100,5
53888779724394,14:58:08.779,50.8400,37
53906141562819,14:58:26.141,50.8200,4
53906188486128,14:58:26.188,50.8300,34
53967136010853,14:59:27.136,50.8200,4
53999164704411,14:59:59.164,50.8150,100
54004341334667,15:00:04.341,50.8150,100
54010823574003,15:00:10.823,50.8150,100
54027152533309,15:00:27.152,50.8200,5
54027152533309,15:00:27.152,50.8200,91
54065563866321,15:01:05.563,50.8200,3
54065563866321,15:01:05.563,50.8200,100
54065563866321,15:01:05.563,50.8200,100
54065564626202,15:01:05.564,50.8200,100
54065837980737,15:01:05.837,50.8200,100
54089841993630,15:01:29.841,50.8300,22
54089842258227,15:01:29.842,50.8300,100
54128131243417,15:02:08.131,50.8200,63
54128131274784,15:02:08.131,50.8200,63
54128132492895,15:02:08.132,50.8200,137
54128133242378,15:02:08.133,50.8100,100
54128133242378,15:02:08.133,50.8100,100
54148312690822,15:02:28.312,50.8200,4
54191066985598,15:03:11.066,50.8100,100
54191067151768,15:03:11.067,50.8100,100
54198093036968,15:03:18.093,50.8050,100
54198965891655,15:03:18.965,50.8000,100
54198975801191,15:03:18.975,50.7900,100
54198975827955,15:03:18.975,50.7900,8
54198975827955,15:03:18.975,50.7900,100
54200802171112,15:03:20.802,50.7900,37
54200802202508,15:03:20.802,50.7900,21
54200803512809,15:03:20.803,50.7900,42
54205666280852,15:03:25.666,50.7900,100
54205666280852,15:03:25.666,50.7900,100
54205666303290,15:03:25.666,50.7900,100
54205666406124,15:03:25.666,50.7900,100
54205666769566,15:03:25.666,50.7900,51
54205667121537,15:03:25.667,50.7900,49
54210858300013,15:03:30.858,50.7900,100
54232132123268,15:03:52.132,50.7600,100
54268035990090,15:04:28.035,50.7500,4
54268036107376,15:04:28.036,50.7300,1
54268036107376,15:04:28.036,50.7300,99
54268037293997,15:04:28.037,50.7300,1
54274589517382,15:04:34.589,50.7300,27
54274589517382,15:04:34.589,50.7300,73
54274593302422,15:04:34.593,50.7300,100
54303089526354,15:05:03.089,50.7300,100
54303089526354,15:05:03.089,50.7300,4
54303089526354,15:05:03.089,50.7300,59
54303089526354,15:05:03.089,50.7300,37
54303089569502,15:05:03.089,50.7300,63
54310883865301,15:05:10.883,50.7250,2
54388554808217,15:06:28.554,50.7300,5
54391099248432,15:06:31.099,50.7300,100
54424321739342,15:07:04.321,50.7200,8
54426754709272,15:07:06.754,50.7000,34
54448019891763,15:07:28.019,50.7200,5
54513621800333,15:08:33.621,50.7100,100
54513621855771,15:08:33.621,50.7100,100
54548317267501,15:09:08.317,50.7000,557
54548317267501,15:09:08.317,50.7000,100
54548317267501,15:09:08.317,50.7000,8
54548317267501,15:09:08.317,50.7000,100
54548317267501,15:09:08.317,50.7000,1
54568022042257,15:09:28.022,50.6700,4
54600197458886,15:10:00.197,50.6700,5
54639032831119,15:10:39.032,50.6700,1
54639032831119,15:10:39.032,50.6800,5
54639032831119,15:10:39.032,50.6800,100
54639032831119,15:10:39.032,50.6800,100
54639033705748,15:10:39.033,50.6700,100
54684953806114,15:11:24.953,50.6600,2
54688046358307,15:11:28.046,50.6800,4
54748305661031,15:12:28.305,50.6800,5
54756942842756,15:12:36.942,50.6900,100
54756942842756,15:12:36.942,50.6900,200
54756942846517,15:12:36.942,50.6900,100
54756943234542,15:12:36.943,50.6900,100
54756944676320,15:12:36.944,50.7000,526
54756945383399,15:12:36.945,50.7000,100
54767880508893,15:12:47.880,50.7100,100
54774154013335,15:12:54.154,50.7100,100
54789513295404,15:13:09.513,50.6900,46
54806927422339,15:13:26.927,50.7000,100
54808036847672,15:13:28.036,50.6900,4
54828287922050,15:13:48.287,50.6900,100
54835330984629,15:13:55.330,50.7000,2
54861024719272,15:14:21.024,50.7100,100
54861024719272,15:14:21.024,50.7100,100
54861024884860,15:14:21.024,50.7100,100
54862734608363,15:14:22.734,50.7300,4
54862734608363,15:14:22.734,50.7300,96
54897040407941,15:14:57.040,50.7200,1
54897332689024,15:14:57.332,50.7300,66
54916286869764,15:15:16.286,50.7300,4
54928479559457,15:15:28.479,50.7300,5
54928479648404,15:15:28.479,50.7400,200
54928479685024,15:15:28.479,50.7400,100
55016310092394,15:16:56.310,50.7600,4
55016415193122,15:16:56.415,50.7700,100
55040745231517,15:17:20.745,50.7800,4
55040745231517,15:17:20.745,50.7800,5
55040745231517,15:17:20.745,50.7800,100
55040750259971,15:17:20.750,50.7900,91
55040750259971,15:17:20.750,50.8000,100
55040750640389,15:17:20.750,50.8000,100
55040750901830,15:17:20.750,50.8000,100
55040750901830,15:17:20.750,50.8000,100
55040750901830,15:17:20.750,50.8000,100
55040750901830,15:17:20.750,50.8000,100
55040751115575,15:17:20.751,50.8000,100
55040751773412,15:17:20.751,50.8000,100
55041213461733,15:17:21.213,50.8100,100
55041213461733,15:17:21.213,50.8100,100
55041213500634,15:17:21.213,50.8100,100
55041213505735,15:17:21.213,50.8100,100
55041214086872,15:17:21.214,50.8200,100
55044626852779,15:17:24.626,50.8100,46
55044626852779,15:17:24.626,50.8100,5
55044626852779,15:17:24.626,50.8100,100
55044626852779,15:17:24.626,50.8100,49
55044626933878,15:17:24.626,50.8100,51
55044626933878,15:17:24.626,50.8100,1
55044626933878,15:17:24.626,50.8100,48
55052015727586,15:17:32.015,50.8000,100
55086958280490,15:18:06.958,50.8200,100
55108024728609,15:18:28.024,50.8300,5
55108824852560,15:18:28.824,50.8400,1
55108825946415,15:18:28.825,50.8500,200
55108826139804,15:18:28.826,50.8500,100
55108958848678,15:18:28.958,50.8500,100
55117042800936,15:18:37.042,50.8600,2
55168333480187,15:19:28.333,50.8600,5
55169400737259,15:19:29.400,50.8700,100
55169401173590,15:19:29.401,50.8700,41
55169468644692,15:19:29.468,50.8800,73
55169468654399,15:19:29.468,50.8800,73
55169468679852,15:19:29.468,50.8800,54
55169468853495,15:19:29.468,50.8800,54
55169468853495,15:19:29.468,50.8800,46
55228019122207,15:20:28.019,50.9100,4
55231656708583,15:20:31.656,50.9300,1
55276176904732,15:21:16.176,50.9400,100
55276177544628,15:21:16.177,50.9400,100
55278252509406,15:21:18.252,50.9250,100
55294863078125,15:21:34.863,50.9000,1
55348010343452,15:22:28.010,50.9100,5
55348596406455,15:22:28.596,50.9200,5
55370382489849,15:22:50.382,50.9400,100
55370407132111,15:22:50.407,50.9400,4
55382254578429,15:23:02.254,50.9100,5
55382255711912,15:23:02.255,50.9100,5
55418864843780,15:23:38.864,50.9100,4
55455026000092,15:24:15.026,50.9100,100
55468027998751,15:24:28.027,50.9100,5
55490291537511,15:24:50.291,50.9100,1
55500612536260,15:25:00.612,50.9300,100
55500612536260,15:25:00.612,50.9300,100
55500612570103,15:25:00.612,50.9300,200
55500613351440,15:25:00.613,50.9300,100
55501343583703,15:25:01.343,50.9500,100
55501343639900,15:25:01.343,50.9500,100
55501343639900,15:25:01.343,50.9500,100
55553133535246,15:25:53.133,50.9400,2
55570358014821,15:26:10.358,50.9500,100
55570358486647,15:26:10.358,50.9500,100
55586866279279,15:26:26.866,50.9300,26
55623806483414,15:27:03.806,50.9100,67
55623806515508,15:27:03.806,50.9100,33
55623806515508,15:27:03.806,50.9100,7
55623806515508,15:27:03.806,50.9100,100
55623808173396,15:27:03.808,50.9000,5
55628741489455,15:27:08.741,50.9200,5
55645777042506,15:27:25.777,50.8900,100
55681198292304,15:28:01.198,50.9000,2
55708010966573,15:28:28.010,50.9100,5
55749391251753,15:29:09.391,50.8900,1
55749391251753,15:29:09.391,50.8900,75
55749391328618,15:29:09.391,50.8900,25
55749391328618,15:29:09.391,50.8900,100
55749391328618,15:29:09.391,50.8900,75
55749391354987,15:29:09.391,50.8900,25
55749392388026,15:29:09.392,50.8900,100
55761045558263,15:29:21.045,50.8600,2
55761045584099,15:29:21.045,50.8750,100
55761045584099,15:29:21.045,50.8600,98
55762791419028,15:29:22.791,50.8400,100
55762791419028,15:29:22.791,50.8400,100
55767405373751,15:29:27.405,50.8300,46
55769018165754,15:29:29.018,50.8300,5
55779272939441,15:29:39.272,50.8400,1
55828014515186,15:30:28.014,50.8200,5
55860509014413,15:31:00.509,50.8150,100
55872408699412,15:31:12.408,50.8200,37
55872408699412,15:31:12.408,50.8200,63
55872440437332,15:31:12.440,50.8300,200
55872440499322,15:31:12.440,50.8300,100
55872442874127,15:31:12.442,50.8300,200
55872506337860,15:31:12.506,50.8300,63
55872506379679,15:31:12.506,50.8300,37
55872520528729,15:31:12.520,50.8300,100
55905209292751,15:31:45.209,50.8250,100
55948568014866,15:32:28.568,50.8100,100
55962726310842,15:32:42.726,50.8100,5
55962726310842,15:32:42.726,50.8100,29
55978706937394,15:32:58.706,50.8100,8
55978706959495,15:32:58.706,50.8100,8
55978707070466,15:32:58.707,50.8100,92
55978708726957,15:32:58.708,50.8000,94
55978708757434,15:32:58.708,50.8000,6
55978708757434,15:32:58.708,50.8000,100
55978708757434,15:32:58.708,50.8000,1
55978708757434,15:32:58.708,50.8000,100
55978709135824,15:32:58.709,50.8000,94
55978709219123,15:32:58.709,50.8000,6
55978709219123,15:32:58.709,50.8000,88
55978709241633,15:32:58.709,50.8000,12
55978709241633,15:32:58.709,50.8000,200
55978709257753,15:32:58.709,50.8000,9
55978711771664,15:32:58.711,50.8000,100
55993101917397,15:33:13.101,50.7600,2
56008037722495,15:33:28.037,50.7600,5
56068032841632,15:34:28.032,50.7600,5
56074633345611,15:34:34.633,50.7500,2
56085777136973,15:34:45.777,50.7300,100
56085777769362,15:34:45.777,50.7200,200
56117002734118,15:35:17.002,50.7100,2
56129330406095,15:35:29.330,50.7300,4
56132252783501,15:35:32.252,50.7500,100
56132252783501,15:35:32.252,50.7500,100
56174842906575,15:36:14.842,50.7400,100
56188102844743,15:36:28.102,50.7400,5
56258048461973,15:37:38.048,50.7400,4
56309033743770,15:38:29.033,50.7300,5
56323483215116,15:38:43.483,50.7400,100
56323483215116,15:38:43.483,50.7400,100
56323485759366,15:38:43.485,50.7400,200
56323601880036,15:38:43.601,50.7500,100
56323729763166,15:38:43.729,50.7500,100
56360264663160,15:39:20.264,50.7700,1
56361497865249,15:39:21.497,50.7600,100
56361749449650,15:39:21.749,50.7600,100
56368016245168,15:39:28.016,50.7600,5
56406359935597,15:40:06.359,50.7500,100
56418571019586,15:40:18.571,50.7300,8
56428057060799,15:40:28.057,50.7400,4
56475491595641,15:41:15.491,50.7400,3
56480463347092,15:41:20.463,50.7400,5
56480465712581,15:41:20.465,50.7400,5
56480483472387,15:41:20.483,50.7300,5
56480483472387,15:41:20.483,50.7300,1
56480487742166,15:41:20.487,50.7200,5
56481480751665,15:41:21.480,50.7200,95
56481480751665,15:41:21.480,50.7200,100
56481480751665,15:41:21.480,50.7200,100
56481481158857,15:41:21.481,50.7300,100
56489737366714,15:41:29.737,50.7300,4
56489737366714,15:41:29.737,50.7300,11
56489737366714,15:41:29.737,50.7300,60
56489737445905,15:41:29.737,50.7300,100
56489738330497,15:41:29.738,50.7300,100
56498826069018,15:41:38.826,50.7200,34
56498826151923,15:41:38.826,50.7200,50
56498826717373,15:41:38.826,50.7200,16
56498826717373,15:41:38.826,50.7200,34
56498826879020,15:41:38.826,50.7200,66
56498826879020,15:41:38.826,50.7200,34
56498826965787,15:41:38.826,50.7200,16
56498952690433,15:41:38.952,50.7100,98
56498952690433,15:41:38.952,50.7100,2
56548038175737,15:42:28.038,50.7200,5
56579856923303,15:42:59.856,50.7300,100
56579856923303,15:42:59.856,50.7300,10
56579856923303,15:42:59.856,50.7300,200
56579857166882,15:42:59.857,50.7300,100
56579858984572,15:42:59.858,50.7400,100
56579858984572,15:42:59.858,50.7400,100
56588442821864,15:43:08.442,50.7200,3
56589199643871,15:43:09.199,50.7200,60
56589199643871,15:43:09.199,50.7200,1
56589200698879,15:43:09.200,50.7100,98
56589200698879,15:43:09.200,50.7100,2
56608222558086,15:43:28.222,50.7300,5
56650549622519,15:44:10.549,50.7100,2
56669032144644,15:44:29.032,50.7200,4
56719805720549,15:45:19.805,50.7200,2
56736015243535,15:45:36.015,50.7300,4
56736015243535,15:45:36.015,50.7300,2
56736015243535,15:45:36.015,50.7300,20
56736015243535,15:45:36.015,50.7300,74
56736015278190,15:45:36.015,50.7300,4
56737236950684,15:45:37.236,50.7400,100
56737237122813,15:45:37.237,50.7400,100
56737237122813,15:45:37.237,50.7400,4
56737237122813,15:45:37.237,50.7400,7
56737237122813,15:45:37.237,50.7400,38
56737238146530,15:45:37.238,50.7400,100
56755777518380,15:45:55.777,50.7500,152
56755777813346,15:45:55.777,50.7500,848
56755777813346,15:45:55.777,50.7500,3
56755777813346,15:45:55.777,50.7500,1
56755851803277,15:45:55.851,50.7600,100
56761566915551,15:46:01.566,50.7600,5
56761654319369,15:46:01.654,50.7650,100
56761669013010,15:46:01.669,50.7700,95
56764985870700,15:46:04.985,50.7750,100
56797452924311,15:46:37.452,50.7800,13
56806074751877,15:46:46.074,50.7900,100
56855083747201,15:47:35.083,50.7900,4
56855201944858,15:47:35.201,50.7800,100
56879920313828,15:47:59.920,50.7800,3
56886905443423,15:48:06.905,50.7800,66
56886905443423,15:48:06.905,50.7800,8
56886906015745,15:48:06.906,50.7700,10
56913012959149,15:48:33.012,50.7600,5
56913012959149,15:48:33.012,50.7600,95
56913014028504,15:48:33.014,50.7600,5
56913014028504,15:48:33.014,50.7600,5
56913014028504,15:48:33.014,50.7600,100
56913014028504,15:48:33.014,50.7600,90
56913014068165,15:48:33.014,50.7600,10
56923012255311,15:48:43.012,50.7300,5
56969051291679,15:49:29.051,50.7200,5
57007309371451,15:50:07.309,50.7100,4
57008703214124,15:50:08.703,50.7300,100
57008703214124,15:50:08.703,50.7300,95
57008703214124,15:50:08.703,50.7300,3
57008703214124,15:50:08.703,50.7300,1
57008703214124,15:50:08.703,50.7300,100
57008703214124,15:50:08.703,50.7300,99
57008703278321,15:50:08.703,50.7300,1
57016459454447,15:50:16.459,50.7200,100
57016459454447,15:50:16.459,50.7100,100
57018356123396,15:50:18.356,50.7100,100
57019417026948,15:50:19.417,50.7000,100
57019422621369,15:50:19.422,50.7000,100
57019422716241,15:50:19.422,50.7000,100
57019922764033,15:50:19.922,50.7000,100
57067073763411,15:51:07.073,50.7100,100
57093247562713,15:51:33.247,50.6800,5
57129451644776,15:52:09.451,50.6600,3
57145083235325,15:52:25.083,50.6600,97
57145083235325,15:52:25.083,50.6600,100
57145083235325,15:52:25.083,50.6600,3
57145083337431,15:52:25.083,50.6600,8
57145083337431,15:52:25.083,50.6600,3
57148294471685,15:52:28.294,50.6700,5
57148294471685,15:52:28.294,50.6700,2
57148294471685,15:52:28.294,50.6700,45
57172383404263,15:52:52.383,50.6500,100
57172383404263,15:52:52.383,50.6500,100
57172383404263,15:52:52.383,50.6500,100
57172383931799,15:52:52.383,50.6500,100
57173825306748,15:52:53.825,50.6400,100
57181337500633,15:53:01.337,50.6600,100
57181337500633,15:53:01.337,50.6600,2
57181337500633,15:53:01.337,50.6700,100
57181337500633,15:53:01.337,50.6700,100
57181337500633,15:53:01.337,50.6700,100
57181337500633,15:53:01.337,50.6700,100
57181337500633,15:53:01.337,50.6700,100
57181337500633,15:53:01.337,50.6700,100
57181337500633,15:53:01.337,50.6700,100
57181337863486,15:53:01.337,50.6600,100
57181338502181,15:53:01.338,50.6700,100
57181360135791,15:53:01.360,50.6800,200
57181360164575,15:53:01.360,50.6800,7
57181360164575,15:53:01.360,50.6800,100
57181360649321,15:53:01.360,50.6800,200
57188797297488,15:53:08.797,50.7000,4
57188797297488,15:53:08.797,50.7000,100
57264258919330,15:54:24.258,50.7300,1
57278707551431,15:54:38.707,50.7400,100
57278707551431,15:54:38.707,50.7400,100
57278707964804,15:54:38.707,50.7400,100
57278707964804,15:54:38.707,50.7400,1
57278709343101,15:54:38.709,50.7500,6
57278709343101,15:54:38.709,50.7500,74
57278897804142,15:54:38.897,50.7400,200
57289025840621,15:54:49.025,50.7200,3
57289029578264,15:54:49.029,50.7350,200
57289029578264,15:54:49.029,50.7200,97
57289029783509,15:54:49.029,50.7300,100
57289307726793,15:54:49.307,50.7300,200
57289347148854,15:54:49.347,50.7300,100
57290869969720,15:54:50.869,50.7200,100
57290870007096,15:54:50.870,50.7200,100
57300938359669,15:55:00.938,50.7400,100
57300938359669,15:55:00.938,50.7400,100
57300942431896,15:55:00.942,50.7400,51
57300943127575,15:55:00.943,50.7400,49
57305987365058,15:55:05.987,50.7500,100
57305987392467,15:55:05.987,50.7500,100
57305988830666,15:55:05.988,50.7500,100
57305988830666,15:55:05.988,50.7500,100
57310150385541,15:55:10.150,50.7900,100
57363341402247,15:56:03.341,50.7900,100
57363341402247,15:56:03.341,50.7900,1
57363341402247,15:56:03.341,50.7900,100
57363341402247,15:56:03.341,50.7900,100
57363341402247,15:56:03.341,50.7900,100
57363341837053,15:56:03.341,50.7900,100
57363343091137,15:56:03.343,50.8000,100
57363346180170,15:56:03.346,50.8200,100
57363346180170,15:56:03.346,50.8200,100
57391588038814,15:56:31.588,50.8550,100
57391628556042,15:56:31.628,50.8550,200
57391628556042,15:56:31.628,50.8400,9
57391628556042,15:56:31.628,50.8400,9
57391629074297,15:56:31.629,50.8400,91
57391629074297,15:56:31.629,50.8400,9
57391630009460,15:56:31.630,50.8400,50
57391630022868,15:56:31.630,50.8400,50
57421286739584,15:57:01.286,50.8400,100
57422701384980,15:57:02.701,50.8500,100
57437605577803,15:57:17.605,50.8500,4
57437605577803,15:57:17.605,50.8500,1
57437605585967,15:57:17.605,50.8500,5
57437605649591,15:57:17.605,50.8500,2
57437605908064,15:57:17.605,50.8500,93
57437606781366,15:57:17.606,50.8600,33
57437698244709,15:57:17.698,50.8600,22
57437698271604,15:57:17.698,50.8600,20
57437698308055,15:57:17.698,50.8600,25
57437758355791,15:57:17.758,50.9000,100
57479950471746,15:57:59.950,50.8800,16
57479950471746,15:57:59.950,50.8800,16
57479951604257,15:57:59.951,50.8900,35
57479996151206,15:57:59.996,50.8850,100
57482269628648,15:58:02.269,50.8850,3
57484892821767,15:58:04.892,50.8850,97
57484892821767,15:58:04.892,50.8700,16
57484892821767,15:58:04.892,50.8700,17
57484892941568,15:58:04.892,50.8700,83
57484892941568,15:58:04.892,50.8700,16
57484892941568,15:58:04.892,50.8700,100
57485327562391,15:58:05.327,50.8700,200
57485328437068,15:58:05.328,50.8600,10
57485328437068,15:58:05.328,50.8600,80
57485347620454,15:58:05.347,50.8600,100
57495904487906,15:58:15.904,50.8600,2
57495904586249,15:58:15.904,50.8600,14
57500305454046,15:58:20.305,50.8700,6
57500305485473,15:58:20.305,50.8700,94
57500305485473,15:58:20.305,50.8700,5
57500305485473,15:58:20.305,50.8700,6
57505998770882,15:58:25.998,50.8800,80
57515663238309,15:58:35.663,50.8850,20
57515663238309,15:58:35.663,50.8800,70
57521018110988,15:58:41.018,50.8850,100
57522706594766,15:58:42.706,50.8700,14
57540999811503,15:59:00.999,50.8850,100
57553218390213,15:59:13.218,50.9000,100
57561023383823,15:59:21.023,50.8850,10
57561475976052,15:59:21.475,50.8850,1
57576950279461,15:59:36.950,50.8850,6
57576950320291,15:59:36.950,50.8850,6
57576950330751,15:59:36.950,50.8850,6
57576950411663,15:59:36.950,50.9000,2
57576950411663,15:59:36.950,50.9000,4
57576950680566,15:59:36.950,50.8900,82
57576953233313,15:59:36.953,50.9200,76
57576953259242,15:59:36.953,50.9200,24
57578497466554,15:59:38.497,50.9500,100
57582706011321,15:59:42.706,50.9450,200
57587957178732,15:59:47.957,50.9250,10
57595155139273,15:59:55.155,50.9200,25
57596366929526,15:59:56.366,50.9000,100
57596366933027,15:59:56.366,50.9000,60
57599204433799,15:59:59.204,50.9300,4
57600316594606,16:00:00.316,50.6600,133
66874853280359,18:34:34.853,50.6700,30
