timestamp,time,price,volume
34200784387858,09:30:00.784,6.1400,240
35407023829493,09:50:07.023,6.1000,30
35407023829493,09:50:07.023,6.1000,200
36068668723354,10:01:08.668,5.9800,1000
36068669316443,10:01:08.669,5.9800,100
36300870641933,10:05:00.870,5.9900,100
36300871792871,10:05:00.871,5.9900,100
36349590875268,10:05:49.590,5.9800,100
36374753802741,10:06:14.753,5.9700,100
36374753802741,10:06:14.753,5.9700,100
36478219493172,10:07:58.219,5.9600,100
36482780497521,10:08:02.780,5.9600,100
36486146327545,10:08:06.146,5.9600,100
36494202350088,10:08:14.202,5.9600,100
36494202375465,10:08:14.202,5.9600,100
36525723052871,10:08:45.723,5.9000,200
36525723052871,10:08:45.723,5.9000,100
36525723052871,10:08:45.723,5.9000,100
36525723052871,10:08:45.723,5.9000,1000
36525723052871,10:08:45.723,5.9000,200
36525723052871,10:08:45.723,5.9000,700
36559425573959,10:09:19.425,5.9500,100
36559426481625,10:09:19.426,5.9500,100
36559427128618,10:09:19.427,5.9500,100
36730130241607,10:12:10.130,5.9300,200
36962194452937,10:16:02.194,5.9400,100
37035409969230,10:17:15.409,5.9400,100
37121198742597,10:18:41.198,5.9100,100
37125444252557,10:18:45.444,5.9000,8
37211881629672,10:20:11.881,5.8800,100
37211881771988,10:20:11.881,5.8800,100
37211882062026,10:20:11.882,5.8800,100
37262416367605,10:21:02.416,5.8800,100
37286328826675,10:21:26.328,5.8800,100
37286328826675,10:21:26.328,5.8800,300
37301727167128,10:21:41.727,5.8800,54
37350919265404,10:22:30.919,5.8800,46
37350919265404,10:22:30.919,5.8800,54
37416476173451,10:23:36.476,5.8800,46
37416476173451,10:23:36.476,5.8800,100
37416476200628,10:23:36.476,5.8800,146
37488796052887,10:24:48.796,5.8800,54
37619743619681,10:26:59.743,5.9000,100
37628504325958,10:27:08.504,5.8900,100
37655832446054,10:27:35.832,5.8900,100
37826005710391,10:30:26.005,5.9100,100
37852943585173,10:30:52.943,5.9200,100
37905050797568,10:31:45.050,5.9800,9
37906928985579,10:31:46.928,5.9800,9
37911544837950,10:31:51.544,5.9800,9
37913717039823,10:31:53.717,5.9800,73
37913717039823,10:31:53.717,5.9900,27
37924278257864,10:32:04.278,5.9900,1500
37992356338688,10:33:12.356,5.9900,200
37992356363893,10:33:12.356,5.9900,719
37992356469116,10:33:12.356,5.9900,2554
37992356469116,10:33:12.356,5.9900,100
37996979760242,10:33:16.979,5.9900,100
37996979760242,10:33:16.979,5.9900,300
37999794856602,10:33:19.794,5.9900,100
38002599310933,10:33:22.599,5.9800,400
38013801091763,10:33:33.801,5.9400,100
38013801111927,10:33:33.801,5.9400,300
38036488790053,10:33:56.488,5.9300,200
38036491782846,10:33:56.491,5.9100,200
38036491782846,10:33:56.491,5.8800,5
38036491782846,10:33:56.491,5.8800,995
38109591837526,10:35:09.591,5.9400,100
38292538603468,10:38:12.538,5.9200,302
38292546017593,10:38:12.546,5.9300,200
38292546017593,10:38:12.546,5.9300,360
38384349854815,10:39:44.349,5.9650,200
38384349854815,10:39:44.349,5.9500,200
38384353905291,10:39:44.353,5.9500,40
38384640814567,10:39:44.640,5.9100,100
38958575925834,10:49:18.575,6.0000,300
38958576026648,10:49:18.576,6.0000,300
38958635079663,10:49:18.635,6.0000,100
38969476190662,10:49:29.476,6.0500,100
38969476210239,10:49:29.476,6.0500,30
38969476224141,10:49:29.476,6.0500,70
38969476224141,10:49:29.476,6.0100,100
38969476224141,10:49:29.476,6.0100,100
38969476224141,10:49:29.476,6.0100,290
38969476254539,10:49:29.476,6.0100,100
38969476254539,10:49:29.476,6.0100,1110
38969477446020,10:49:29.477,5.9900,100
38969478581878,10:49:29.478,5.9900,400
38978451074020,10:49:38.451,6.0300,100
39063214078891,10:51:03.214,6.0200,100
39141097538262,10:52:21.097,5.9700,100
39162070705934,10:52:42.070,5.9500,100
39162308394484,10:52:42.308,5.9700,100
39162312888969,10:52:42.312,5.9800,100
39170879690058,10:52:50.879,5.9400,100
39172144252021,10:52:52.144,5.9400,100
39180462905508,10:53:00.462,5.9300,100
39185480015592,10:53:05.480,5.9400,100
39185480015592,10:53:05.480,5.9400,100
39185480358412,10:53:05.480,5.9600,75
39185480482756,10:53:05.480,5.9600,25
39186345427703,10:53:06.345,5.9300,100
39206554068312,10:53:26.554,5.9300,100
39209748871806,10:53:29.748,5.9300,200
39209748871806,10:53:29.748,5.9300,100
39211498010871,10:53:31.498,5.9300,100
39243153546894,10:54:03.153,5.9500,100
39264439508255,10:54:24.439,5.9300,100
39274050686522,10:54:34.050,5.9500,100
39321984256242,10:55:21.984,5.9550,100
39350764121472,10:55:50.764,5.9700,100
39510003275344,10:58:30.003,5.9700,100
39637844248924,11:00:37.844,5.9700,200
39637845163088,11:00:37.845,5.9700,300
39637845172126,11:00:37.845,5.9700,100
39694975253305,11:01:34.975,5.9700,100
40005171848921,11:06:45.171,5.9700,100
40005172019709,11:06:45.172,5.9700,100
40170400226820,11:09:30.400,5.9700,100
40236778551584,11:10:36.778,5.9700,100
40236778717533,11:10:36.778,5.9700,100
40387384428784,11:13:07.384,5.9500,100
40387384428784,11:13:07.384,5.9500,100
40387384428784,11:13:07.384,5.9500,200
40387390006603,11:13:07.390,5.9400,100
40411104817632,11:13:31.104,5.9200,200
40411106985519,11:13:31.106,5.9100,100
40416031277049,11:13:36.031,5.9100,100
40416032870238,11:13:36.032,5.9100,400
40416066284761,11:13:36.066,5.9100,1115
40422999659656,11:13:42.999,5.9200,100
40525260397982,11:15:25.260,5.9400,100
40748268097196,11:19:08.268,5.9400,100
40894115286562,11:21:34.115,5.9400,400
40894115286562,11:21:34.115,5.9400,200
40922624831758,11:22:02.624,5.9100,100
40922624831758,11:22:02.624,5.9100,64
40922624831758,11:22:02.624,5.9100,100
40922624909002,11:22:02.624,5.9100,100
40922626325393,11:22:02.626,5.9100,100
40922626325393,11:22:02.626,5.9100,300
41016825834425,11:23:36.825,5.9100,14
41160919358115,11:26:00.919,5.9100,100
41990111285509,11:39:50.111,5.9500,200
41990111617955,11:39:50.111,5.9500,200
41990111617955,11:39:50.111,5.9500,200
42000155408696,11:40:00.155,5.9500,200
42001756563891,11:40:01.756,5.9500,200
42001796872178,11:40:01.796,5.9500,100
42564640198569,11:49:24.640,5.9500,100
42616360688949,11:50:16.360,5.9500,8
42616360688949,11:50:16.360,5.9500,200
42616360688949,11:50:16.360,5.9500,944
42616361427687,11:50:16.361,5.9500,200
42616361427687,11:50:16.361,5.9500,100
43015513550605,11:56:55.513,5.9450,100
43045559313995,11:57:25.559,5.9400,100
43045559313995,11:57:25.559,5.9400,100
43045559313995,11:57:25.559,5.9400,288
43045559373301,11:57:25.559,5.9400,312
44502530267240,12:21:42.530,5.9200,900
44734174536813,12:25:34.174,5.9000,100
44734263649816,12:25:34.263,5.9000,100
44992435151693,12:29:52.435,5.9000,200
44992446783497,12:29:52.446,5.8900,100
44993502451103,12:29:53.502,5.8900,400
44996491980495,12:29:56.491,5.8500,40
45323260605714,12:35:23.260,5.8900,100
45359768727747,12:35:59.768,5.9000,100
45499152872835,12:38:19.152,5.9000,100
45626510073239,12:40:26.510,5.9000,100
45626510073239,12:40:26.510,5.9000,100
45626510073239,12:40:26.510,5.9000,100
45626510578523,12:40:26.510,5.9000,100
45626510578523,12:40:26.510,5.9000,100
45626510578523,12:40:26.510,5.9000,65
45626510715694,12:40:26.510,5.9000,100
45626510715694,12:40:26.510,5.9000,100
45698096052650,12:41:38.096,5.9000,100
45698096052650,12:41:38.096,5.9000,2700
45698116593399,12:41:38.116,5.9000,100
45698116593399,12:41:38.116,5.9000,1700
45880704097196,12:44:40.704,5.9000,100
45922741202873,12:45:22.741,5.9000,100
45922741202873,12:45:22.741,5.9000,200
45963832205110,12:46:03.832,5.9000,100
45963832205110,12:46:03.832,5.9000,100
45963832205110,12:46:03.832,5.9000,200
46001836377382,12:46:41.836,5.9000,35
46821379187015,13:00:21.379,5.8900,100
46821379187015,13:00:21.379,5.8900,100
46821379187015,13:00:21.379,5.8900,100
46821379187015,13:00:21.379,5.8900,100
48591847744661,13:29:51.847,5.9500,100
48621916386896,13:30:21.916,5.9500,200
48621916386896,13:30:21.916,5.9500,400
48630658183143,13:30:30.658,5.9100,100
50272285318882,13:57:52.285,5.9800,9
50710365128496,14:05:10.365,6.0200,100
50710365128496,14:05:10.365,6.0200,100
50724820070246,14:05:24.820,6.0600,100
51406451369395,14:16:46.451,6.0400,100
51406451369395,14:16:46.451,6.0400,100
51406451369395,14:16:46.451,6.0400,100
51406451369395,14:16:46.451,6.0400,100
51406451413661,14:16:46.451,6.0400,46
51406451915420,14:16:46.451,6.0400,100
51406451915420,14:16:46.451,6.0400,100
51406453234271,14:16:46.453,6.0400,100
51406453886148,14:16:46.453,6.0400,100
52025459394598,14:27:05.459,6.0700,8
52805229937015,14:40:05.229,6.0900,200
52805229937015,14:40:05.229,6.0900,200
53937332672111,14:58:57.332,6.0700,100
54441360783644,15:07:21.360,6.0800,100
54441360783644,15:07:21.360,6.0800,94
54441360811096,15:07:21.360,6.0800,6
54441360811096,15:07:21.360,6.0800,200
54441360811096,15:07:21.360,6.0800,139
56062357757287,15:34:22.357,6.0600,100
56062357757287,15:34:22.357,6.0600,50
56062357757287,15:34:22.357,6.0600,100
56062518594899,15:34:22.518,6.0300,100
56147175024095,15:35:47.175,6.0300,13
56147175024095,15:35:47.175,6.0200,121
56147181016235,15:35:47.181,6.0200,100
56166579744633,15:36:06.579,6.0200,100
56166579744633,15:36:06.579,6.0100,100
56166579744633,15:36:06.579,6.0100,100
56166579744633,15:36:06.579,6.0100,100
56166579744633,15:36:06.579,6.0100,600
56166582040558,15:36:06.582,6.0100,100
56166584029541,15:36:06.584,6.0100,100
56166604338593,15:36:06.604,6.0200,50
56166604338593,15:36:06.604,6.0000,2000
56467281096459,15:41:07.281,6.0000,100
56467281096459,15:41:07.281,6.0000,100
56479119362679,15:41:19.119,5.9800,100
56479143300895,15:41:19.143,5.9800,57
56479143300895,15:41:19.143,5.9700,43
56746120654011,15:45:46.120,5.9700,100
56913502892542,15:48:33.502,5.9700,100
57073026765935,15:51:13.026,6.0000,100
57084277029184,15:51:24.277,5.9800,100
57084277070803,15:51:24.277,5.9800,300
57571795041042,15:59:31.795,6.0200,60
57571795041042,15:59:31.795,6.0200,200
57571795041042,15:59:31.795,6.0200,100
57577163129850,15:59:37.163,6.0000,300
57577163129850,15:59:37.163,6.0000,100
57577163129850,15:59:37.163,6.0000,200
57585046203934,15:59:45.046,6.0000,1
57591755924136,15:59:51.755,5.9800,80
57594092627562,15:59:54.092,6.0000,100
57600771954706,16:00:00.771,6.0000,1984
58599064688011,16:16:39.064,6.2400,4
