timestamp,time,price,volume
33695583514979,09:21:35.583,17.9900,100
33737961498801,09:22:17.961,17.9800,110
33737961498801,09:22:17.961,18.0000,1
33737962288793,09:22:17.962,18.1000,89
33741278035980,09:22:21.278,18.1000,100
33741433392420,09:22:21.433,18.0900,100
33741435423041,09:22:21.435,18.1000,100
34200010675152,09:30:00.010,18.0500,100
34200773396295,09:30:00.773,0.0000,0
34213480206300,09:30:13.480,18.3300,7
34255007412140,09:30:55.007,18.2000,100
34255716905881,09:30:55.716,18.2000,7
34261824529260,09:31:01.824,18.1400,100
34261824554379,09:31:01.824,18.1400,100
34261824687783,09:31:01.824,18.1400,100
34261825517067,09:31:01.825,18.1400,100
34261827906620,09:31:01.827,18.1400,100
34261828464148,09:31:01.828,18.1600,30
34261828489010,09:31:01.828,18.1700,100
34261828729204,09:31:01.828,18.1600,59
34261834262992,09:31:01.834,18.1800,100
34284474050178,09:31:24.474,18.1200,10
34284474050178,09:31:24.474,18.1100,1
34284591077920,09:31:24.591,18.1100,100
34284592507016,09:31:24.592,18.1100,10
34436142489917,09:33:56.142,18.1000,179
34436142515730,09:33:56.142,18.1000,110
34547186735509,09:35:47.186,18.1200,14
34607816448913,09:36:47.816,18.0200,100
34607956028116,09:36:47.956,17.9900,200
34894883631159,09:41:34.883,18.1300,150
34894883690455,09:41:34.883,18.0600,100
34913098706222,09:41:53.098,18.1100,100
34913098706222,09:41:53.098,18.1200,100
34913150764327,09:41:53.150,18.0800,100
34920367119896,09:42:00.367,18.0700,100
34920367770105,09:42:00.367,18.0700,100
34920367770105,09:42:00.367,18.0700,28
34920369261164,09:42:00.369,18.0700,100
34934694043009,09:42:14.694,18.0800,100
34934712696044,09:42:14.712,18.0900,38
34976274081104,09:42:56.274,18.0800,100
35063427880228,09:44:23.427,18.0700,45
35063427893359,09:44:23.427,18.0700,55
35082674621354,09:44:42.674,18.0500,100
35082674737494,09:44:42.674,18.0500,100
35082675028610,09:44:42.675,18.0500,100
35082675954510,09:44:42.675,18.0500,100
35158574594536,09:45:58.574,18.0700,200
35178715991806,09:46:18.715,18.1100,100
35178715991806,09:46:18.715,18.1100,5
35223227742802,09:47:03.227,18.1800,200
35223364200888,09:47:03.364,18.2000,100
35230735346942,09:47:10.735,18.2000,200
35230735346942,09:47:10.735,18.2000,100
35230735346942,09:47:10.735,18.2000,500
35242458592138,09:47:22.458,18.2100,100
35242458592138,09:47:22.458,18.2000,100
35242458622872,09:47:22.458,18.2000,100
35242458678946,09:47:22.458,18.2000,100
35374945672916,09:49:34.945,18.0900,100
35582396214875,09:53:02.396,18.0000,5
36113416221294,10:01:53.416,18.0100,3
36184757595412,10:03:04.757,18.0100,10
36184757611338,10:03:04.757,18.0000,10
36441365892709,10:07:21.365,17.8900,100
36477485441644,10:07:57.485,17.9300,5
36564185563610,10:09:24.185,17.9600,49
36566215334610,10:09:26.215,17.9600,51
36566215334610,10:09:26.215,17.9600,2
36589713571378,10:09:49.713,17.9700,100
36727832061869,10:12:07.832,18.0200,100
36807553640204,10:13:27.553,18.0400,100
36807553640204,10:13:27.553,18.0400,100
36807553740749,10:13:27.553,18.0400,100
36810206739626,10:13:30.206,18.0400,100
36835901837199,10:13:55.901,18.0500,100
37331964309396,10:22:11.964,18.0300,100
37810090364695,10:30:10.090,18.0900,5
37810090451103,10:30:10.090,18.1000,100
37810090522374,10:30:10.090,18.1000,100
37810090547134,10:30:10.090,18.1000,100
37810090589875,10:30:10.090,18.1000,100
37810090609416,10:30:10.090,18.1000,100
37810090642231,10:30:10.090,18.1000,53
37810090913256,10:30:10.090,18.1000,341
37810090947810,10:30:10.090,18.1000,54
37810091042867,10:30:10.091,18.1000,52
37810091042867,10:30:10.091,18.1000,100
38380525777407,10:39:40.525,18.1300,25
38442380529662,10:40:42.380,18.1200,100
38445036226856,10:40:45.036,18.1400,100
38445803890265,10:40:45.803,18.1200,6
38632536652172,10:43:52.536,18.1500,93
38632537083193,10:43:52.537,18.1500,7
38632541640602,10:43:52.541,18.1500,100
38633411532010,10:43:53.411,18.1600,100
38718438434376,10:45:18.438,18.1900,120
38718438434376,10:45:18.438,18.1900,80
38827407230475,10:47:07.407,18.1700,100
39098161584034,10:51:38.161,18.1500,5
39098161648063,10:51:38.161,18.1600,100
39098164915796,10:51:38.164,18.1700,200
39378053385054,10:56:18.053,18.2100,200
39635256213487,11:00:35.256,18.2200,100
39635256213487,11:00:35.256,18.2200,100
39635270155972,11:00:35.270,18.2400,95
39636189286559,11:00:36.189,18.2800,13
39663510366865,11:01:03.510,18.2900,100
39663537986240,11:01:03.537,18.3000,29
39664352315096,11:01:04.352,18.3000,71
39672532844669,11:01:12.532,18.2900,100
39759654697441,11:02:39.654,18.2700,200
39759705387820,11:02:39.705,18.2700,100
40034114293183,11:07:14.114,18.2200,100
40048683314446,11:07:28.683,18.2300,22
40049451585642,11:07:29.451,18.2400,100
40049451585642,11:07:29.451,18.2400,3
40053057915581,11:07:33.057,18.2600,3
40105540892136,11:08:25.540,18.2600,100
40109925521065,11:08:29.925,18.2600,100
40114098988443,11:08:34.098,18.2600,100
40116240169896,11:08:36.240,18.2600,100
40165745298168,11:09:25.745,18.3100,27
40277110518059,11:11:17.110,18.3300,167
40291348892342,11:11:31.348,18.3600,100
40337363322258,11:12:17.363,18.3300,100
40694171718811,11:18:14.171,18.3100,5
40694171718811,11:18:14.171,18.3100,100
40694172100381,11:18:14.172,18.3100,29
40694172100381,11:18:14.172,18.3100,29
40694172303726,11:18:14.172,18.3100,100
41017665417775,11:23:37.665,18.3100,100
41017665417775,11:23:37.665,18.3100,20
41109198565972,11:25:09.198,18.3300,5
41176045745685,11:26:16.045,18.3200,100
41377545759711,11:29:37.545,18.3100,100
41377546495319,11:29:37.546,18.3100,23
41501582323568,11:31:41.582,18.3300,6
41501582323568,11:31:41.582,18.3300,10
41501582323568,11:31:41.582,18.3300,100
41564207867202,11:32:44.207,18.3400,5
41564207867202,11:32:44.207,18.3400,5
41742853469252,11:35:42.853,18.3000,100
41742853469252,11:35:42.853,18.3000,100
41742856511074,11:35:42.856,18.2800,100
41824978146231,11:37:04.978,18.2600,100
42280155620023,11:44:40.155,18.2900,200
42589295486214,11:49:49.295,18.3000,7
43052814340528,11:57:32.814,18.2800,6
43089818264657,11:58:09.818,18.2700,18
43443005512631,12:04:03.005,18.2900,3
43658371388315,12:07:38.371,18.3400,30
43658371388947,12:07:38.371,18.3400,30
43658372546310,12:07:38.372,18.3500,5
43665376055156,12:07:45.376,18.3600,6
43672436416461,12:07:52.436,18.3500,50
43672436416461,12:07:52.436,18.3500,50
43672436504597,12:07:52.436,18.3500,12
43719047319269,12:08:39.047,18.3500,100
43719049970316,12:08:39.049,18.3400,6
43719049970316,12:08:39.049,18.3400,100
43817488686812,12:10:17.488,18.3200,100
43817488688447,12:10:17.488,18.3200,100
44060939415211,12:14:20.939,18.2900,100
44074513212029,12:14:34.513,18.2900,148
44074513703334,12:14:34.513,18.2900,217
44074514193460,12:14:34.514,18.2900,154
44219171481617,12:16:59.171,18.2900,100
44221061248302,12:17:01.061,18.2900,100
44222841384289,12:17:02.841,18.2900,100
44253746550959,12:17:33.746,18.2900,100
44254892058763,12:17:34.892,18.2900,81
44254996280477,12:17:34.996,18.2900,100
44256431509824,12:17:36.431,18.2900,100
44256547386210,12:17:36.547,18.3000,100
44281576057220,12:18:01.576,18.2900,94
44299188337683,12:18:19.188,18.2900,100
44317421494138,12:18:37.421,18.2900,6
44317480162754,12:18:37.480,18.2900,94
44457321134143,12:20:57.321,18.2800,100
44587687898606,12:23:07.687,18.2700,488
44968105361764,12:29:28.105,18.2700,333
44968106613370,12:29:28.106,18.2700,179
45132838831259,12:32:12.838,18.2600,6
45219251220782,12:33:39.251,18.2600,3
45384452762420,12:36:24.452,18.2800,100
45384452762420,12:36:24.452,18.2800,2
45561336561549,12:39:21.336,18.2600,100
45561336561549,12:39:21.336,18.2700,100
45561336561549,12:39:21.336,18.2700,15
45719406815815,12:41:59.406,18.2900,100
45721098340005,12:42:01.098,18.3100,4
45721098340005,12:42:01.098,18.3100,6
46022957752189,12:47:02.957,18.3300,5
46022957752189,12:47:02.957,18.3300,71
46022957767397,12:47:02.957,18.3300,29
46022957767397,12:47:02.957,18.3300,15
46199046414074,12:49:59.046,18.3200,100
46389528169558,12:53:09.528,18.3000,5
46389528169558,12:53:09.528,18.3100,95
46389534449717,12:53:09.534,18.3100,5
46389534871617,12:53:09.534,18.3200,100
46401750308362,12:53:21.750,18.3300,100
46498981584017,12:54:58.981,18.3200,7
46540030424747,12:55:40.030,18.3200,63
46596943867815,12:56:36.943,18.3400,20
46596943867815,12:56:36.943,18.3400,80
46614732834432,12:56:54.732,18.3400,20
46711732182291,12:58:31.732,18.3750,100
46748180161426,12:59:08.180,18.3800,100
46791693491025,12:59:51.693,18.3800,100
47066751888417,13:04:26.751,18.3800,92
47066751888417,13:04:26.751,18.3800,55
47066751888417,13:04:26.751,18.3800,45
47066751888417,13:04:26.751,18.3800,100
47066751894877,13:04:26.751,18.3800,100
47506802270091,13:11:46.802,18.3800,3
47506802270091,13:11:46.802,18.3800,100
47629276124700,13:13:49.276,18.3700,100
47948598490202,13:19:08.598,18.3500,2
48003824878736,13:20:03.824,18.3550,7
48003824878736,13:20:03.824,18.3550,10
48003824878736,13:20:03.824,18.3550,10
48003824878736,13:20:03.824,18.3550,10
48003824878736,13:20:03.824,18.3550,20
48003824878736,13:20:03.824,18.3550,19
48007080800138,13:20:07.080,18.3500,100
48046009566759,13:20:46.009,18.3500,100
48105715554341,13:21:45.715,18.3550,100
48105715554341,13:21:45.715,18.3600,100
48112149899853,13:21:52.149,18.3550,100
48112149899853,13:21:52.149,18.3600,24
48112149899853,13:21:52.149,18.3600,100
48112150360970,13:21:52.150,18.3600,100
48112150460012,13:21:52.150,18.3600,25
48125790331891,13:22:05.790,18.3600,2
48125790331891,13:22:05.790,18.3600,98
48125790690563,13:22:05.790,18.3600,1
48125790719601,13:22:05.790,18.3600,1
48125798516256,13:22:05.798,18.3500,100
48125798516256,13:22:05.798,18.3500,100
48125798516256,13:22:05.798,18.3500,68
48125798704705,13:22:05.798,18.3500,100
48125798733256,13:22:05.798,18.3500,100
48125802803528,13:22:05.802,18.3500,100
48125802803528,13:22:05.802,18.3500,132
48126963808317,13:22:06.963,18.3500,41
48134728526241,13:22:14.728,18.3500,4
48134728526241,13:22:14.728,18.3500,5
48134728526241,13:22:14.728,18.3500,4
48134728526241,13:22:14.728,18.3500,5
48134728526241,13:22:14.728,18.3500,9
48192175404333,13:23:12.175,18.3400,4
48337343413970,13:25:37.343,18.3300,100
48464961272210,13:27:44.961,18.3300,3
48464961272210,13:27:44.961,18.3300,2
48464961272210,13:27:44.961,18.3300,3
48464961272210,13:27:44.961,18.3300,4
48464961272210,13:27:44.961,18.3300,5
48464961272210,13:27:44.961,18.3300,6
48464961272210,13:27:44.961,18.3300,9
48464961272210,13:27:44.961,18.3300,11
48464961272210,13:27:44.961,18.3300,15
48464961272210,13:27:44.961,18.3300,20
48541793444599,13:29:01.793,18.3400,100
48541794096395,13:29:01.794,18.3400,10
48541794575326,13:29:01.794,18.3500,100
48547080850493,13:29:07.080,18.3500,12
48547080850493,13:29:07.080,18.3500,49
48547080850493,13:29:07.080,18.3500,39
48748323074184,13:32:28.323,18.3300,6
48748329655494,13:32:28.329,18.3500,25
48748335192706,13:32:28.335,18.3500,100
48835221644298,13:33:55.221,18.3300,5
48840030901665,13:34:00.030,18.3400,4
48840030901665,13:34:00.030,18.3400,38
48840030901665,13:34:00.030,18.3400,58
48977300855524,13:36:17.300,18.3400,8
48977300922594,13:36:17.300,18.3400,9
48977300922594,13:36:17.300,18.3400,100
49001098430311,13:36:41.098,18.3300,25
49005125198119,13:36:45.125,18.3200,100
49005154857340,13:36:45.154,18.3100,100
49119981768487,13:38:39.981,18.3000,100
49159469886260,13:39:19.469,18.2800,11
49161596759381,13:39:21.596,18.2900,100
49161597613299,13:39:21.597,18.2900,100
49276089304434,13:41:16.089,18.2900,6
49276089304434,13:41:16.089,18.2900,52
49380669917997,13:43:00.669,18.2850,100
49380681108683,13:43:00.681,18.2800,99
49382217267080,13:43:02.217,18.2900,66
49382369259617,13:43:02.369,18.2900,100
49812432766871,13:50:12.432,18.2700,183
49875615961306,13:51:15.615,18.2800,100
50005032829977,13:53:25.032,18.2900,3
50005032829977,13:53:25.032,18.2900,100
50005033410300,13:53:25.033,18.2900,100
50259590498567,13:57:39.590,18.3100,100
50259591169613,13:57:39.591,18.3100,41
50281637877218,13:58:01.637,18.3200,10
50300617061025,13:58:20.617,18.3300,1
50300617061025,13:58:20.617,18.3300,19
50300682331414,13:58:20.682,18.3450,60
50343480916491,13:59:03.480,18.3450,40
50343480916491,13:59:03.480,18.3450,41
50343480926541,13:59:03.480,18.3450,19
50343480926541,13:59:03.480,18.3400,10
50343480926541,13:59:03.480,18.3400,19
50343481360096,13:59:03.481,18.3400,81
50343481360096,13:59:03.481,18.3400,200
50343481953032,13:59:03.481,18.3400,100
50350978980884,13:59:10.978,18.3400,100
50350978980884,13:59:10.978,18.3400,111
50350978980884,13:59:10.978,18.3400,200
50402701561288,14:00:02.701,18.3400,13
50410090645638,14:00:10.090,18.3500,100
50410090657573,14:00:10.090,18.3500,100
50424860335912,14:00:24.860,18.3500,20
50463089493001,14:01:03.089,18.3600,100
50466715891115,14:01:06.715,18.3500,100
50496132371006,14:01:36.132,18.3600,200
50543625152066,14:02:23.625,18.3400,100
50543626302256,14:02:23.626,18.3400,29
50543628349716,14:02:23.628,18.3200,41
50544462979277,14:02:24.462,18.3400,71
50576450427593,14:02:56.450,18.3400,29
50625021070078,14:03:45.021,18.3500,100
50625021099416,14:03:45.021,18.3500,4
50683020332503,14:04:43.020,18.4100,100
50683021186625,14:04:43.021,18.4100,10
50706749521810,14:05:06.749,18.4200,5
50706749521810,14:05:06.749,18.4200,20
50819462175101,14:06:59.462,18.4400,5
50823840794820,14:07:03.840,18.4500,100
50823840844904,14:07:03.840,18.4500,100
50823840844904,14:07:03.840,18.4500,20
50827907148317,14:07:07.907,18.4500,100
50827915094501,14:07:07.915,18.4400,158
50827915094990,14:07:07.915,18.4400,40
50827915103601,14:07:07.915,18.4400,60
50827981904461,14:07:07.981,18.4400,100
51251387677870,14:14:11.387,18.4500,100
51301092015613,14:15:01.092,18.4400,100
51363248677586,14:16:03.248,18.4900,34
51363248715953,14:16:03.248,18.4900,66
51363249085024,14:16:03.249,18.4900,10
51385353529931,14:16:25.353,18.4900,29
51493346498078,14:18:13.346,18.4900,100
51660647075818,14:21:00.647,18.5100,100
51660647075818,14:21:00.647,18.5100,3
51744473813226,14:22:24.473,18.5400,100
51747932778139,14:22:27.932,18.5500,100
51904325645300,14:25:04.325,18.5500,100
52209878484657,14:30:09.878,18.4800,6
52353195577978,14:32:33.195,18.5000,3
52388154016765,14:33:08.154,18.5000,197
52388154016765,14:33:08.154,18.5000,3
52390104773153,14:33:10.104,18.5000,19
52390104773153,14:33:10.104,18.5000,181
52390105456214,14:33:10.105,18.5000,19
52390184933143,14:33:10.184,18.5000,100
52390184933143,14:33:10.184,18.5000,83
52566772921614,14:36:06.772,18.5000,100
52646228377220,14:37:26.228,18.5100,100
52646229254342,14:37:26.229,18.5200,100
52678648344589,14:37:58.648,18.5400,100
52701499417084,14:38:21.499,18.5500,100
52900269329968,14:41:40.269,18.5400,70
52900269329968,14:41:40.269,18.5500,100
52900269329968,14:41:40.269,18.5500,100
52907662700006,14:41:47.662,18.5500,100
53036771748858,14:43:56.771,18.5600,100
53036771778438,14:43:56.771,18.5600,85
53036771815609,14:43:56.771,18.5600,15
53190954448739,14:46:30.954,18.5700,100
53190955007617,14:46:30.955,18.5700,20
53212603162987,14:46:52.603,18.5800,10
53222917553539,14:47:02.917,18.6000,20
53222917553539,14:47:02.917,18.6000,78
53222917553539,14:47:02.917,18.6000,2
53222917553539,14:47:02.917,18.6000,100
53254136774896,14:47:34.136,18.5900,74
53254136774896,14:47:34.136,18.5900,26
53254136774896,14:47:34.136,18.5900,100
53428954146542,14:50:28.954,18.5600,100
53485312828980,14:51:25.312,18.5500,36
53513499581901,14:51:53.499,18.5700,100
53513499581901,14:51:53.499,18.5700,100
53527016692112,14:52:07.016,18.5900,87
53527016692112,14:52:07.016,18.5900,100
53555906013906,14:52:35.906,18.6100,100
53555906013906,14:52:35.906,18.6100,100
53560025788836,14:52:40.025,18.6100,100
53596846899136,14:53:16.846,18.6200,100
53736705875764,14:55:36.705,18.6200,100
53746590128847,14:55:46.590,18.6200,100
53746660050226,14:55:46.660,18.6200,100
53746660050226,14:55:46.660,18.6200,100
53746660050226,14:55:46.660,18.6200,62
53802309747991,14:56:42.309,18.6300,10
53802309747991,14:56:42.309,18.6300,100
53802309747991,14:56:42.309,18.6300,10
53802323677819,14:56:42.323,18.6400,3
53829575481269,14:57:09.575,18.6300,100
53829575812311,14:57:09.575,18.6300,31
53829575828101,14:57:09.575,18.6300,31
53829579902500,14:57:09.579,18.6300,38
53829588434242,14:57:09.588,18.6300,31
53871304475290,14:57:51.304,18.6400,99
53949895775349,14:59:09.895,18.6400,11
53949895775349,14:59:09.895,18.6400,89
53949895775349,14:59:09.895,18.6400,100
54121558282791,15:02:01.558,18.6200,200
54121559900103,15:02:01.559,18.6200,100
54215019253849,15:03:35.019,18.5900,100
54323944801335,15:05:23.944,18.5300,10
54335072295855,15:05:35.072,18.5300,4
54418216334887,15:06:58.216,18.5300,100
54418216334887,15:06:58.216,18.5300,100
54418216334887,15:06:58.216,18.5300,8
54418216334887,15:06:58.216,18.5300,100
54418527868613,15:06:58.527,18.5400,29
54516241999368,15:08:36.241,18.5400,100
54532908601149,15:08:52.908,18.5200,100
54608233829590,15:10:08.233,18.5100,14
54609559029213,15:10:09.559,18.5100,84
54609559311211,15:10:09.559,18.5100,2
54609559311211,15:10:09.559,18.5100,100
54952675192969,15:15:52.675,18.5100,100
54998507567196,15:16:38.507,18.5300,100
55102230577764,15:18:22.230,18.5100,10
55258169141426,15:20:58.169,18.5200,100
55270143977037,15:21:10.143,18.5300,100
55317143710751,15:21:57.143,18.5100,100
55317143937665,15:21:57.143,18.5100,100
55591477405919,15:26:31.477,18.4900,100
55645376128237,15:27:25.376,18.4900,39
55645376128237,15:27:25.376,18.4900,61
55645376128237,15:27:25.376,18.4900,100
55676963265607,15:27:56.963,18.5000,3
55676963265607,15:27:56.963,18.5000,1
55862367506915,15:31:02.367,18.4900,100
55865116745741,15:31:05.116,18.4900,100
55874371342055,15:31:14.371,18.4900,31
55884192551093,15:31:24.192,18.4900,55
55884192551093,15:31:24.192,18.4900,45
55887638281781,15:31:27.638,18.4900,10
55887638281781,15:31:27.638,18.4900,100
55950080357826,15:32:30.080,18.4800,100
56015273662033,15:33:35.273,18.4800,100
56047533569939,15:34:07.533,18.4850,78
56133346221718,15:35:33.346,18.4900,100
56133346817020,15:35:33.346,18.4900,100
56147907049129,15:35:47.907,18.5000,100
56166551229148,15:36:06.551,18.4950,100
56305275077176,15:38:25.275,18.5000,200
56305275077176,15:38:25.275,18.5000,100
56305275077176,15:38:25.275,18.5000,100
56305296886825,15:38:25.296,18.5150,73
56305296886825,15:38:25.296,18.5150,27
56341360860975,15:39:01.360,18.5200,24
56341360967978,15:39:01.360,18.5200,76
56341360967978,15:39:01.360,18.5200,100
56361479402861,15:39:21.479,18.5450,18
56361479402861,15:39:21.479,18.5450,4
56361480035501,15:39:21.480,18.5450,1
56381617999988,15:39:41.617,18.5450,100
56401028094817,15:40:01.028,18.5400,22
56401028094817,15:40:01.028,18.5400,24
56401028100789,15:40:01.028,18.5400,76
56405047484123,15:40:05.047,18.5300,100
56490945201778,15:41:30.945,18.5150,100
56511252494813,15:41:51.252,18.5100,200
56511252494813,15:41:51.252,18.5100,100
56511252494813,15:41:51.252,18.5100,3
56511252494813,15:41:51.252,18.5100,4
56511252494813,15:41:51.252,18.5100,6
56511252494813,15:41:51.252,18.5100,9
56511252494813,15:41:51.252,18.5100,9
56511252494813,15:41:51.252,18.5100,21
56511252494813,15:41:51.252,18.5100,48
56612376849003,15:43:32.376,18.5150,100
56626953085677,15:43:46.953,18.5200,100
56626953085677,15:43:46.953,18.5200,100
56626953516939,15:43:46.953,18.5200,100
56626953770841,15:43:46.953,18.5200,100
56627291853042,15:43:47.291,18.5250,100
56669914470402,15:44:29.914,18.5200,100
56669915252831,15:44:29.915,18.5200,100
56741582085030,15:45:41.582,18.5250,100
56892550882795,15:48:12.550,18.5250,100
56914079738368,15:48:34.079,18.5200,22
56914079755685,15:48:34.079,18.5200,47
56914079764078,15:48:34.079,18.5200,31
56914081340986,15:48:34.081,18.5100,200
57000858094239,15:50:00.858,18.5050,100
57103315358660,15:51:43.315,18.5100,100
57103315358660,15:51:43.315,18.5100,100
57103315425783,15:51:43.315,18.5100,100
57103315425783,15:51:43.315,18.5100,200
57103315425783,15:51:43.315,18.5100,60
57103315425783,15:51:43.315,18.5100,300
57103315928957,15:51:43.315,18.5100,63
57103315973865,15:51:43.315,18.5100,200
57103315975877,15:51:43.315,18.5100,37
57103315975877,15:51:43.315,18.5100,63
57135641584021,15:52:15.641,18.5100,100
57139475976086,15:52:19.475,18.5000,100
57152606542068,15:52:32.606,18.5000,100
57300979415920,15:55:00.979,18.4900,46
57300979417676,15:55:00.979,18.4900,185
57300979418623,15:55:00.979,18.4900,47
57300979426081,15:55:00.979,18.4900,22
57300979426081,15:55:00.979,18.4900,112
57300979450467,15:55:00.979,18.4900,38
57301129886643,15:55:01.129,18.5000,100
57383257821126,15:56:23.257,18.5150,17
57402891451214,15:56:42.891,18.5100,28
57402891557402,15:56:42.891,18.5100,108
57402891557402,15:56:42.891,18.5100,100
57507096520654,15:58:27.096,18.5000,100
57507096520654,15:58:27.096,18.5000,100
57507096520654,15:58:27.096,18.5000,9
57545889526890,15:59:05.889,18.5000,10
57555032945658,15:59:15.032,18.5050,100
57555032945658,15:59:15.032,18.5100,100
57563923540763,15:59:23.923,18.5100,100
57565040163859,15:59:25.040,18.5150,100
57573038474584,15:59:33.038,18.5350,18
57600341966871,16:00:00.341,0.0000,0
