timestamp,time,price,volume
34200601677197,09:30:00.601,0.0000,0
34228521064629,09:30:28.521,17.6000,100
34321212458966,09:32:01.212,17.6100,70
34321213056793,09:32:01.213,17.6000,2
34321213056793,09:32:01.213,17.6000,100
34321213056793,09:32:01.213,17.6000,100
34321213365215,09:32:01.213,17.6000,100
34440853660644,09:34:00.853,17.6100,100
34485889853363,09:34:45.889,17.4900,100
34485889998462,09:34:45.889,17.5100,100
34485890422184,09:34:45.890,17.5300,100
34485890422184,09:34:45.890,17.5300,100
34485890422184,09:34:45.890,17.5300,200
34485890959740,09:34:45.890,17.5400,7
34485890974779,09:34:45.890,17.5400,93
34485891511589,09:34:45.891,17.5400,29
34490915818217,09:34:50.915,17.5400,100
34494671121603,09:34:54.671,17.5600,8
34494671200276,09:34:54.671,17.5700,93
34498947591976,09:34:58.947,17.5500,100
34504972092269,09:35:04.972,17.5500,100
34513013615330,09:35:13.013,17.5500,100
34521384235572,09:35:21.384,17.5800,1
34521384235572,09:35:21.384,17.5800,6
34521384277674,09:35:21.384,17.5800,94
34524063341286,09:35:24.063,17.5800,100
34524063393294,09:35:24.063,17.5800,100
34524064366049,09:35:24.064,17.5900,100
34524064594033,09:35:24.064,17.5900,100
34527086076058,09:35:27.086,17.5900,100
34527086102199,09:35:27.086,17.5900,300
34542907405146,09:35:42.907,17.5500,100
34543152156933,09:35:43.152,17.5400,100
34554439625488,09:35:54.439,17.5300,100
34558324259742,09:35:58.324,17.5500,1
34568047425551,09:36:08.047,17.5400,100
34584037751997,09:36:24.037,17.5000,100
34596364174499,09:36:36.364,17.4900,1
34626256373874,09:37:06.256,17.5100,1
34626257704917,09:37:06.257,17.5300,1
34646735479405,09:37:26.735,17.5100,4
34653397580254,09:37:33.397,17.5000,1
34656780081194,09:37:36.780,17.5000,99
34659421676456,09:37:39.421,17.5100,1
34661803418036,09:37:41.803,17.5100,100
34672951223238,09:37:52.951,17.5100,400
34678434122751,09:37:58.434,17.5100,100
34678434122751,09:37:58.434,17.5100,1
34679001189262,09:37:59.001,17.5100,100
34682552109888,09:38:02.552,17.5200,100
34688206432272,09:38:08.206,17.5100,100
34708485552982,09:38:28.485,17.4900,100
34708486038664,09:38:28.486,17.5000,100
34708486038664,09:38:28.486,17.5000,100
34708600212853,09:38:28.600,17.5100,1
34715508011170,09:38:35.508,17.5100,100
34719275174233,09:38:39.275,17.5100,200
34719275174233,09:38:39.275,17.5100,99
34719275174233,09:38:39.275,17.5100,100
34719302350144,09:38:39.302,17.5000,100
34734572459417,09:38:54.572,17.4700,1
34737168140594,09:38:57.168,17.4800,1
34761362819617,09:39:21.362,17.5100,1
34761362819617,09:39:21.362,17.5100,100
34766311055002,09:39:26.311,17.5300,1
34766311055002,09:39:26.311,17.5300,100
34779280170054,09:39:39.280,17.5600,100
34779286657796,09:39:39.286,17.5600,100
34779286657796,09:39:39.286,17.5600,100
34783633937576,09:39:43.633,17.5900,100
34799879041997,09:39:59.879,17.5500,2
34799879041997,09:39:59.879,17.5500,98
34799879110991,09:39:59.879,17.5500,100
34799879138983,09:39:59.879,17.5500,2
34840345794129,09:40:40.345,17.5300,100
34861195663043,09:41:01.195,17.5100,500
34865827688700,09:41:05.827,17.4900,100
34865827688700,09:41:05.827,17.4900,100
34865828387066,09:41:05.828,17.4900,100
34865828387066,09:41:05.828,17.4900,100
34865831699479,09:41:05.831,17.5000,100
34869644273964,09:41:09.644,17.4900,100
34887432961736,09:41:27.432,17.5200,100
34888263115878,09:41:28.263,17.5300,200
34888263115878,09:41:28.263,17.5200,90
34898255071014,09:41:38.255,17.5100,35
34898452885006,09:41:38.452,17.5000,100
34920348570588,09:42:00.348,17.4600,100
34920348570588,09:42:00.348,17.4600,100
34931419942203,09:42:11.419,17.4600,200
34933893180429,09:42:13.893,17.4700,100
34933953505817,09:42:13.953,17.4700,100
34933953505817,09:42:13.953,17.4700,100
34933953601050,09:42:13.953,17.4700,100
34937196950815,09:42:17.196,17.4800,100
34947419187446,09:42:27.419,17.4900,100
34953115232126,09:42:33.115,17.5100,100
34953760962108,09:42:33.760,17.5000,100
34957193797234,09:42:37.193,17.4800,100
34957194140879,09:42:37.194,17.4800,100
34967530208817,09:42:47.530,17.4700,100
34969115178454,09:42:49.115,17.4700,200
34971886686089,09:42:51.886,17.4700,100
34971886686089,09:42:51.886,17.4700,100
34971890941387,09:42:51.890,17.4700,64
34972644681741,09:42:52.644,17.4700,136
34972644681741,09:42:52.644,17.4700,100
34983393184921,09:43:03.393,17.4600,100
34983393184921,09:43:03.393,17.4600,100
34990741741277,09:43:10.741,17.4900,100
34992237599929,09:43:12.237,17.4900,100
35008829318181,09:43:28.829,17.5000,100
35008829318181,09:43:28.829,17.5000,200
35013450254413,09:43:33.450,17.4700,100
35015801607858,09:43:35.801,17.4600,100
35020123632979,09:43:40.123,17.4500,100
35042140353744,09:44:02.140,17.4400,100
35046864808214,09:44:06.864,17.4200,100
35046864874232,09:44:06.864,17.4200,100
35048378265804,09:44:08.378,17.4200,100
35048463193691,09:44:08.463,17.4200,2500
35048463221606,09:44:08.463,17.4200,700
35048463362026,09:44:08.463,17.4200,700
35048868568100,09:44:08.868,17.4200,500
35049404506511,09:44:09.404,17.4200,100
35051641568106,09:44:11.641,17.4200,500
35057645118714,09:44:17.645,17.4300,100
35060594761824,09:44:20.594,17.4200,100
35060595228469,09:44:20.595,17.4200,100
35060595228469,09:44:20.595,17.4200,100
35060595228469,09:44:20.595,17.4200,100
35060595228469,09:44:20.595,17.4200,100
35061027060734,09:44:21.027,17.4300,100
35061042079874,09:44:21.042,17.4400,100
35061042079874,09:44:21.042,17.4400,200
35061042859504,09:44:21.042,17.4500,200
35067192745181,09:44:27.192,17.4800,100
35067192775287,09:44:27.192,17.4800,100
35067192812098,09:44:27.192,17.4800,100
35076522448037,09:44:36.522,17.4400,100
35076522862309,09:44:36.522,17.4400,100
35078102802021,09:44:38.102,17.4500,100
35079246882055,09:44:39.246,17.4700,100
35079441114436,09:44:39.441,17.4900,100
35079441114436,09:44:39.441,17.4900,167
35098400743747,09:44:58.400,17.4800,100
35106356064455,09:45:06.356,17.4900,100
35106356450659,09:45:06.356,17.5000,45
35108463390549,09:45:08.463,17.5100,200
35112232960276,09:45:12.232,17.4900,100
35141580124625,09:45:41.580,17.4700,100
35145616767475,09:45:45.616,17.4700,100
35145616767475,09:45:45.616,17.4700,100
35148514654905,09:45:48.514,17.4600,100
35153856491025,09:45:53.856,17.4500,100
35153857680477,09:45:53.857,17.4500,100
35188247747476,09:46:28.247,17.4300,84
35188247778722,09:46:28.247,17.4300,216
35188247778722,09:46:28.247,17.4300,100
35232657659840,09:47:12.657,17.4200,100
35232657659840,09:47:12.657,17.4200,100
35233180096093,09:47:13.180,17.4200,100
35237909330047,09:47:17.909,17.4300,100
35240702800578,09:47:20.702,17.4300,100
35249738787605,09:47:29.738,17.4200,100
35277382977553,09:47:57.382,17.3900,16
35277383007267,09:47:57.383,17.3900,51
35277383060859,09:47:57.383,17.3900,33
35287885980761,09:48:07.885,17.3700,100
35314705428246,09:48:34.705,17.3300,100
35314956971340,09:48:34.956,17.3400,100
35316150310158,09:48:36.150,17.3600,20
35327329881860,09:48:47.329,17.3600,100
35331317417049,09:48:51.317,17.3600,100
35342576773520,09:49:02.576,17.3500,100
35352718878818,09:49:12.718,17.3500,100
35354044091653,09:49:14.044,17.3300,60
35357712683610,09:49:17.712,17.3300,40
35357712683610,09:49:17.712,17.3300,60
35360641011034,09:49:20.641,17.3300,100
35368681466865,09:49:28.681,17.3300,100
35370809113087,09:49:30.809,17.3400,100
35370809532558,09:49:30.809,17.3400,100
35370809582441,09:49:30.809,17.3400,100
35370810717173,09:49:30.810,17.3400,100
35370810717173,09:49:30.810,17.3400,100
35370810717173,09:49:30.810,17.3400,100
35370810717173,09:49:30.810,17.3400,100
35370810717173,09:49:30.810,17.3400,100
35370811190333,09:49:30.811,17.3500,400
35370811289502,09:49:30.811,17.3500,100
35372703552559,09:49:32.703,17.3500,100
35372703954768,09:49:32.703,17.3500,100
35385551822961,09:49:45.551,17.3400,100
35389126488897,09:49:49.126,17.3300,100
35389126542676,09:49:49.126,17.3300,100
35389126901586,09:49:49.126,17.3300,40
35390617073371,09:49:50.617,17.3100,100
35390617073371,09:49:50.617,17.3100,100
35394071205595,09:49:54.071,17.3200,100
35410908025920,09:50:10.908,17.3200,100
35422696553603,09:50:22.696,17.3400,200
35422697723575,09:50:22.697,17.3500,100
35440761762703,09:50:40.761,17.3700,100
35448331033365,09:50:48.331,17.3700,100
35448331033365,09:50:48.331,17.3700,100
35448331033365,09:50:48.331,17.3700,45
35454126781343,09:50:54.126,17.3700,100
35461205827397,09:51:01.205,17.3600,100
35474328155159,09:51:14.328,17.3700,100
35474328575966,09:51:14.328,17.3700,100
35474328800948,09:51:14.328,17.3700,100
35482221807943,09:51:22.221,17.3700,100
35512057004291,09:51:52.057,17.3600,200
35514364166901,09:51:54.364,17.3600,100
35591489285449,09:53:11.489,17.3500,100
35631495852631,09:53:51.495,17.3500,100
35631512087711,09:53:51.512,17.3500,100
35631512317768,09:53:51.512,17.3500,100
35645004970427,09:54:05.004,17.3550,100
35645005037023,09:54:05.005,17.3600,100
35664478735507,09:54:24.478,17.3700,100
35679540654409,09:54:39.540,17.3800,100
35679541277432,09:54:39.541,17.3800,400
35761948833531,09:56:01.948,17.3700,100
35761948833531,09:56:01.948,17.3700,100
35761950684552,09:56:01.950,17.3700,100
35761950743012,09:56:01.950,17.3700,100
35761950759763,09:56:01.950,17.3700,100
35761950823493,09:56:01.950,17.3700,100
35761964032210,09:56:01.964,17.3800,100
35761994239353,09:56:01.994,17.3800,100
35761994239353,09:56:01.994,17.3800,58
35782350127394,09:56:22.350,17.3900,100
35785388465053,09:56:25.388,17.3900,100
35785388465053,09:56:25.388,17.3900,100
35840419916872,09:57:20.419,17.3800,100
35853650204492,09:57:33.650,17.3800,98
35853651193443,09:57:33.651,17.3900,63
35862233642472,09:57:42.233,17.3800,3
35863381101150,09:57:43.381,17.3800,3
35863430614279,09:57:43.430,17.3800,3
35863477479134,09:57:43.477,17.3800,3
35912281524369,09:58:32.281,17.3900,100
35950927554144,09:59:10.927,17.4000,100
35962061676994,09:59:22.061,17.4100,100
35962061676994,09:59:22.061,17.4100,100
35962062105508,09:59:22.062,17.4100,100
35969658321547,09:59:29.658,17.4100,100
35969873810004,09:59:29.873,17.4000,100
35975489110729,09:59:35.489,17.4100,100
35984958520036,09:59:44.958,17.4000,100
35984958520036,09:59:44.958,17.4000,100
35984958520036,09:59:44.958,17.4000,100
35999308619221,09:59:59.308,17.4100,100
35999308619221,09:59:59.308,17.4100,100
36013776452796,10:00:13.776,17.3800,100
36013776452796,10:00:13.776,17.3800,100
36013778087462,10:00:13.778,17.3800,100
36016192824709,10:00:16.192,17.3700,100
36022493380061,10:00:22.493,17.3600,100
36022493380061,10:00:22.493,17.3600,100
36022493380061,10:00:22.493,17.3600,118
36022493442620,10:00:22.493,17.3600,82
36030678466099,10:00:30.678,17.3800,100
36030678466099,10:00:30.678,17.3800,100
36057903737922,10:00:57.903,17.4000,100
36123670822010,10:02:03.670,17.3900,100
36123670822010,10:02:03.670,17.3900,3
36123670822010,10:02:03.670,17.3900,21
36126091784057,10:02:06.091,17.3800,100
36126358861109,10:02:06.358,17.3800,100
36157015890174,10:02:37.015,17.3700,100
36157015916485,10:02:37.015,17.3700,100
36160209351099,10:02:40.209,17.3600,3
36160209377559,10:02:40.209,17.3600,97
36160209377559,10:02:40.209,17.3600,100
36189602505851,10:03:09.602,17.3300,32
36209290277685,10:03:29.290,17.3200,68
36210956294149,10:03:30.956,17.3100,100
36210956294149,10:03:30.956,17.3100,100
36237275095028,10:03:57.275,17.3200,100
36237275095028,10:03:57.275,17.3200,100
36255219144471,10:04:15.219,17.3100,100
36255219144471,10:04:15.219,17.3100,100
36255219144471,10:04:15.219,17.3100,27
36267748460224,10:04:27.748,17.3000,100
36267748687051,10:04:27.748,17.3000,100
36310922912952,10:05:10.922,17.2900,100
36333163603539,10:05:33.163,17.2850,100
36333163669731,10:05:33.163,17.2900,100
36343491841241,10:05:43.491,17.2950,200
36343491922931,10:05:43.491,17.3000,200
36357095405662,10:05:57.095,17.3100,100
36360177965463,10:06:00.177,17.3100,100
36364112852946,10:06:04.112,17.3100,26
36380511601387,10:06:20.511,17.3200,100
36389377529217,10:06:29.377,17.3300,40
36391011235548,10:06:31.011,17.3200,100
36391011364900,10:06:31.011,17.3200,100
36406846773654,10:06:46.846,17.3200,100
36407728924978,10:06:47.728,17.3100,100
36413691383127,10:06:53.691,17.3000,500
36424723152214,10:07:04.723,17.2900,100
36448330152851,10:07:28.330,17.2800,200
36448330152851,10:07:28.330,17.2800,100
36454281219074,10:07:34.281,17.2600,100
36482698757278,10:08:02.698,17.2600,92
36482698784176,10:08:02.698,17.2600,8
36482984923649,10:08:02.984,17.2500,5000
36483695107850,10:08:03.695,17.2400,100
36483695142096,10:08:03.695,17.2400,100
36483695142096,10:08:03.695,17.2400,100
36483695142096,10:08:03.695,17.2400,31
36483695142096,10:08:03.695,17.2400,100
36484741381538,10:08:04.741,17.2400,100
36513508548365,10:08:33.508,17.2500,100
36516223536240,10:08:36.223,17.2400,100
36553030717885,10:09:13.030,17.2500,100
36580052030934,10:09:40.052,17.2500,100
36605701529567,10:10:05.701,17.2600,100
36662800661674,10:11:02.800,17.2650,100
36662800661674,10:11:02.800,17.2700,100
36662800691485,10:11:02.800,17.2700,100
36662800691485,10:11:02.800,17.2700,100
36662800691485,10:11:02.800,17.2700,100
36665329072582,10:11:05.329,17.2600,100
36665329123757,10:11:05.329,17.2600,34
36691023754615,10:11:31.023,17.2700,100
36694444145628,10:11:34.444,17.2800,100
36699761065844,10:11:39.761,17.2900,100
36707414778948,10:11:47.414,17.2900,100
36707414778948,10:11:47.414,17.2900,100
36778544559841,10:12:58.544,17.3000,100
36778544559841,10:12:58.544,17.3000,200
36778544559841,10:12:58.544,17.3000,200
36792781017674,10:13:12.781,17.3000,31
36814310119212,10:13:34.310,17.3100,100
36815320194726,10:13:35.320,17.3100,100
36851899254921,10:14:11.899,17.3100,100
36875265039147,10:14:35.265,17.3150,100
36922626600219,10:15:22.626,17.3200,200
36922626600219,10:15:22.626,17.3200,100
36922626600219,10:15:22.626,17.3200,100
36927639463840,10:15:27.639,17.3200,60
36927644875030,10:15:27.644,17.3200,200
37011110327281,10:16:51.110,17.3400,100
37011110327281,10:16:51.110,17.3400,100
37040806725760,10:17:20.806,17.3300,100
37089950688708,10:18:09.950,17.3200,28
37089950753245,10:18:09.950,17.3100,159
37089950758293,10:18:09.950,17.3100,41
37089950758293,10:18:09.950,17.3100,100
37099239837771,10:18:19.239,17.3000,3
37105655684521,10:18:25.655,17.3000,3
37105996264966,10:18:25.996,17.3000,3
37106039913821,10:18:26.039,17.3000,94
37113401406028,10:18:33.401,17.3000,100
37114977264744,10:18:34.977,17.3000,3
37115072709024,10:18:35.072,17.3000,3
37151047949923,10:19:11.047,17.3100,100
37162281952312,10:19:22.281,17.3100,3
37183790738584,10:19:43.790,17.3200,3
37184645700455,10:19:44.645,17.3200,3
37187146855754,10:19:47.146,17.3200,97
37218802345420,10:20:18.802,17.3300,100
37218802345420,10:20:18.802,17.3300,100
37227797669927,10:20:27.797,17.3400,100
37227797700978,10:20:27.797,17.3400,100
37227802795517,10:20:27.802,17.3500,100
37227809491746,10:20:27.809,17.3600,100
37227809491746,10:20:27.809,17.3600,100
37227809491746,10:20:27.809,17.3600,29
37227813133994,10:20:27.813,17.3600,100
37227813133994,10:20:27.813,17.3600,100
37232982241597,10:20:32.982,17.3600,100
37236626681434,10:20:36.626,17.3600,3
37236626709174,10:20:36.626,17.3600,97
37236627527708,10:20:36.627,17.3600,100
37236663626635,10:20:36.663,17.3600,3
37236806463026,10:20:36.806,17.3600,3
37245392465282,10:20:45.392,17.3600,18
37245392494536,10:20:45.392,17.3600,82
37245392494536,10:20:45.392,17.3600,100
37245392783921,10:20:45.392,17.3600,400
37245392783921,10:20:45.392,17.3600,100
37262867651884,10:21:02.867,17.3600,100
37300518528084,10:21:40.518,17.3600,100
37371299359668,10:22:51.299,17.3600,100
37411165024617,10:23:31.165,17.3500,200
37411165024617,10:23:31.165,17.3500,100
37411165024617,10:23:31.165,17.3500,100
37442295233653,10:24:02.295,17.3500,3
37442521025296,10:24:02.521,17.3500,3
37442571258089,10:24:02.571,17.3500,3
37442626112672,10:24:02.626,17.3500,3
37442676699681,10:24:02.676,17.3500,3
37442723975949,10:24:02.723,17.3500,3
37442750578313,10:24:02.750,17.3500,3
37443802954368,10:24:03.802,17.3500,79
37457597127931,10:24:17.597,17.3400,3
37457649126783,10:24:17.649,17.3400,3
37459905454539,10:24:19.905,17.3500,3
37462971210849,10:24:22.971,17.3500,3
37521464446543,10:25:21.464,17.3500,100
37529584994179,10:25:29.584,17.3400,3
37529638048176,10:25:29.638,17.3400,3
37529781993518,10:25:29.781,17.3400,3
37529829830869,10:25:29.829,17.3400,3
37529874597108,10:25:29.874,17.3400,3
37529922215957,10:25:29.922,17.3400,3
37530033887571,10:25:30.033,17.3400,3
37530077038494,10:25:30.077,17.3400,3
37530099387313,10:25:30.099,17.3400,3
37530139257505,10:25:30.139,17.3400,3
37538897105422,10:25:38.897,17.3400,3
37538951002615,10:25:38.951,17.3400,3
37539065007730,10:25:39.065,17.3400,3
37539091088101,10:25:39.091,17.3400,3
37551523961947,10:25:51.523,17.3500,100
37551523961947,10:25:51.523,17.3500,100
37551523961947,10:25:51.523,17.3500,100
37551523961947,10:25:51.523,17.3500,100
37628418754313,10:27:08.418,17.3600,65
37628419157849,10:27:08.419,17.3600,35
37662589378649,10:27:42.589,17.3700,100
37662589378649,10:27:42.589,17.3700,100
37695980865725,10:28:15.980,17.3900,40
37696341723051,10:28:16.341,17.3800,3
37696419293259,10:28:16.419,17.3800,3
37696463285287,10:28:16.463,17.3800,3
37770226995024,10:29:30.226,17.3900,100
37770914448567,10:29:30.914,17.4000,100
37770914448567,10:29:30.914,17.4000,200
37770914448567,10:29:30.914,17.4000,100
37770914448567,10:29:30.914,17.4000,100
37772343180652,10:29:32.343,17.4000,3
37772450410931,10:29:32.450,17.4000,3
37772495253827,10:29:32.495,17.4000,3
37772541173602,10:29:32.541,17.4000,3
37772684354614,10:29:32.684,17.4000,3
37772730888641,10:29:32.730,17.4000,3
37772781642227,10:29:32.781,17.4000,3
37772828567346,10:29:32.828,17.4000,3
37772867277924,10:29:32.867,17.4000,3
37772907255431,10:29:32.907,17.4000,3
37812230233559,10:30:12.230,17.4200,100
37820845037957,10:30:20.845,17.4200,100
37831645810423,10:30:31.645,17.4200,3
37832493934770,10:30:32.493,17.4200,100
37832493934770,10:30:32.493,17.4200,24
37841737002899,10:30:41.737,17.4100,3
37841982449264,10:30:41.982,17.4100,3
37842234741629,10:30:42.234,17.4100,3
37842293171724,10:30:42.293,17.4100,3
37842338323332,10:30:42.338,17.4100,3
37850108236605,10:30:50.108,17.4200,85
37850108241443,10:30:50.108,17.4200,115
37855338596238,10:30:55.338,17.4200,100
37875077493020,10:31:15.077,17.4200,100
37875120508010,10:31:15.120,17.4100,300
37875120508010,10:31:15.120,17.4100,200
37875120949939,10:31:15.120,17.4100,8
37875120949939,10:31:15.120,17.4100,100
37902144984580,10:31:42.144,17.4100,100
37902144984580,10:31:42.144,17.4100,100
37961015604635,10:32:41.015,17.4200,100
37961015634552,10:32:41.015,17.4200,100
37961016069770,10:32:41.016,17.4200,100
37988223498881,10:33:08.223,17.4300,155
37988223500408,10:33:08.223,17.4300,45
37988223500408,10:33:08.223,17.4300,55
37988223527245,10:33:08.223,17.4300,45
37988223527245,10:33:08.223,17.4300,100
37989379242283,10:33:09.379,17.4400,100
38003570278389,10:33:23.570,17.4400,3
38052134575821,10:34:12.134,17.4400,3
38052134602475,10:34:12.134,17.4400,97
38052134602475,10:34:12.134,17.4400,100
38052134602475,10:34:12.134,17.4400,100
38052134602475,10:34:12.134,17.4400,100
38052134602475,10:34:12.134,17.4400,23
38102921407809,10:35:02.921,17.4300,68
38107004053869,10:35:07.004,17.4400,100
38216378217529,10:36:56.378,17.4400,25
38238191855997,10:37:18.191,17.4200,100
38238191855997,10:37:18.191,17.4200,100
38260883740078,10:37:40.883,17.4100,60
38260883766884,10:37:40.883,17.4100,40
38288454869333,10:38:08.454,17.4000,100
38288454909632,10:38:08.454,17.4000,100
38289026355676,10:38:09.026,17.4000,100
38289026355676,10:38:09.026,17.4000,100
38312361151210,10:38:32.361,17.4000,100
38381630587200,10:39:41.630,17.4000,43
38381630614388,10:39:41.630,17.4000,57
38457635458840,10:40:57.635,17.4000,100
38457635515645,10:40:57.635,17.4000,27
38457635515645,10:40:57.635,17.4000,300
38463730335409,10:41:03.730,17.3900,100
38463730335409,10:41:03.730,17.3900,9
38463730335409,10:41:03.730,17.3900,200
38547084802740,10:42:27.084,17.3800,100
38586000642945,10:43:06.000,17.3800,100
38586000642945,10:43:06.000,17.3800,27
38586000642945,10:43:06.000,17.3800,100
38638836272979,10:43:58.836,17.3800,200
38653747602452,10:44:13.747,17.3900,100
38653747640675,10:44:13.747,17.3900,100
38657809937586,10:44:17.809,17.4000,400
38657809937586,10:44:17.809,17.4000,100
38657809937586,10:44:17.809,17.4000,45
38657809937586,10:44:17.809,17.4000,100
38669478932292,10:44:29.478,17.4000,100
38669478932292,10:44:29.478,17.4000,100
38814749142871,10:46:54.749,17.3900,100
38814749142871,10:46:54.749,17.3900,100
38814749142871,10:46:54.749,17.3900,28
38814759731487,10:46:54.759,17.3800,200
38814759731487,10:46:54.759,17.3800,100
38814759731487,10:46:54.759,17.3800,400
38814759762537,10:46:54.759,17.3800,100
38831788102601,10:47:11.788,17.3700,100
38831788102601,10:47:11.788,17.3700,100
38831788102601,10:47:11.788,17.3700,170
38831788119004,10:47:11.788,17.3700,130
38892241638940,10:48:12.241,17.3700,100
38892241638940,10:48:12.241,17.3700,100
38892241638940,10:48:12.241,17.3700,100
38892253612328,10:48:12.253,17.3800,100
38892253612328,10:48:12.253,17.3800,100
38892253612328,10:48:12.253,17.3800,200
38892253612328,10:48:12.253,17.3800,100
38892256035550,10:48:12.256,17.3900,200
38916686571803,10:48:36.686,17.4000,100
38928220386956,10:48:48.220,17.4000,100
38928220386956,10:48:48.220,17.4000,100
38958212487449,10:49:18.212,17.4000,3
39060407106923,10:51:00.407,17.4000,3
39060407135025,10:51:00.407,17.4000,24
39060407135025,10:51:00.407,17.4000,100
39060407135025,10:51:00.407,17.4000,300
39060458002027,10:51:00.458,17.3900,3
39060562612098,10:51:00.562,17.3900,3
39060609013424,10:51:00.609,17.3900,3
39060653004624,10:51:00.653,17.3900,3
39060711093129,10:51:00.711,17.3900,3
39060833502170,10:51:00.833,17.3900,3
39060833528840,10:51:00.833,17.3900,91
39060833528840,10:51:00.833,17.3900,100
39060833528840,10:51:00.833,17.3900,300
39060834424899,10:51:00.834,17.3900,200
39060834424899,10:51:00.834,17.3900,100
39060834424899,10:51:00.834,17.3900,46
39060834424899,10:51:00.834,17.3900,100
39060834424899,10:51:00.834,17.3900,100
39060834424899,10:51:00.834,17.3900,100
39060834424899,10:51:00.834,17.3900,100
39060834424899,10:51:00.834,17.3900,13
39060866074900,10:51:00.866,17.3900,3
39060893547148,10:51:00.893,17.3900,3
39068339966820,10:51:08.339,17.4000,100
39130166966343,10:52:10.166,17.4000,3
39190691446964,10:53:10.691,17.4000,100
39190691477629,10:53:10.691,17.4000,97
39190691477629,10:53:10.691,17.4000,100
39190691477629,10:53:10.691,17.4000,100
39190691477629,10:53:10.691,17.4000,27
39190691477629,10:53:10.691,17.4000,100
39284255269553,10:54:44.255,17.4000,100
39284255269553,10:54:44.255,17.4000,25
39284255269553,10:54:44.255,17.4000,14
39284255269553,10:54:44.255,17.4000,100
39284255269553,10:54:44.255,17.4000,100
39284255269553,10:54:44.255,17.4000,100
39306072686201,10:55:06.072,17.4100,200
39334008097125,10:55:34.008,17.4300,100
39384790101876,10:56:24.790,17.4400,100
39384790101876,10:56:24.790,17.4400,100
39384790101876,10:56:24.790,17.4400,100
39431432482194,10:57:11.432,17.4300,25
39431432482194,10:57:11.432,17.4300,100
39484839919417,10:58:04.839,17.4200,18
39484840197954,10:58:04.840,17.4200,82
39563216328424,10:59:23.216,17.4200,3
39633098525654,11:00:33.098,17.4200,175
39633098546188,11:00:33.098,17.4200,125
39633098546188,11:00:33.098,17.4200,48
39633098551844,11:00:33.098,17.4200,252
39633098551844,11:00:33.098,17.4200,26
39662941091674,11:01:02.941,17.4200,100
39663452120310,11:01:03.452,17.4300,100
39663452120310,11:01:03.452,17.4300,100
39663452120310,11:01:03.452,17.4300,100
39663463834574,11:01:03.463,17.4400,100
39667335332691,11:01:07.335,17.4400,1
39723070383183,11:02:03.070,17.4500,200
39723083962676,11:02:03.083,17.4600,200
39788232217977,11:03:08.232,17.4650,100
39788232217977,11:03:08.232,17.4700,125
39788269180386,11:03:08.269,17.4700,75
39795649247370,11:03:15.649,17.4700,100
39795649247370,11:03:15.649,17.4700,300
39795649277513,11:03:15.649,17.4700,100
39801690316032,11:03:21.690,17.4600,100
39801690316032,11:03:21.690,17.4600,100
39801690546593,11:03:21.690,17.4600,232
39801690565902,11:03:21.690,17.4600,68
39801690565902,11:03:21.690,17.4600,28
39801691167279,11:03:21.691,17.4600,100
39810924196914,11:03:30.924,17.4600,10
39825252866696,11:03:45.252,17.4700,200
39831253882619,11:03:51.253,17.4800,100
39897044793450,11:04:57.044,17.4700,200
39897044793450,11:04:57.044,17.4700,100
39897044793450,11:04:57.044,17.4700,24
39897044793450,11:04:57.044,17.4700,100
39912100292183,11:05:12.100,17.4600,100
39912173211577,11:05:12.173,17.4600,100
39921401329769,11:05:21.401,17.4500,3
39987017961412,11:06:27.017,17.4600,100
39995114597972,11:06:35.114,17.4700,40
39995130957837,11:06:35.130,17.4700,100
39995130957837,11:06:35.130,17.4700,100
39995130957837,11:06:35.130,17.4700,100
39995130957837,11:06:35.130,17.4700,100
40054864109908,11:07:34.864,17.4800,100
40054864109908,11:07:34.864,17.4800,100
40075032454788,11:07:55.032,17.4800,4
40087733005640,11:08:07.733,17.4700,2
40087733005640,11:08:07.733,17.4700,100
40087733005640,11:08:07.733,17.4700,100
40087733005640,11:08:07.733,17.4700,98
40087733339114,11:08:07.733,17.4700,2
40087733339114,11:08:07.733,17.4700,19
40087771308753,11:08:07.771,17.4600,100
40094309512431,11:08:14.309,17.4600,100
40096451092839,11:08:16.451,17.4500,35
40130920730785,11:08:50.920,17.4600,100
40161198177404,11:09:21.198,17.4600,100
40161198177404,11:09:21.198,17.4600,100
40164387482756,11:09:24.387,17.4600,70
40215162358524,11:10:15.162,17.4600,100
40229980005746,11:10:29.980,17.4800,82
40260683791333,11:11:00.683,17.4700,100
40260683791333,11:11:00.683,17.4700,300
40260683791333,11:11:00.683,17.4700,22
40260683791333,11:11:00.683,17.4700,100
40260683791333,11:11:00.683,17.4700,78
40260683824526,11:11:00.683,17.4700,22
40261075478513,11:11:01.075,17.4600,170
40281062931893,11:11:21.062,17.4600,100
40281063439443,11:11:21.063,17.4600,100
40281064182824,11:11:21.064,17.4600,100
40320250425364,11:12:00.250,17.4700,100
40324297882522,11:12:04.297,17.4700,8
40399877167204,11:13:19.877,17.4700,100
40443565927668,11:14:03.565,17.4700,14
40443616870774,11:14:03.616,17.4700,4
40503769556346,11:15:03.769,17.4700,100
40537288186346,11:15:37.288,17.4600,100
40537288186346,11:15:37.288,17.4600,100
40642105016085,11:17:22.105,17.4500,100
40647501428321,11:17:27.501,17.4600,100
40663063142834,11:17:43.063,17.4500,100
40673651026947,11:17:53.651,17.4500,22
40742627952228,11:19:02.627,17.4400,100
40742627952228,11:19:02.627,17.4400,177
40742628234512,11:19:02.628,17.4400,123
40742628234512,11:19:02.628,17.4400,21
40742628234512,11:19:02.628,17.4400,100
40764111743271,11:19:24.111,17.4300,100
40764625974460,11:19:24.625,17.4300,100
40788749825390,11:19:48.749,17.4200,100
40788749825390,11:19:48.749,17.4200,100
40810768630507,11:20:10.768,17.4200,100
40864746416460,11:21:04.746,17.4200,100
40868194403370,11:21:08.194,17.4200,100
40944044902110,11:22:24.044,17.4100,100
40952641223996,11:22:32.641,17.4100,100
40957524894154,11:22:37.524,17.4100,23
40957524894154,11:22:37.524,17.4100,77
41032803629031,11:23:52.803,17.4000,100
41032803629031,11:23:52.803,17.4000,100
41051159217881,11:24:11.159,17.4100,100
41151999194093,11:25:51.999,17.4000,300
41151999194093,11:25:51.999,17.4000,23
41151999194093,11:25:51.999,17.4000,100
41162009693323,11:26:02.009,17.4000,100
41163010243710,11:26:03.010,17.4000,100
41198168255240,11:26:38.168,17.4000,100
41198168255240,11:26:38.168,17.4000,23
41258758732610,11:27:38.758,17.3900,200
41258758732610,11:27:38.758,17.3900,100
41299198457089,11:28:19.198,17.3700,300
41299198457089,11:28:19.198,17.3700,100
41299198690639,11:28:19.198,17.3700,25
41401699650557,11:30:01.699,17.3600,100
41401699650557,11:30:01.699,17.3600,100
41439347686298,11:30:39.347,17.3500,28
41439347686298,11:30:39.347,17.3500,100
41439347686298,11:30:39.347,17.3500,100
41451075786114,11:30:51.075,17.3500,100
41451075786114,11:30:51.075,17.3500,100
41455056936793,11:30:55.056,17.3600,1
41459364168650,11:30:59.364,17.3600,100
41536006473160,11:32:16.006,17.3600,100
41536006473160,11:32:16.006,17.3600,26
41536006473160,11:32:16.006,17.3600,100
41536006473160,11:32:16.006,17.3600,74
41536006507166,11:32:16.006,17.3600,26
41577648749324,11:32:57.648,17.3700,200
41583608381085,11:33:03.608,17.3800,12
41624589748918,11:33:44.589,17.3800,100
41624589748918,11:33:44.589,17.3800,100
41624589748918,11:33:44.589,17.3800,100
41624589748918,11:33:44.589,17.3800,100
41624589748918,11:33:44.589,17.3800,39
41624589748918,11:33:44.589,17.3800,100
41624589748918,11:33:44.589,17.3800,261
41624589938944,11:33:44.589,17.3800,139
41624589938944,11:33:44.589,17.3800,100
41624589938944,11:33:44.589,17.3800,200
41624589938944,11:33:44.589,17.3800,100
41645135659510,11:34:05.135,17.3900,200
41645135659510,11:34:05.135,17.3900,200
41653695750695,11:34:13.695,17.4000,100
41673707205303,11:34:33.707,17.4100,100
41673707205303,11:34:33.707,17.4100,100
41728076814366,11:35:28.076,17.4100,3
41728076814366,11:35:28.076,17.4100,97
41728076843618,11:35:28.076,17.4100,3
41728076843618,11:35:28.076,17.4100,100
41728078032126,11:35:28.078,17.4100,400
41728078032126,11:35:28.078,17.4100,100
41728078032126,11:35:28.078,17.4100,68
41789519267163,11:36:29.519,17.4000,100
41789519267163,11:36:29.519,17.4000,100
41798659675623,11:36:38.659,17.4000,21
41798659675623,11:36:38.659,17.4000,79
41798659706765,11:36:38.659,17.4000,21
41798662516896,11:36:38.662,17.4000,3
41825731511710,11:37:05.731,17.3900,100
41862266498985,11:37:42.266,17.3800,100
41862266498985,11:37:42.266,17.3800,100
41862266498985,11:37:42.266,17.3800,100
41948645697776,11:39:08.645,17.3700,11
41948645710862,11:39:08.645,17.3700,12
41948645710862,11:39:08.645,17.3700,100
41948645710862,11:39:08.645,17.3700,58
41948645712281,11:39:08.645,17.3700,42
41948645712281,11:39:08.645,17.3700,100
41974389069247,11:39:34.389,17.3700,18
41974389098599,11:39:34.389,17.3700,82
41974389098599,11:39:34.389,17.3700,200
42032478694847,11:40:32.478,17.3700,100
42120170355928,11:42:00.170,17.3800,100
42120170355928,11:42:00.170,17.3800,100
42120386862477,11:42:00.386,17.3900,100
42120386889170,11:42:00.386,17.3900,100
42123920885358,11:42:03.920,17.4100,100
42133035676853,11:42:13.035,17.4100,100
42133035676853,11:42:13.035,17.4100,100
42133035676853,11:42:13.035,17.4100,100
42164745414075,11:42:44.745,17.4100,100
42164745414075,11:42:44.745,17.4100,300
42164793130753,11:42:44.793,17.4200,200
42164793130753,11:42:44.793,17.4200,100
42164793130753,11:42:44.793,17.4200,100
42164793130753,11:42:44.793,17.4200,200
42164793130753,11:42:44.793,17.4200,100
42164795271981,11:42:44.795,17.4200,400
42164795271981,11:42:44.795,17.4200,19
42164795271981,11:42:44.795,17.4200,100
42164795271981,11:42:44.795,17.4200,100
42164795271981,11:42:44.795,17.4200,100
42164795271981,11:42:44.795,17.4200,100
42165066626259,11:42:45.066,17.4100,100
42165066626259,11:42:45.066,17.4100,100
42165066626259,11:42:45.066,17.4100,100
42165066626259,11:42:45.066,17.4100,100
42165066626259,11:42:45.066,17.4100,100
42167077498167,11:42:47.077,17.4000,100
42167077498167,11:42:47.077,17.4000,22
42167077498167,11:42:47.077,17.4000,78
42270229141428,11:44:30.229,17.4000,100
42301186931314,11:45:01.186,17.4000,100
42301238799152,11:45:01.238,17.4000,16
42301238799152,11:45:01.238,17.4000,100
42301238799152,11:45:01.238,17.4000,400
42301238799152,11:45:01.238,17.4000,100
42301238799152,11:45:01.238,17.4000,100
42301238799152,11:45:01.238,17.4000,100
42301238799152,11:45:01.238,17.4000,100
42301238799152,11:45:01.238,17.4000,100
42301238799152,11:45:01.238,17.4000,100
42301238799152,11:45:01.238,17.4000,100
42301238799152,11:45:01.238,17.4000,100
42301238799152,11:45:01.238,17.4000,84
42330532833217,11:45:30.532,17.4100,100
42330532860958,11:45:30.532,17.4100,100
42330532860958,11:45:30.532,17.4100,200
42331668632033,11:45:31.668,17.4200,100
42331668632033,11:45:31.668,17.4200,100
42425100411439,11:47:05.100,17.4300,100
42509593994657,11:48:29.593,17.4200,100
42509593994657,11:48:29.593,17.4200,100
42509593994657,11:48:29.593,17.4200,100
42509593994657,11:48:29.593,17.4200,100
42509593994657,11:48:29.593,17.4200,100
42509593994657,11:48:29.593,17.4200,22
42557721176419,11:49:17.721,17.4100,100
42557721176419,11:49:17.721,17.4100,100
42557721176419,11:49:17.721,17.4100,100
42557721176419,11:49:17.721,17.4100,100
42557721176419,11:49:17.721,17.4100,100
42557721176419,11:49:17.721,17.4100,100
42557722555570,11:49:17.722,17.4000,100
42557722555570,11:49:17.722,17.4000,100
42557722555570,11:49:17.722,17.4000,100
42557722555570,11:49:17.722,17.4000,100
42557722555570,11:49:17.722,17.4000,100
42557724327390,11:49:17.724,17.3900,200
42557724327390,11:49:17.724,17.3900,100
42557724327390,11:49:17.724,17.3900,500
42557727347189,11:49:17.727,17.3900,100
42558954252155,11:49:18.954,17.3900,100
42558954252155,11:49:18.954,17.3900,100
42558954252155,11:49:18.954,17.3900,100
42560355322247,11:49:20.355,17.3900,100
42560355322247,11:49:20.355,17.3900,100
42560369412925,11:49:20.369,17.3900,17
42560369412925,11:49:20.369,17.3900,100
42560369412925,11:49:20.369,17.3900,100
42560369412925,11:49:20.369,17.3900,100
42567353509475,11:49:27.353,17.3800,100
42567353509475,11:49:27.353,17.3800,100
42567353509475,11:49:27.353,17.3800,100
42567353509475,11:49:27.353,17.3800,100
42567353509475,11:49:27.353,17.3800,100
42567353509475,11:49:27.353,17.3800,100
42567353509475,11:49:27.353,17.3800,100
42567353509475,11:49:27.353,17.3800,100
42567353509475,11:49:27.353,17.3800,100
42567354847401,11:49:27.354,17.3700,100
42567354847401,11:49:27.354,17.3700,200
42567354847401,11:49:27.354,17.3700,100
42567355479077,11:49:27.355,17.3700,100
42567355479077,11:49:27.355,17.3700,100
42567355632723,11:49:27.355,17.3700,100
42567355730056,11:49:27.355,17.3700,100
42567373716817,11:49:27.373,17.3700,100
42567373743580,11:49:27.373,17.3700,15
42567373743580,11:49:27.373,17.3700,300
42567373743580,11:49:27.373,17.3700,100
42568906350408,11:49:28.906,17.3700,200
42568906350408,11:49:28.906,17.3700,100
42591688647218,11:49:51.688,17.3700,193
42591689623377,11:49:51.689,17.3700,86
42591689623377,11:49:51.689,17.3700,14
42600530908533,11:50:00.530,17.3600,100
42600531005383,11:50:00.531,17.3600,100
42600531923685,11:50:00.531,17.3600,100
42695382985600,11:51:35.382,17.3500,100
42695382985600,11:51:35.382,17.3500,30
42695382985600,11:51:35.382,17.3500,270
42695383220378,11:51:35.383,17.3500,30
42695383220378,11:51:35.383,17.3500,48
42695383241178,11:51:35.383,17.3500,52
42712758877449,11:51:52.758,17.3400,100
42712758877449,11:51:52.758,17.3400,76
42733779907457,11:52:13.779,17.3400,28
42733779907457,11:52:13.779,17.3400,32
42759594391705,11:52:39.594,17.3400,68
42769652725269,11:52:49.652,17.3400,100
42789471713473,11:53:09.471,17.3500,200
42794725660641,11:53:14.725,17.3600,100
42794725686830,11:53:14.725,17.3600,100
42809193942225,11:53:29.193,17.3600,200
42809193942225,11:53:29.193,17.3600,100
42809193942225,11:53:29.193,17.3600,100
42842709207390,11:54:02.709,17.3600,100
42885891790657,11:54:45.891,17.3600,26
42885891790657,11:54:45.891,17.3600,74
42885891839000,11:54:45.891,17.3600,26
42885891839000,11:54:45.891,17.3600,100
42910049967743,11:55:10.049,17.3700,100
43050254374683,11:57:30.254,17.3600,200
43050254374683,11:57:30.254,17.3600,27
43050254374683,11:57:30.254,17.3600,73
43050254453227,11:57:30.254,17.3600,100
43060175336073,11:57:40.175,17.3600,100
43111047036729,11:58:31.047,17.3700,100
43198682750207,11:59:58.682,17.3800,100
43198682750207,11:59:58.682,17.3800,100
43198682750207,11:59:58.682,17.3800,200
43202586897997,12:00:02.586,17.4000,100
43207012053817,12:00:07.012,17.4000,100
43382582484458,12:03:02.582,17.4300,106
43382859225596,12:03:02.859,17.4300,34
43417887226839,12:03:37.887,17.4300,100
43417887226839,12:03:37.887,17.4300,100
43417887226839,12:03:37.887,17.4300,400
43417887226839,12:03:37.887,17.4300,100
43417887226839,12:03:37.887,17.4300,100
43417887226839,12:03:37.887,17.4300,100
43417887226839,12:03:37.887,17.4300,100
43417887264587,12:03:37.887,17.4300,70
43423915306580,12:03:43.915,17.4200,600
43423915474372,12:03:43.915,17.4200,100
43423915474372,12:03:43.915,17.4200,100
43423925732723,12:03:43.925,17.4200,16
43423925732723,12:03:43.925,17.4200,100
43500124528245,12:05:00.124,17.4200,60
43500124528245,12:05:00.124,17.4200,22
43500124528245,12:05:00.124,17.4200,18
43500124551526,12:05:00.124,17.4200,82
43556943207201,12:05:56.943,17.4100,100
43556943207201,12:05:56.943,17.4100,400
43556943207201,12:05:56.943,17.4100,100
43556943238812,12:05:56.943,17.4100,100
43556943238812,12:05:56.943,17.4100,100
43720411010680,12:08:40.411,17.4200,100
43720411010680,12:08:40.411,17.4200,200
43743344680275,12:09:03.344,17.4300,100
43743345007753,12:09:03.345,17.4300,100
43743345007753,12:09:03.345,17.4300,100
43744180057821,12:09:04.180,17.4400,36
43744394849891,12:09:04.394,17.4400,64
43744394849891,12:09:04.394,17.4400,100
43820535974120,12:10:20.535,17.4500,100
43820536933641,12:10:20.536,17.4500,100
43923237293271,12:12:03.237,17.4600,100
43951448760398,12:12:31.448,17.4600,100
44060224020595,12:14:20.224,17.4600,50
44060224020595,12:14:20.224,17.4600,100
44060224020595,12:14:20.224,17.4600,100
44060224020595,12:14:20.224,17.4600,100
44060224020595,12:14:20.224,17.4600,100
44060224020595,12:14:20.224,17.4600,23
44060224020595,12:14:20.224,17.4600,27
44060224053727,12:14:20.224,17.4600,73
44060224053727,12:14:20.224,17.4600,100
44060225787338,12:14:20.225,17.4500,100
44080180781048,12:14:40.180,17.4500,100
44080180781048,12:14:40.180,17.4500,100
44080180781048,12:14:40.180,17.4500,100
44080180781048,12:14:40.180,17.4400,20
44080181182302,12:14:40.181,17.4500,400
44080181182302,12:14:40.181,17.4500,100
44080181182302,12:14:40.181,17.4500,100
44080181182302,12:14:40.181,17.4500,100
44080181182302,12:14:40.181,17.4500,100
44080181182302,12:14:40.181,17.4500,100
44080181276177,12:14:40.181,17.4500,100
44080181276177,12:14:40.181,17.4500,17
44080181352302,12:14:40.181,17.4500,100
44080181352302,12:14:40.181,17.4500,100
44080181352302,12:14:40.181,17.4500,100
44080202801191,12:14:40.202,17.4400,100
44080202801191,12:14:40.202,17.4400,100
44080202801191,12:14:40.202,17.4400,100
44080202801191,12:14:40.202,17.4400,100
44080202801191,12:14:40.202,17.4400,100
44080202801191,12:14:40.202,17.4400,100
44080202801191,12:14:40.202,17.4400,200
44080202801191,12:14:40.202,17.4400,100
44080202801191,12:14:40.202,17.4400,100
44080202801191,12:14:40.202,17.4400,100
44080202801191,12:14:40.202,17.4300,100
44080202801191,12:14:40.202,17.4300,100
44080202801191,12:14:40.202,17.4300,100
44080202801191,12:14:40.202,17.4300,100
44080202801191,12:14:40.202,17.4300,100
44080202801191,12:14:40.202,17.4300,200
44080202801191,12:14:40.202,17.4300,100
44080202801191,12:14:40.202,17.4300,100
44080202801191,12:14:40.202,17.4300,100
44080203271723,12:14:40.203,17.4400,40
44080254890910,12:14:40.254,17.4300,100
44080254890910,12:14:40.254,17.4300,100
44080254890910,12:14:40.254,17.4300,100
44080254890910,12:14:40.254,17.4300,100
44080254890910,12:14:40.254,17.4300,100
44080256832375,12:14:40.256,17.4300,100
44080259361374,12:14:40.259,17.4300,100
44080259361374,12:14:40.259,17.4300,100
44080259361374,12:14:40.259,17.4300,100
44080277769222,12:14:40.277,17.4300,100
44080277769222,12:14:40.277,17.4300,17
44080277769222,12:14:40.277,17.4300,100
44080277769222,12:14:40.277,17.4300,100
44080277769222,12:14:40.277,17.4300,100
44080277769222,12:14:40.277,17.4300,100
44080277769222,12:14:40.277,17.4300,100
44080277769222,12:14:40.277,17.4300,100
44080277769222,12:14:40.277,17.4300,100
44080277769222,12:14:40.277,17.4300,100
44080277769222,12:14:40.277,17.4300,100
44080277769222,12:14:40.277,17.4300,100
44080279174529,12:14:40.279,17.4300,40
44080279174529,12:14:40.279,17.4300,60
44080282025120,12:14:40.282,17.4300,100
44080282025120,12:14:40.282,17.4300,15
44080282025120,12:14:40.282,17.4300,100
44080340724518,12:14:40.340,17.4300,100
44080340724518,12:14:40.340,17.4300,15
44080340724518,12:14:40.340,17.4300,100
44080340724518,12:14:40.340,17.4300,85
44080744284083,12:14:40.744,17.4200,10
44080744284083,12:14:40.744,17.4200,100
44081098373598,12:14:41.098,17.4200,100
44084121147791,12:14:44.121,17.4300,15
44084121147791,12:14:44.121,17.4300,200
44084121147791,12:14:44.121,17.4300,200
44084121147791,12:14:44.121,17.4300,100
44084121147791,12:14:44.121,17.4300,100
44084132926722,12:14:44.132,17.4300,300
44084132926722,12:14:44.132,17.4300,100
44084132926722,12:14:44.132,17.4300,16
44084132926722,12:14:44.132,17.4300,100
44084132926722,12:14:44.132,17.4300,100
44084132926722,12:14:44.132,17.4300,100
44084133856813,12:14:44.133,17.4300,30
44084134876318,12:14:44.134,17.4300,100
44084134876318,12:14:44.134,17.4300,100
44084134876318,12:14:44.134,17.4300,15
44084134876318,12:14:44.134,17.4300,185
44084673404922,12:14:44.673,17.4300,215
44084673404922,12:14:44.673,17.4300,100
44092802295410,12:14:52.802,17.4300,300
44092802295410,12:14:52.802,17.4300,100
44209643078755,12:16:49.643,17.4400,100
44209643078755,12:16:49.643,17.4400,100
44209643078755,12:16:49.643,17.4400,200
44209643078755,12:16:49.643,17.4400,97
44225926452481,12:17:05.926,17.4500,100
44301354683556,12:18:21.354,17.4600,100
44321620791250,12:18:41.620,17.4600,100
44321620791250,12:18:41.620,17.4600,100
44321620791250,12:18:41.620,17.4600,26
44327653617241,12:18:47.653,17.4500,100
44327653681647,12:18:47.653,17.4500,100
44327653704201,12:18:47.653,17.4500,200
44327653704201,12:18:47.653,17.4500,400
44327653704201,12:18:47.653,17.4500,100
44360097035652,12:19:20.097,17.4500,100
44396836156556,12:19:56.836,17.4600,100
44396836156556,12:19:56.836,17.4600,100
44409071858009,12:20:09.071,17.4600,100
44412536345327,12:20:12.536,17.4600,100
44437470436954,12:20:37.470,17.4600,100
44497833789367,12:21:37.833,17.4600,100
44497833789367,12:21:37.833,17.4600,100
44526902126208,12:22:06.902,17.4600,100
44541038109390,12:22:21.038,17.4700,100
44541039485117,12:22:21.039,17.4700,100
44541039485117,12:22:21.039,17.4700,100
44567087814916,12:22:47.087,17.4700,100
44567087814916,12:22:47.087,17.4700,100
44567087814916,12:22:47.087,17.4700,27
44567087814916,12:22:47.087,17.4700,100
44567152463124,12:22:47.152,17.4600,100
44638703070100,12:23:58.703,17.4500,100
44638703136621,12:23:58.703,17.4500,100
44638703136621,12:23:58.703,17.4500,100
44638703136621,12:23:58.703,17.4500,100
44638703136621,12:23:58.703,17.4500,100
44638703578154,12:23:58.703,17.4500,100
44638703578584,12:23:58.703,17.4500,100
44659447248754,12:24:19.447,17.4500,100
44666069877281,12:24:26.069,17.4500,100
44683595913763,12:24:43.595,17.4500,100
44716754623017,12:25:16.754,17.4500,100
44716754685799,12:25:16.754,17.4500,30
44716754685799,12:25:16.754,17.4500,30
44880658707837,12:28:00.658,17.4400,200
44880658707837,12:28:00.658,17.4400,100
44880658707837,12:28:00.658,17.4400,100
44880658707837,12:28:00.658,17.4400,29
44880658707837,12:28:00.658,17.4400,100
44880658707837,12:28:00.658,17.4400,100
44880658707837,12:28:00.658,17.4400,100
44936900668990,12:28:56.900,17.4300,100
44936900698013,12:28:56.900,17.4300,100
44936900698013,12:28:56.900,17.4300,100
44936900698013,12:28:56.900,17.4300,31
44936900698013,12:28:56.900,17.4300,100
44936900698013,12:28:56.900,17.4300,100
44980822158139,12:29:40.822,17.4300,100
44980822158139,12:29:40.822,17.4300,200
44980834087982,12:29:40.834,17.4300,91
44999652374156,12:29:59.652,17.4300,100
45014063022174,12:30:14.063,17.4400,100
45018231086849,12:30:18.231,17.4400,91
45023704489639,12:30:23.704,17.4400,30
45023704924100,12:30:23.704,17.4400,1
45217094124891,12:33:37.094,17.4300,30
45217094124891,12:33:37.094,17.4300,70
45217094163129,12:33:37.094,17.4300,30
45217094163129,12:33:37.094,17.4300,32
45217094163129,12:33:37.094,17.4300,100
45217094163129,12:33:37.094,17.4300,100
45217094163129,12:33:37.094,17.4300,100
45217094163129,12:33:37.094,17.4300,100
45319378760964,12:35:19.378,17.4200,200
45319378760964,12:35:19.378,17.4200,100
45319378760964,12:35:19.378,17.4200,100
45319378791760,12:35:19.378,17.4200,31
45372265586932,12:36:12.265,17.4100,200
45372265586932,12:36:12.265,17.4100,100
45372265586932,12:36:12.265,17.4100,100
45372265586932,12:36:12.265,17.4100,100
45372265586932,12:36:12.265,17.4100,100
45421233005232,12:37:01.233,17.4100,100
45551905603481,12:39:11.905,17.4200,1
45637680349647,12:40:37.680,17.4200,99
45637680349647,12:40:37.680,17.4200,200
45637680349647,12:40:37.680,17.4200,100
45708556085385,12:41:48.556,17.4200,33
45708556085385,12:41:48.556,17.4200,100
45708556085385,12:41:48.556,17.4200,100
45726559873220,12:42:06.559,17.4100,98
45726559976604,12:42:06.559,17.4100,2
45726559976604,12:42:06.559,17.4100,100
45726559976604,12:42:06.559,17.4100,32
45754018252621,12:42:34.018,17.4100,100
45754018252621,12:42:34.018,17.4100,10
46044243379553,12:47:24.243,17.4200,200
46044243379553,12:47:24.243,17.4200,100
46044243379553,12:47:24.243,17.4200,100
46044243379553,12:47:24.243,17.4200,100
46044243379553,12:47:24.243,17.4200,100
46044718422284,12:47:24.718,17.4300,100
46044718422284,12:47:24.718,17.4300,100
46055682476626,12:47:35.682,17.4350,100
46167015736068,12:49:27.015,17.4400,78
46167015736068,12:49:27.015,17.4400,100
46167028324716,12:49:27.028,17.4400,100
46167028324716,12:49:27.028,17.4400,21
46167028324716,12:49:27.028,17.4400,79
46174968279281,12:49:34.968,17.4500,100
46174968279281,12:49:34.968,17.4500,200
46174968279281,12:49:34.968,17.4500,100
46220589042958,12:50:20.589,17.4550,300
46254975322221,12:50:54.975,17.4600,100
46254975322221,12:50:54.975,17.4600,100
46309865851620,12:51:49.865,17.4700,100
46368840443494,12:52:48.840,17.4800,200
46451878349612,12:54:11.878,17.4800,100
46451878349612,12:54:11.878,17.4800,100
46451878349612,12:54:11.878,17.4800,100
46451878349612,12:54:11.878,17.4800,100
46451878349612,12:54:11.878,17.4800,100
46451878349612,12:54:11.878,17.4800,100
46451878379102,12:54:11.878,17.4800,23
46535021286917,12:55:35.021,17.4700,500
46535021286917,12:55:35.021,17.4700,100
46535021286917,12:55:35.021,17.4700,100
46535487056783,12:55:35.487,17.4600,100
46535487056783,12:55:35.487,17.4600,100
46535487056783,12:55:35.487,17.4600,100
46535487602141,12:55:35.487,17.4600,100
46535487602141,12:55:35.487,17.4600,100
46712552504938,12:58:32.552,17.4700,200
46712552504938,12:58:32.552,17.4700,80
46712552504938,12:58:32.552,17.4700,20
46717271288442,12:58:37.271,17.4800,100
46717271288442,12:58:37.271,17.4800,100
46717271288442,12:58:37.271,17.4800,100
46717271288442,12:58:37.271,17.4800,100
46763839434891,12:59:23.839,17.4900,100
46786534840324,12:59:46.534,17.5000,100
46786534840324,12:59:46.534,17.5000,100
46786784989504,12:59:46.784,17.5100,100
46786784989504,12:59:46.784,17.5100,100
46813454366918,13:00:13.454,17.5200,263
46813454394650,13:00:13.454,17.5200,74
46813454397690,13:00:13.454,17.5200,63
46813454397690,13:00:13.454,17.5200,100
46813454397690,13:00:13.454,17.5200,100
46813455798874,13:00:13.455,17.5100,46
46813455824710,13:00:13.455,17.5100,54
46813455824710,13:00:13.455,17.5100,100
46813455824710,13:00:13.455,17.5100,100
46813455824710,13:00:13.455,17.5100,100
46813455824710,13:00:13.455,17.5100,100
46813455824710,13:00:13.455,17.5100,100
46813455824710,13:00:13.455,17.5100,100
46813457924336,13:00:13.457,17.5100,100
46822369532828,13:00:22.369,17.5000,200
46822369532828,13:00:22.369,17.5000,100
46822369532828,13:00:22.369,17.5000,100
46848828504887,13:00:48.828,17.5000,100
46849534407871,13:00:49.534,17.5100,100
46883393373761,13:01:23.393,17.5300,600
47302724358024,13:08:22.724,17.5400,100
47302724358024,13:08:22.724,17.5400,52
47310643835111,13:08:30.643,17.5500,100
47320234062540,13:08:40.234,17.5500,300
47320234062540,13:08:40.234,17.5500,100
47320234062540,13:08:40.234,17.5500,100
47320236428051,13:08:40.236,17.5400,100
47320236428051,13:08:40.236,17.5400,100
47320236428051,13:08:40.236,17.5400,100
47320236428051,13:08:40.236,17.5400,100
47320236428051,13:08:40.236,17.5400,100
47320236428051,13:08:40.236,17.5400,200
47320239391428,13:08:40.239,17.5300,100
47320239391428,13:08:40.239,17.5300,300
47320239391428,13:08:40.239,17.5300,100
47328112363971,13:08:48.112,17.5300,100
47351942934256,13:09:11.942,17.5300,100
47351942934256,13:09:11.942,17.5300,100
47376021405111,13:09:36.021,17.5300,100
47376021405111,13:09:36.021,17.5300,100
47376021405111,13:09:36.021,17.5300,300
47423622320010,13:10:23.622,17.5400,100
47423622320010,13:10:23.622,17.5400,35
47433748097507,13:10:33.748,17.5400,100
47441740009312,13:10:41.740,17.5450,200
47444785757581,13:10:44.785,17.5400,100
47444785757581,13:10:44.785,17.5400,8
47463211964328,13:11:03.211,17.5600,100
47463211964328,13:11:03.211,17.5600,100
47463211964328,13:11:03.211,17.5600,100
47478389275474,13:11:18.389,17.5600,100
47483407778216,13:11:23.407,17.5500,200
47483407778216,13:11:23.407,17.5500,100
47483407778216,13:11:23.407,17.5500,30
47483407778216,13:11:23.407,17.5500,100
47483408270732,13:11:23.408,17.5500,100
47489923384151,13:11:29.923,17.5400,100
47489923892752,13:11:29.923,17.5400,100
47489923892752,13:11:29.923,17.5400,17
47489923892752,13:11:29.923,17.5400,100
47489923892752,13:11:29.923,17.5400,83
47489924114760,13:11:29.924,17.5400,400
47489924114760,13:11:29.924,17.5400,100
47489925825789,13:11:29.925,17.5400,18
47489925825789,13:11:29.925,17.5400,100
47489925825789,13:11:29.925,17.5400,100
47489925825789,13:11:29.925,17.5400,100
47489925825789,13:11:29.925,17.5400,36
47489925825789,13:11:29.925,17.5400,200
47489925825789,13:11:29.925,17.5400,100
47489925825789,13:11:29.925,17.5400,200
47489925825789,13:11:29.925,17.5300,46
47497362261804,13:11:37.362,17.5300,100
47500242849936,13:11:40.242,17.5400,100
47500294464102,13:11:40.294,17.5400,100
47508965439906,13:11:48.965,17.5500,100
47510860459835,13:11:50.860,17.5600,100
47510860459835,13:11:50.860,17.5600,100
47531878102768,13:12:11.878,17.5600,200
47531878102768,13:12:11.878,17.5600,200
47531878102768,13:12:11.878,17.5600,100
47531878102768,13:12:11.878,17.5600,500
47531878600769,13:12:11.878,17.5600,100
47531878600769,13:12:11.878,17.5600,100
47565075674849,13:12:45.075,17.5500,100
47565075674849,13:12:45.075,17.5500,100
47586340388606,13:13:06.340,17.5500,100
47594273069684,13:13:14.273,17.5400,100
47730443151966,13:15:30.443,17.5300,100
47730443151966,13:15:30.443,17.5300,100
47730443151966,13:15:30.443,17.5300,161
47730443151966,13:15:30.443,17.5300,100
47730443151966,13:15:30.443,17.5300,100
47730443582135,13:15:30.443,17.5300,100
47730443582135,13:15:30.443,17.5300,100
47736235216033,13:15:36.235,17.5200,100
47736235216033,13:15:36.235,17.5200,100
47736235216033,13:15:36.235,17.5200,100
47758787000038,13:15:58.787,17.5100,50
47758787000038,13:15:58.787,17.5100,50
47758787025992,13:15:58.787,17.5100,50
47797310986003,13:16:37.310,17.5100,100
47873274971622,13:17:53.274,17.5100,100
47873274971622,13:17:53.274,17.5100,100
47911422828537,13:18:31.422,17.5200,91
47911422931908,13:18:31.422,17.5200,9
47911422931908,13:18:31.422,17.5200,400
47911423701440,13:18:31.423,17.5200,100
47911423701440,13:18:31.423,17.5200,300
47911423701440,13:18:31.423,17.5200,100
47911423771036,13:18:31.423,17.5200,100
47911423771036,13:18:31.423,17.5200,100
47934606529154,13:18:54.606,17.5200,1
47943776188607,13:19:03.776,17.5100,100
47943776188607,13:19:03.776,17.5100,100
47943776188607,13:19:03.776,17.5100,8
47943776188607,13:19:03.776,17.5100,100
47943776188607,13:19:03.776,17.5100,100
47943776188607,13:19:03.776,17.5100,100
47950346993162,13:19:10.346,17.5000,50
47950346993162,13:19:10.346,17.5000,100
47950346993162,13:19:10.346,17.5000,100
47950346993162,13:19:10.346,17.5000,100
47950346993162,13:19:10.346,17.5000,100
48020037070657,13:20:20.037,17.4900,100
48020037070657,13:20:20.037,17.4900,100
48020037070657,13:20:20.037,17.4900,100
48020037070657,13:20:20.037,17.4900,200
48020037070657,13:20:20.037,17.4900,14
48029462841912,13:20:29.462,17.4800,100
48029462841912,13:20:29.462,17.4800,100
48180513328858,13:23:00.513,17.4700,100
48180513571155,13:23:00.513,17.4700,100
48180513571155,13:23:00.513,17.4700,14
48180513571155,13:23:00.513,17.4700,200
48209463845998,13:23:29.463,17.4600,399
48209463845998,13:23:29.463,17.4600,10
48209465405619,13:23:29.465,17.4700,400
48261327744572,13:24:21.327,17.4700,200
48261327744572,13:24:21.327,17.4700,100
48274062480232,13:24:34.062,17.4800,100
48339158460079,13:25:39.158,17.4900,100
48364326267610,13:26:04.326,17.5000,100
48459993724598,13:27:39.993,17.5100,100
48488549611590,13:28:08.549,17.5100,100
48488549611590,13:28:08.549,17.5100,100
48488549642587,13:28:08.549,17.5100,24
48488549642587,13:28:08.549,17.5100,100
48488549642587,13:28:08.549,17.5100,100
48503771665323,13:28:23.771,17.5100,42
48503771703636,13:28:23.771,17.5100,58
48503771703636,13:28:23.771,17.5100,100
48503771703636,13:28:23.771,17.5100,100
48595710089346,13:29:55.710,17.5100,100
48595710089346,13:29:55.710,17.5100,99
48595710202805,13:29:55.710,17.5100,1
48595710202805,13:29:55.710,17.5100,99
48595711363815,13:29:55.711,17.5100,1
48618437073297,13:30:18.437,17.5100,100
48712168834490,13:31:52.168,17.5100,100
48712168834490,13:31:52.168,17.5100,5
48712168834490,13:31:52.168,17.5100,100
48712168834490,13:31:52.168,17.5100,1
48712168834490,13:31:52.168,17.5100,100
48798819991016,13:33:18.819,17.5100,100
48840796873730,13:34:00.796,17.5200,100
48849641409591,13:34:09.641,17.5300,1
48849641409591,13:34:09.641,17.5300,100
48852232584320,13:34:12.232,17.5400,16
48852232584320,13:34:12.232,17.5400,100
48852232584320,13:34:12.232,17.5400,100
48852232584320,13:34:12.232,17.5400,184
48852232651528,13:34:12.232,17.5400,116
48885532840103,13:34:45.532,17.5400,100
48885532840103,13:34:45.532,17.5400,9
48885532840103,13:34:45.532,17.5400,100
48885532840103,13:34:45.532,17.5400,100
48885532840103,13:34:45.532,17.5400,100
48885532840103,13:34:45.532,17.5400,300
48885532840103,13:34:45.532,17.5400,100
48892068749695,13:34:52.068,17.5300,100
48892068749695,13:34:52.068,17.5300,100
48892068749695,13:34:52.068,17.5300,100
48892068749695,13:34:52.068,17.5300,100
48892069022914,13:34:52.069,17.5300,82
48892069022914,13:34:52.069,17.5300,100
48892069022914,13:34:52.069,17.5300,100
48892069022914,13:34:52.069,17.5300,100
48980976154895,13:36:20.976,17.5300,2
49055296354153,13:37:35.296,17.5300,100
49055296354153,13:37:35.296,17.5300,100
49055296354153,13:37:35.296,17.5300,100
49062111922216,13:37:42.111,17.5200,200
49062111922216,13:37:42.111,17.5200,100
49062111922216,13:37:42.111,17.5200,100
49071079438376,13:37:51.079,17.5100,100
49071079438376,13:37:51.079,17.5100,100
49071079438376,13:37:51.079,17.5100,100
49071079438376,13:37:51.079,17.5100,100
49071637026393,13:37:51.637,17.5000,100
49071638142684,13:37:51.638,17.5000,100
49071638142684,13:37:51.638,17.5000,100
49071638142684,13:37:51.638,17.5000,100
49089356970925,13:38:09.356,17.5100,100
49100710613552,13:38:20.710,17.5200,100
49100710613552,13:38:20.710,17.5200,100
49100710613552,13:38:20.710,17.5200,100
49113906251579,13:38:33.906,17.5200,5
49113906251579,13:38:33.906,17.5200,6
49118798559442,13:38:38.798,17.5200,100
49121025867976,13:38:41.025,17.5300,295
49121026599325,13:38:41.026,17.5300,5
49121026599325,13:38:41.026,17.5300,100
49159677976375,13:39:19.677,17.5400,100
49163652644232,13:39:23.652,17.5400,100
49163652644232,13:39:23.652,17.5400,300
49188581610365,13:39:48.581,17.5400,100
49188581610365,13:39:48.581,17.5300,100
49188581610365,13:39:48.581,17.5300,100
49211567242126,13:40:11.567,17.5300,100
49211567242126,13:40:11.567,17.5300,80
49211567242126,13:40:11.567,17.5300,100
49211567242126,13:40:11.567,17.5300,6
49211567242126,13:40:11.567,17.5300,100
49218333939743,13:40:18.333,17.5200,100
49218333939743,13:40:18.333,17.5200,100
49218333939743,13:40:18.333,17.5200,100
49218336137803,13:40:18.336,17.5100,100
49218336137803,13:40:18.336,17.5100,100
49218336137803,13:40:18.336,17.5100,100
49219976757820,13:40:19.976,17.5100,100
49219976757820,13:40:19.976,17.5100,6
49226062524829,13:40:26.062,17.5100,100
49226163463985,13:40:26.163,17.5100,100
49227219439649,13:40:27.219,17.5100,100
49227219439649,13:40:27.219,17.5100,100
49227219439649,13:40:27.219,17.5100,100
49227219439649,13:40:27.219,17.5100,100
49227219439649,13:40:27.219,17.5100,100
49308342215164,13:41:48.342,17.5100,100
49308342215164,13:41:48.342,17.5100,100
49318429793754,13:41:58.429,17.5000,100
49318429793754,13:41:58.429,17.5000,200
49318429793754,13:41:58.429,17.5000,100
49318432665603,13:41:58.432,17.4900,200
49318432665603,13:41:58.432,17.4900,100
49318432665603,13:41:58.432,17.4900,100
49318432665603,13:41:58.432,17.4900,100
49318466973501,13:41:58.466,17.4900,147
49318467002869,13:41:58.467,17.4900,319
49318467002869,13:41:58.467,17.4900,100
49318467039661,13:41:58.467,17.4900,137
49324077844963,13:42:04.077,17.5000,9
49372039284917,13:42:52.039,17.5000,100
49372039284917,13:42:52.039,17.5000,100
49372039397426,13:42:52.039,17.5000,100
49570075803577,13:46:10.075,17.5100,75
49570075889849,13:46:10.075,17.5100,25
49570075889849,13:46:10.075,17.5100,100
49700819104019,13:48:20.819,17.5200,100
49700819104019,13:48:20.819,17.5200,100
49700819104019,13:48:20.819,17.5200,100
49700819104019,13:48:20.819,17.5200,200
49701607354607,13:48:21.607,17.5300,100
49714373123649,13:48:34.373,17.5300,100
49714373123649,13:48:34.373,17.5300,7
49714373123649,13:48:34.373,17.5300,100
49725107662731,13:48:45.107,17.5200,100
49725107662731,13:48:45.107,17.5200,100
49770028393022,13:49:30.028,17.5200,1
49841405709292,13:50:41.405,17.5300,100
49954818508176,13:52:34.818,17.5500,100
49954818508176,13:52:34.818,17.5500,4
49955450171165,13:52:35.450,17.5700,100
49964049499696,13:52:44.049,17.5700,100
49964049499696,13:52:44.049,17.5700,100
49976254015630,13:52:56.254,17.5700,100
49976254015630,13:52:56.254,17.5700,60
49976254015630,13:52:56.254,17.5700,100
49976254015630,13:52:56.254,17.5700,40
49985086032848,13:53:05.086,17.5750,400
50048765383955,13:54:08.765,17.5800,16
50078762585528,13:54:38.762,17.5800,100
50078762585528,13:54:38.762,17.5800,300
50078762585528,13:54:38.762,17.5800,100
50082814652764,13:54:42.814,17.5800,100
50083660545286,13:54:43.660,17.5800,160
50130796400242,13:55:30.796,17.5700,100
50130796400242,13:55:30.796,17.5700,200
50153947860604,13:55:53.947,17.5700,100
50183315431073,13:56:23.315,17.5600,400
50183315431073,13:56:23.315,17.5600,200
50231231784998,13:57:11.231,17.5500,100
50231231784998,13:57:11.231,17.5500,100
50331667627075,13:58:51.667,17.5400,100
50331667627075,13:58:51.667,17.5400,74
50331667639411,13:58:51.667,17.5400,26
50331667639411,13:58:51.667,17.5400,65
50331667669748,13:58:51.667,17.5400,35
50331667669748,13:58:51.667,17.5400,60
50331667670698,13:58:51.667,17.5400,40
50331667670698,13:58:51.667,17.5400,100
50331788145215,13:58:51.788,17.5400,50
50338000239310,13:58:58.000,17.5300,70
50338001328339,13:58:58.001,17.5300,30
50340007729095,13:59:00.007,17.5300,90
50340007780340,13:59:00.007,17.5300,4
50340059801779,13:59:00.059,17.5300,100
50341245313244,13:59:01.245,17.5300,100
50366742024240,13:59:26.742,17.5500,300
50371332423512,13:59:31.332,17.5600,400
50371334767691,13:59:31.334,17.5600,100
50371335047244,13:59:31.335,17.5600,200
50378540822931,13:59:38.540,17.5500,100
50378540822931,13:59:38.540,17.5500,100
50397313156090,13:59:57.313,17.5700,100
50403207408214,14:00:03.207,17.5900,21
50403207803434,14:00:03.207,17.5900,100
50403208124184,14:00:03.208,17.5900,100
50403208124184,14:00:03.208,17.5900,200
50403208823620,14:00:03.208,17.5800,100
50407776263817,14:00:07.776,17.5900,69
50407776270950,14:00:07.776,17.5900,31
50407781644579,14:00:07.781,17.6000,100
50407782115748,14:00:07.782,17.6000,200
50407782115748,14:00:07.782,17.6000,200
50407782115748,14:00:07.782,17.5900,100
50409485747716,14:00:09.485,17.5900,106
50409485747716,14:00:09.485,17.5700,200
50409486467319,14:00:09.486,17.5800,93
50409486478666,14:00:09.486,17.5800,33
50409486485357,14:00:09.486,17.5800,74
50409486485357,14:00:09.486,17.5800,50
50409486504639,14:00:09.486,17.5800,130
50409486536775,14:00:09.486,17.5800,720
50409486762656,14:00:09.486,17.5900,100
50409488105875,14:00:09.488,17.5900,100
50409488108710,14:00:09.488,17.5900,100
50409488108710,14:00:09.488,17.5900,100
50409489038987,14:00:09.489,17.5800,127
50413010504637,14:00:13.010,17.5800,116
50413010504637,14:00:13.010,17.5800,84
50413010696872,14:00:13.010,17.5800,16
50413137311188,14:00:13.137,17.6000,100
50415333797394,14:00:15.333,17.5800,100
50422763059584,14:00:22.763,17.5800,171
50422823322145,14:00:22.823,17.5800,29
50423345551667,14:00:23.345,17.5800,142
50423637081917,14:00:23.637,17.5800,100
50445040483902,14:00:45.040,17.5800,100
50447461015609,14:00:47.461,17.5700,100
50447523767185,14:00:47.523,17.5600,3
50447596056616,14:00:47.596,17.5600,3
50452610772022,14:00:52.610,17.5800,100
50463428311898,14:01:03.428,17.5900,100
50537240233279,14:02:17.240,17.5900,3
50537898420191,14:02:17.898,17.6000,5
50537898991019,14:02:17.898,17.5900,180
50594652681564,14:03:14.652,17.6100,100
50598993549596,14:03:18.993,17.6300,6
50598993549596,14:03:18.993,17.6300,300
50660898874817,14:04:20.898,17.6400,6
50660929764228,14:04:20.929,17.6400,46
50660929764228,14:04:20.929,17.6400,54
50673272346729,14:04:33.272,17.6500,25
50700972368775,14:05:00.972,17.6600,100
50712585031047,14:05:12.585,17.6800,100
50712585031047,14:05:12.585,17.6800,200
50712585667040,14:05:12.585,17.6800,100
50722539086345,14:05:22.539,17.6800,300
50722539086345,14:05:22.539,17.6800,100
50722549571867,14:05:22.549,17.6900,100
50722565625503,14:05:22.565,17.6800,100
50722587068588,14:05:22.587,17.7000,50
50749325369317,14:05:49.325,17.6800,100
50749325369317,14:05:49.325,17.6800,100
50749332850294,14:05:49.332,17.6900,100
50749333264978,14:05:49.333,17.6900,100
50749333290606,14:05:49.333,17.6900,100
50749333321752,14:05:49.333,17.6900,100
50863576504081,14:07:43.576,17.6800,100
50863576504081,14:07:43.576,17.6800,100
50863576504081,14:07:43.576,17.6800,100
50863576504081,14:07:43.576,17.6800,19
50863576505340,14:07:43.576,17.6800,81
50863576505340,14:07:43.576,17.6800,48
50863576511702,14:07:43.576,17.6800,52
50863576511702,14:07:43.576,17.6800,129
50863576653880,14:07:43.576,17.6800,71
50863576653880,14:07:43.576,17.6800,429
50863577611335,14:07:43.577,17.6800,31
50863577836865,14:07:43.577,17.6800,69
50863577836865,14:07:43.577,17.6800,31
50863588461235,14:07:43.588,17.6800,100
50874562598107,14:07:54.562,17.6700,100
50874562598107,14:07:54.562,17.6700,100
50874562598107,14:07:54.562,17.6700,100
50874563888329,14:07:54.563,17.6700,3
50876063002245,14:07:56.063,17.6800,14
50876396190799,14:07:56.396,17.6700,97
50880809032200,14:08:00.809,17.6700,200
50902101265735,14:08:22.101,17.6700,100
50904063187521,14:08:24.063,17.6700,100
50904597589410,14:08:24.597,17.6700,100
50928319239504,14:08:48.319,17.6700,4
50928319239504,14:08:48.319,17.6700,40
50956253681725,14:09:16.253,17.6800,20
50959694988313,14:09:19.694,17.6900,100
50959694988313,14:09:19.694,17.6900,100
50964901191192,14:09:24.901,17.7000,6
50964901191192,14:09:24.901,17.7000,40
50964901995414,14:09:24.901,17.6900,200
50976166132962,14:09:36.166,17.6800,100
50976166361416,14:09:36.166,17.6800,1
51001909391373,14:10:01.909,17.6650,100
51033781580109,14:10:33.781,17.6600,50
51033781607503,14:10:33.781,17.6600,50
51033781607503,14:10:33.781,17.6600,100
51040667560041,14:10:40.667,17.6500,100
51057041307866,14:10:57.041,17.6500,24
51057041307866,14:10:57.041,17.6500,100
51058216039162,14:10:58.216,17.6600,100
51060891141341,14:11:00.891,17.6700,100
51089116128198,14:11:29.116,17.6800,100
51091316387423,14:11:31.316,17.6800,100
51117248532611,14:11:57.248,17.6800,100
51131774666004,14:12:11.774,17.6900,100
51131774679444,14:12:11.774,17.6900,23
51131774679444,14:12:11.774,17.6900,100
51131774680397,14:12:11.774,17.6900,123
51131774720906,14:12:11.774,17.6900,123
51131774738826,14:12:11.774,17.6900,54
51137988930118,14:12:17.988,17.6900,100
51137988930118,14:12:17.988,17.6900,100
51137988930118,14:12:17.988,17.6900,100
51163951390267,14:12:43.951,17.6900,100
51200447226388,14:13:20.447,17.7000,200
51200447226388,14:13:20.447,17.7000,100
51213526045785,14:13:33.526,17.7000,300
51214477708591,14:13:34.477,17.7000,100
51215050331079,14:13:35.050,17.7100,100
51215050331079,14:13:35.050,17.7100,100
51216488659189,14:13:36.488,17.7100,100
51219882375900,14:13:39.882,17.7100,100
51219882375900,14:13:39.882,17.7100,100
51219883315827,14:13:39.883,17.7100,400
51219883315827,14:13:39.883,17.7100,200
51219883315827,14:13:39.883,17.7100,100
51219883315827,14:13:39.883,17.7100,10
51219883315827,14:13:39.883,17.7100,100
51219883315827,14:13:39.883,17.7100,100
51219883315827,14:13:39.883,17.7100,100
51219883315827,14:13:39.883,17.7100,100
51256388976793,14:14:16.388,17.7100,100
51256389089032,14:14:16.389,17.7100,3
51256390051769,14:14:16.390,17.7100,55
51256391029973,14:14:16.391,17.7100,42
51256391029973,14:14:16.391,17.7100,100
51256391029973,14:14:16.391,17.7100,25
51273005060044,14:14:33.005,17.7300,100
51273005060044,14:14:33.005,17.7300,20
51273005574778,14:14:33.005,17.7300,100
51277797672462,14:14:37.797,17.7300,6
51277797672462,14:14:37.797,17.7300,100
51288940339376,14:14:48.940,17.7400,100
51288940339376,14:14:48.940,17.7400,100
51288940339376,14:14:48.940,17.7400,200
51300160000857,14:15:00.160,17.7300,39
51300161111641,14:15:00.161,17.7300,61
51300161111641,14:15:00.161,17.7300,100
51300161111641,14:15:00.161,17.7300,100
51300161111641,14:15:00.161,17.7300,39
51300161297764,14:15:00.161,17.7300,61
51300161297764,14:15:00.161,17.7300,71
51300161323113,14:15:00.161,17.7300,29
51300193677441,14:15:00.193,17.7200,100
51300193677441,14:15:00.193,17.7200,100
51300193677441,14:15:00.193,17.7200,100
51300193677441,14:15:00.193,17.7200,1200
51300200874150,14:15:00.200,17.7200,100
51302857089419,14:15:02.857,17.7100,11
51305861146541,14:15:05.861,17.7200,200
51307010621915,14:15:07.010,17.7200,42
51307010668585,14:15:07.010,17.7200,100
51307010724273,14:15:07.010,17.7200,58
51307125512932,14:15:07.125,17.7100,100
51307185037160,14:15:07.185,17.7100,100
51307185037160,14:15:07.185,17.7100,10
51307185037160,14:15:07.185,17.7100,90
51307185664414,14:15:07.185,17.7100,10
51307232426542,14:15:07.232,17.7100,100
51307232426542,14:15:07.232,17.7100,100
51307232426542,14:15:07.232,17.7100,100
51307232426542,14:15:07.232,17.7100,200
51308594450503,14:15:08.594,17.7100,100
51308594901322,14:15:08.594,17.7100,100
51330140829370,14:15:30.140,17.7100,200
51330140829370,14:15:30.140,17.7100,100
51330140829370,14:15:30.140,17.7100,1
51348175432830,14:15:48.175,17.7100,100
51356129875781,14:15:56.129,17.7100,100
51368014637791,14:16:08.014,17.7100,6
51368052545194,14:16:08.052,17.7100,26
51368052545194,14:16:08.052,17.7100,74
51388238455495,14:16:28.238,17.7200,81
51388238455495,14:16:28.238,17.7200,119
51388238488541,14:16:28.238,17.7200,52
51431188392405,14:17:11.188,17.7400,100
51431188392405,14:17:11.188,17.7400,200
51431188392405,14:17:11.188,17.7400,100
51431188392405,14:17:11.188,17.7400,100
51431358432263,14:17:11.358,17.7300,776
51431358461081,14:17:11.358,17.7300,424
51431358461081,14:17:11.358,17.7300,100
51431358461081,14:17:11.358,17.7300,100
51431359609798,14:17:11.359,17.7300,100
51436111973488,14:17:16.111,17.7200,100
51436111973488,14:17:16.111,17.7200,21
51436112004451,14:17:16.112,17.7200,79
51436112004451,14:17:16.112,17.7200,45
51436112019835,14:17:16.112,17.7200,38
51436112066657,14:17:16.112,17.7200,177
51437264249954,14:17:17.264,17.7100,100
51437264461696,14:17:17.264,17.7100,100
51437273326666,14:17:17.273,17.7100,100
51437273326666,14:17:17.273,17.7100,100
51437273326666,14:17:17.273,17.7100,100
51437274544303,14:17:17.274,17.7100,100
51437496108965,14:17:17.496,17.7100,100
51447817802644,14:17:27.817,17.7200,177
51447817802644,14:17:27.817,17.7200,200
51449619129233,14:17:29.619,17.7200,100
51449619129233,14:17:29.619,17.7200,100
51449619129233,14:17:29.619,17.7200,70
51449619129233,14:17:29.619,17.7200,30
51449917611215,14:17:29.917,17.7300,51
51449979978008,14:17:29.979,17.7200,100
51449980674913,14:17:29.980,17.7200,100
51454364223550,14:17:34.364,17.7100,100
51454372061066,14:17:34.372,17.7000,100
51460495538326,14:17:40.495,17.7000,100
51460497013373,14:17:40.497,17.6900,100
51460497013373,14:17:40.497,17.6900,100
51462997514117,14:17:42.997,17.6800,100
51463370965442,14:17:43.370,17.6800,100
51463370965442,14:17:43.370,17.6800,75
51463370973391,14:17:43.370,17.6800,25
51466765550873,14:17:46.765,17.6800,100
51466765550873,14:17:46.765,17.6800,100
51466765550873,14:17:46.765,17.6800,100
51466765550873,14:17:46.765,17.6800,100
51466766388673,14:17:46.766,17.6800,100
51466766388673,14:17:46.766,17.6800,100
51466766388673,14:17:46.766,17.6800,100
51466766388673,14:17:46.766,17.6800,100
51466766388673,14:17:46.766,17.6800,100
51466780666182,14:17:46.780,17.6750,100
51468701605453,14:17:48.701,17.6800,60
51474100479632,14:17:54.100,17.6750,100
51544761387323,14:19:04.761,17.6900,100
51544761502582,14:19:04.761,17.6900,200
51593431716418,14:19:53.431,17.6900,149
51593431716418,14:19:53.431,17.6900,100
51593952550135,14:19:53.952,17.6800,4
51595325273889,14:19:55.325,17.6800,100
51608860004843,14:20:08.860,17.6900,17
51624421800694,14:20:24.421,17.6900,100
51624421800694,14:20:24.421,17.6900,100
51624421800694,14:20:24.421,17.6900,100
51654008988605,14:20:54.008,17.6900,100
51654008988605,14:20:54.008,17.6900,89
51654008999355,14:20:54.008,17.6900,11
51654008999355,14:20:54.008,17.6900,100
51654008999355,14:20:54.008,17.6900,100
51691735737103,14:21:31.735,17.7000,43
51705300341035,14:21:45.300,17.7000,457
51705300341035,14:21:45.300,17.7000,100
51710024186869,14:21:50.024,17.7100,100
51723351754388,14:22:03.351,17.7200,100
51723351754388,14:22:03.351,17.7200,100
51742128933557,14:22:22.128,17.7200,100
51742129640780,14:22:22.129,17.7200,5
51750408072216,14:22:30.408,17.7100,100
51750408072216,14:22:30.408,17.7100,100
51750408105019,14:22:30.408,17.7100,200
51790991310344,14:23:10.991,17.7100,100
51790991310344,14:23:10.991,17.7100,100
51796854097015,14:23:16.854,17.7100,100
51803648013423,14:23:23.648,17.7100,28
51857842649012,14:24:17.842,17.7100,100
51857842649012,14:24:17.842,17.7100,91
51857842690029,14:24:17.842,17.7100,9
51857842690029,14:24:17.842,17.7100,100
51861686468211,14:24:21.686,17.7100,100
51861686468211,14:24:21.686,17.7100,100
51861686468211,14:24:21.686,17.7100,100
51862920066531,14:24:22.920,17.7100,6
51862920066531,14:24:22.920,17.7100,94
51864451101411,14:24:24.451,17.7100,6
51907324803731,14:25:07.324,17.7100,100
51945954457005,14:25:45.954,17.7100,4
51971822476853,14:26:11.822,17.7000,110
51971822480195,14:26:11.822,17.7000,90
51971822480195,14:26:11.822,17.7000,39
51998795879589,14:26:38.795,17.7000,100
51998795879589,14:26:38.795,17.7000,200
51998795879589,14:26:38.795,17.7000,100
52013596087452,14:26:53.596,17.6900,50
52013596087452,14:26:53.596,17.6900,100
52058574298201,14:27:38.574,17.6800,100
52058574298201,14:27:38.574,17.6800,100
52089994124345,14:28:09.994,17.6700,100
52089994124345,14:28:09.994,17.6700,100
52089994124345,14:28:09.994,17.6700,100
52139501292699,14:28:59.501,17.6700,100
52139501292699,14:28:59.501,17.6700,6
52139501292699,14:28:59.501,17.6700,200
52143597085388,14:29:03.597,17.6800,200
52143597085388,14:29:03.597,17.6800,87
52143597086184,14:29:03.597,17.6800,113
52143597086184,14:29:03.597,17.6800,16
52143603371525,14:29:03.603,17.6800,84
52154805391106,14:29:14.805,17.6800,300
52202746366835,14:30:02.746,17.6700,100
52202746366835,14:30:02.746,17.6700,100
52204778530646,14:30:04.778,17.6600,100
52210283074761,14:30:10.283,17.6600,100
52210334570117,14:30:10.334,17.6600,100
52213774053855,14:30:13.774,17.6600,3
52232184063210,14:30:32.184,17.6600,97
52232184063210,14:30:32.184,17.6600,252
52265145668157,14:31:05.145,17.6600,100
52265145668157,14:31:05.145,17.6600,100
52265145668157,14:31:05.145,17.6600,100
52275184121317,14:31:15.184,17.6600,6
52275187746626,14:31:15.187,17.6600,60
52280641443355,14:31:20.641,17.6600,40
52280641443355,14:31:20.641,17.6600,60
52309486590035,14:31:49.486,17.6600,100
52309486590035,14:31:49.486,17.6600,95
52309486638618,14:31:49.486,17.6600,5
52317250194438,14:31:57.250,17.6500,100
52317250194438,14:31:57.250,17.6500,4
52317250196719,14:31:57.250,17.6500,96
52317250196719,14:31:57.250,17.6500,100
52317250196719,14:31:57.250,17.6500,100
52317250196719,14:31:57.250,17.6500,4
52317250200029,14:31:57.250,17.6500,196
52320057236506,14:32:00.057,17.6500,4
52320058513842,14:32:00.058,17.6500,96
52345269879145,14:32:25.269,17.6600,73
52346667795553,14:32:26.667,17.6600,100
52433359662536,14:33:53.359,17.6600,200
52433359662536,14:33:53.359,17.6600,200
52433359662536,14:33:53.359,17.6600,29
52436270475885,14:33:56.270,17.6600,100
52436270475885,14:33:56.270,17.6600,100
52436270475885,14:33:56.270,17.6600,100
52436270475885,14:33:56.270,17.6600,104
52436270475885,14:33:56.270,17.6600,96
52436270574560,14:33:56.270,17.6600,4
52441358791679,14:34:01.358,17.6600,100
52441410248199,14:34:01.410,17.6600,100
52441410248199,14:34:01.410,17.6600,51
52448899956156,14:34:08.899,17.6600,100
52448906345397,14:34:08.906,17.6600,43
52455010557494,14:34:15.010,17.6600,6
52466624138044,14:34:26.624,17.6600,37
52486268015745,14:34:46.268,17.6600,100
52486268015745,14:34:46.268,17.6600,10
52486268015745,14:34:46.268,17.6600,100
52486268015745,14:34:46.268,17.6600,100
52486268015745,14:34:46.268,17.6600,90
52486268132654,14:34:46.268,17.6600,10
52486283801527,14:34:46.283,17.6500,200
52486283801527,14:34:46.283,17.6500,200
52486283801527,14:34:46.283,17.6500,100
52486283801527,14:34:46.283,17.6500,100
52486283801527,14:34:46.283,17.6500,100
52491145802282,14:34:51.145,17.6500,100
52491152997818,14:34:51.152,17.6500,26
52491152997818,14:34:51.152,17.6500,100
52491152997818,14:34:51.152,17.6500,100
52491152997818,14:34:51.152,17.6500,100
52491152997818,14:34:51.152,17.6500,100
52491152997818,14:34:51.152,17.6500,74
52491153329970,14:34:51.153,17.6500,26
52496930694682,14:34:56.930,17.6500,100
52496930694682,14:34:56.930,17.6500,100
52558018092742,14:35:58.018,17.6500,183
52558018095337,14:35:58.018,17.6500,117
52558018095337,14:35:58.018,17.6500,5
52558018097026,14:35:58.018,17.6500,95
52558018097026,14:35:58.018,17.6500,26
52558018173683,14:35:58.018,17.6500,74
52558018173683,14:35:58.018,17.6500,100
52564233722397,14:36:04.233,17.6400,100
52564233722397,14:36:04.233,17.6400,94
52564233750556,14:36:04.233,17.6400,6
52564233750556,14:36:04.233,17.6400,15
52564235258152,14:36:04.235,17.6400,100
52564235258152,14:36:04.235,17.6400,100
52564272007086,14:36:04.272,17.6400,100
52572377763776,14:36:12.377,17.6200,40
52572378543209,14:36:12.378,17.6200,60
52578970061900,14:36:18.970,17.6300,100
52578970061900,14:36:18.970,17.6300,100
52578970061900,14:36:18.970,17.6300,200
52629372665902,14:37:09.372,17.6400,100
52629372665902,14:37:09.372,17.6400,100
52644085670730,14:37:24.085,17.6500,30
52644085760905,14:37:24.085,17.6500,100
52644092936609,14:37:24.092,17.6500,400
52644092936609,14:37:24.092,17.6500,100
52644092936609,14:37:24.092,17.6500,100
52644092936609,14:37:24.092,17.6500,100
52644092936609,14:37:24.092,17.6500,100
52644092936609,14:37:24.092,17.6500,100
52644092936609,14:37:24.092,17.6500,200
52644096084969,14:37:24.096,17.6400,100
52678441761619,14:37:58.441,17.6400,100
52678441761619,14:37:58.441,17.6400,100
52678441788721,14:37:58.441,17.6400,177
52685313117869,14:38:05.313,17.6500,100
52685313117869,14:38:05.313,17.6500,200
52693036647213,14:38:13.036,17.6500,100
52696946835195,14:38:16.946,17.6500,100
52696946835195,14:38:16.946,17.6500,100
52696946835195,14:38:16.946,17.6500,25
52696948357059,14:38:16.948,17.6500,75
52696948357059,14:38:16.948,17.6500,100
52710914510680,14:38:30.914,17.6500,100
52728207693261,14:38:48.207,17.6600,42
52728208546590,14:38:48.208,17.6600,100
52728287629383,14:38:48.287,17.6600,100
52728287629383,14:38:48.287,17.6600,100
52734885027766,14:38:54.885,17.6600,20
52734885072175,14:38:54.885,17.6600,10
52734885072175,14:38:54.885,17.6600,100
52734885072175,14:38:54.885,17.6600,100
52734895118805,14:38:54.895,17.6500,100
52734895118805,14:38:54.895,17.6500,100
52734895118805,14:38:54.895,17.6500,100
52734918289889,14:38:54.918,17.6500,20
52734918737514,14:38:54.918,17.6500,20
52744534660040,14:39:04.534,17.6500,100
52750119708915,14:39:10.119,17.6500,20
52763966051420,14:39:23.966,17.6400,100
52763966091826,14:39:23.966,17.6400,100
52763966121212,14:39:23.966,17.6400,100
52763966121212,14:39:23.966,17.6400,100
52763966121212,14:39:23.966,17.6400,14
52763966121212,14:39:23.966,17.6400,100
52763966121212,14:39:23.966,17.6400,20
52764015291884,14:39:24.015,17.6300,100
52849040269221,14:40:49.040,17.6300,100
52849040269221,14:40:49.040,17.6300,200
52849040269221,14:40:49.040,17.6300,19
52849040269221,14:40:49.040,17.6300,100
52849040269221,14:40:49.040,17.6300,20
52849040269221,14:40:49.040,17.6300,61
52849040301248,14:40:49.040,17.6300,39
52893431689866,14:41:33.431,17.6300,100
52893432222832,14:41:33.432,17.6300,100
52895762748643,14:41:35.762,17.6300,100
52895762748643,14:41:35.762,17.6300,200
52895762748643,14:41:35.762,17.6300,100
52895762748643,14:41:35.762,17.6300,100
52895762967943,14:41:35.762,17.6300,100
52895762967943,14:41:35.762,17.6300,100
52895762967943,14:41:35.762,17.6300,100
52899282322800,14:41:39.282,17.6400,100
52899282322800,14:41:39.282,17.6400,100
52930131376971,14:42:10.131,17.6300,100
52930131447942,14:42:10.131,17.6300,100
52930131516460,14:42:10.131,17.6300,100
52930131742322,14:42:10.131,17.6300,100
52930131829818,14:42:10.131,17.6300,40
52930131863401,14:42:10.131,17.6300,6
52930131906469,14:42:10.131,17.6300,1
52930132263798,14:42:10.132,17.6300,53
52930132263798,14:42:10.132,17.6300,22
52930132263798,14:42:10.132,17.6300,100
52932391863928,14:42:12.391,17.6300,100
52936262399304,14:42:16.262,17.6400,49
52936262399304,14:42:16.262,17.6400,100
52950002762979,14:42:30.002,17.6400,100
52950002762979,14:42:30.002,17.6400,200
52950002762979,14:42:30.002,17.6400,100
52995074083754,14:43:15.074,17.6300,73
52995074169404,14:43:15.074,17.6300,122
52995074299025,14:43:15.074,17.6300,5
52995074299025,14:43:15.074,17.6300,100
52995074299025,14:43:15.074,17.6300,149
52995074299025,14:43:15.074,17.6300,100
53015986328067,14:43:35.986,17.6300,82
53026007223609,14:43:46.007,17.6400,100
53026007223609,14:43:46.007,17.6400,100
53026007223609,14:43:46.007,17.6400,200
53027676960108,14:43:47.676,17.6400,86
53027676960108,14:43:47.676,17.6400,14
53027678143027,14:43:47.678,17.6400,86
53067240880349,14:44:27.240,17.6500,100
53078767683226,14:44:38.767,17.6600,100
53078768496957,14:44:38.768,17.6600,100
53078768496957,14:44:38.768,17.6600,300
53078768496957,14:44:38.768,17.6600,100
53078768496957,14:44:38.768,17.6600,100
53078768496957,14:44:38.768,17.6600,100
53078768496957,14:44:38.768,17.6600,100
53078768496957,14:44:38.768,17.6600,100
53078768496957,14:44:38.768,17.6600,100
53078768496957,14:44:38.768,17.6600,100
53078768496957,14:44:38.768,17.6600,100
53156389914614,14:45:56.389,17.6600,100
53156389914614,14:45:56.389,17.6600,49
53160188730521,14:46:00.188,17.6700,100
53160485697744,14:46:00.485,17.6700,100
53188337308032,14:46:28.337,17.6800,118
53188337308032,14:46:28.337,17.6800,4
53214558542147,14:46:54.558,17.7000,100
53228475149203,14:47:08.475,17.7100,65
53228475177102,14:47:08.475,17.7100,243
53228476194204,14:47:08.476,17.7100,200
53228476246608,14:47:08.476,17.7100,3492
53228476246608,14:47:08.476,17.7100,200
53228476246608,14:47:08.476,17.7100,100
53240399495414,14:47:20.399,17.7200,14
53240399992821,14:47:20.399,17.7200,86
53240452620074,14:47:20.452,17.7200,100
53245325587600,14:47:25.325,17.7100,100
53245325587600,14:47:25.325,17.7100,200
53245325663237,14:47:25.325,17.7100,200
53245325663237,14:47:25.325,17.7100,100
53245325663237,14:47:25.325,17.7100,100
53245325663237,14:47:25.325,17.7100,100
53245325663237,14:47:25.325,17.7100,200
53245325663237,14:47:25.325,17.7100,100
53297288712699,14:48:17.288,17.7000,200
53297288776132,14:48:17.288,17.7000,129
53297289530545,14:48:17.289,17.7000,71
53297289530545,14:48:17.289,17.7000,29
53297289751061,14:48:17.289,17.7000,71
53297289751061,14:48:17.289,17.7000,29
53297289842990,14:48:17.289,17.7000,71
53308816724379,14:48:28.816,17.7000,3
53308816724379,14:48:28.816,17.7000,200
53332395275790,14:48:52.395,17.7100,76
53332395300306,14:48:52.395,17.7100,24
53335773448720,14:48:55.773,17.7100,100
53408572325864,14:50:08.572,17.7000,96
53413640141024,14:50:13.640,17.7000,4
53413640141024,14:50:13.640,17.7000,100
53413640141024,14:50:13.640,17.7000,31
53413640229945,14:50:13.640,17.7000,69
53413640229945,14:50:13.640,17.7000,31
53413640669587,14:50:13.640,17.7000,2
53414999363630,14:50:14.999,17.7000,67
53415414305848,14:50:15.414,17.7000,5
53424839051275,14:50:24.839,17.7000,100
53424839051275,14:50:24.839,17.7000,100
53424839051275,14:50:24.839,17.7000,100
53511102870051,14:51:51.102,17.7000,3
53511102870051,14:51:51.102,17.7000,10
53511102870051,14:51:51.102,17.7000,200
53511102870051,14:51:51.102,17.7000,27
53514169643739,14:51:54.169,17.7000,24
53514169671123,14:51:54.169,17.7000,76
53514169671123,14:51:54.169,17.7000,100
53521580872802,14:52:01.580,17.7000,19
53536117937443,14:52:16.117,17.7100,10
53536296699316,14:52:16.296,17.7100,62
53536296699316,14:52:16.296,17.7100,7
53542009621322,14:52:22.009,17.7200,400
53542009621322,14:52:22.009,17.7200,49
53542017793554,14:52:22.017,17.7200,21
53542036229700,14:52:22.036,17.7200,130
53544910956769,14:52:24.910,17.7300,100
53544910956769,14:52:24.910,17.7300,100
53544910956769,14:52:24.910,17.7300,100
53544910956769,14:52:24.910,17.7300,100
53548531201972,14:52:28.531,17.7400,100
53548531201972,14:52:28.531,17.7400,100
53549362771010,14:52:29.362,17.7400,100
53554574824675,14:52:34.574,17.7300,100
53554574824675,14:52:34.574,17.7300,300
53554574824675,14:52:34.574,17.7300,100
53554574824675,14:52:34.574,17.7300,100
53554574824675,14:52:34.574,17.7300,100
53554574824675,14:52:34.574,17.7300,100
53554577144367,14:52:34.577,17.7200,100
53554577144367,14:52:34.577,17.7200,100
53554577144367,14:52:34.577,17.7200,100
53554577144367,14:52:34.577,17.7200,100
53554577742701,14:52:34.577,17.7200,100
53554577787497,14:52:34.577,17.7200,100
53554577787497,14:52:34.577,17.7200,100
53554577787497,14:52:34.577,17.7200,100
53555810981437,14:52:35.810,17.7200,50
53558586149239,14:52:38.586,17.7300,200
53558586149239,14:52:38.586,17.7300,100
53558586149239,14:52:38.586,17.7300,100
53558591059007,14:52:38.591,17.7300,100
53558591059007,14:52:38.591,17.7300,100
53565217394000,14:52:45.217,17.7400,100
53565217554026,14:52:45.217,17.7400,38
53566488957060,14:52:46.488,17.7400,100
53566488957060,14:52:46.488,17.7400,60
53566488957060,14:52:46.488,17.7400,92
53566993729769,14:52:46.993,17.7400,100
53569663475175,14:52:49.663,17.7500,100
53569663475175,14:52:49.663,17.7500,100
53569665573244,14:52:49.665,17.7500,300
53569665573244,14:52:49.665,17.7500,54
53569665573244,14:52:49.665,17.7500,100
53569665573244,14:52:49.665,17.7500,100
53569665573244,14:52:49.665,17.7500,100
53569665573244,14:52:49.665,17.7500,100
53569665619835,14:52:49.665,17.7500,200
53582635964901,14:53:02.635,17.7500,200
53582635964901,14:53:02.635,17.7500,100
53582635964901,14:53:02.635,17.7500,100
53582635964901,14:53:02.635,17.7500,100
53592328255346,14:53:12.328,17.7600,100
53592328828527,14:53:12.328,17.7500,100
53592328828527,14:53:12.328,17.7500,100
53592328828527,14:53:12.328,17.7500,100
53592328828527,14:53:12.328,17.7500,200
53592329050481,14:53:12.329,17.7500,1
53592329306103,14:53:12.329,17.7500,70
53596481587168,14:53:16.481,17.7600,100
53596481587168,14:53:16.481,17.7600,100
53596481587168,14:53:16.481,17.7600,200
53596481587168,14:53:16.481,17.7600,100
53616615054057,14:53:36.615,17.7700,400
53616615054057,14:53:36.615,17.7700,100
53616615054057,14:53:36.615,17.7700,100
53616615054057,14:53:36.615,17.7700,76
53616618975921,14:53:36.618,17.7700,100
53622811081172,14:53:42.811,17.7800,200
53622811081172,14:53:42.811,17.7800,100
53630952900562,14:53:50.952,17.7900,100
53630952900562,14:53:50.952,17.7900,100
53630952900562,14:53:50.952,17.7900,228
53654604827768,14:54:14.604,17.7900,100
53654604827768,14:54:14.604,17.7900,100
53661235553277,14:54:21.235,17.7900,1
53661684551118,14:54:21.684,17.7800,100
53661684551118,14:54:21.684,17.7800,100
53661684551118,14:54:21.684,17.7800,100
53661684551118,14:54:21.684,17.7800,100
53661686892058,14:54:21.686,17.7700,100
53661686892058,14:54:21.686,17.7700,100
53661686892058,14:54:21.686,17.7700,200
53661686892058,14:54:21.686,17.7700,10
53661686892058,14:54:21.686,17.7700,100
53663245617365,14:54:23.245,17.7700,39
53663296973212,14:54:23.296,17.7700,100
53701269872622,14:55:01.269,17.7800,200
53701269872622,14:55:01.269,17.7800,116
53701272228541,14:55:01.272,17.7900,200
53701272560193,14:55:01.272,17.7900,100
53701272560193,14:55:01.272,17.7900,200
53702520994860,14:55:02.520,17.7900,100
53712157844488,14:55:12.157,17.8000,500
53712157844488,14:55:12.157,17.8000,400
53712501643551,14:55:12.501,17.8000,100
53712505238337,14:55:12.505,17.8000,100
53735086147030,14:55:35.086,17.8000,100
53735086147030,14:55:35.086,17.8000,100
53735086147030,14:55:35.086,17.8000,100
53735086147030,14:55:35.086,17.8000,200
53735088422751,14:55:35.088,17.7900,200
53735088422751,14:55:35.088,17.7900,100
53735088422751,14:55:35.088,17.7900,100
53735088422751,14:55:35.088,17.7900,185
53741129938522,14:55:41.129,17.7800,100
53741133644147,14:55:41.133,17.7800,100
53741133644147,14:55:41.133,17.7800,100
53761250465264,14:56:01.250,17.7700,100
53761250465264,14:56:01.250,17.7700,100
53761250465264,14:56:01.250,17.7700,100
53761250465264,14:56:01.250,17.7700,200
53761250465264,14:56:01.250,17.7700,10
53767354517160,14:56:07.354,17.7700,30
53767354517160,14:56:07.354,17.7700,470
53767354581281,14:56:07.354,17.7700,530
53767355433762,14:56:07.355,17.7800,200
53767355433762,14:56:07.355,17.7800,100
53767355433762,14:56:07.355,17.7800,100
53770013091284,14:56:10.013,17.7800,100
53771521343842,14:56:11.521,17.7800,100
53788495964929,14:56:28.495,17.7700,100
53788498483148,14:56:28.498,17.7600,100
53788498483148,14:56:28.498,17.7600,100
53788498483148,14:56:28.498,17.7600,100
53788498483148,14:56:28.498,17.7600,100
53794574441877,14:56:34.574,17.7700,100
53802087158568,14:56:42.087,17.7700,100
53829799995101,14:57:09.799,17.7700,43
53829800025376,14:57:09.800,17.7700,57
53829800025376,14:57:09.800,17.7700,300
53829800025376,14:57:09.800,17.7700,100
53829800025376,14:57:09.800,17.7700,100
53832887349108,14:57:12.887,17.7600,100
53835634780096,14:57:15.634,17.7600,45
53897589941049,14:58:17.589,17.7800,100
53897589941049,14:58:17.589,17.7800,100
53897589941049,14:58:17.589,17.7800,100
53897589941049,14:58:17.589,17.7800,100
53897589941049,14:58:17.589,17.7800,100
53941666483142,14:59:01.666,17.8000,36
53941666483142,14:59:01.666,17.8000,160
53995836924440,14:59:55.836,17.8100,148
53997035637789,14:59:57.035,17.8200,200
53997035637789,14:59:57.035,17.8200,100
53997035637789,14:59:57.035,17.8200,100
53997035637789,14:59:57.035,17.8200,100
53997035637789,14:59:57.035,17.8200,100
53997035637789,14:59:57.035,17.8200,100
53997035637789,14:59:57.035,17.8200,100
53997036109304,14:59:57.036,17.8300,100
53997036161681,14:59:57.036,17.8300,100
53997036163551,14:59:57.036,17.8300,100
53997037146740,14:59:57.037,17.8300,53
53997037146740,14:59:57.037,17.8300,100
53997037146740,14:59:57.037,17.8300,100
53997037444757,14:59:57.037,17.8300,10
54026332517009,15:00:26.332,17.8200,196
54026332570988,15:00:26.332,17.8200,4
54026332570988,15:00:26.332,17.8200,100
54026332570988,15:00:26.332,17.8200,100
54026332570988,15:00:26.332,17.8200,300
54026332570988,15:00:26.332,17.8200,100
54090775818511,15:01:30.775,17.8200,160
54114849084760,15:01:54.849,17.8200,100
54114849269024,15:01:54.849,17.8200,100
54114849269024,15:01:54.849,17.8200,100
54121512802204,15:02:01.512,17.8100,300
54121512802204,15:02:01.512,17.8100,100
54121512802204,15:02:01.512,17.8100,100
54138077552621,15:02:18.077,17.8100,55
54191308088123,15:03:11.308,17.8200,100
54191308088123,15:03:11.308,17.8200,100
54191308088123,15:03:11.308,17.8200,100
54191308205838,15:03:11.308,17.8200,100
54211531852380,15:03:31.531,17.8100,100
54211531852380,15:03:31.531,17.8100,200
54211533240944,15:03:31.533,17.8000,50
54211533240944,15:03:31.533,17.8000,100
54211533240944,15:03:31.533,17.8000,100
54211533240944,15:03:31.533,17.8000,200
54211533240944,15:03:31.533,17.8000,100
54211533240944,15:03:31.533,17.8000,100
54211533240944,15:03:31.533,17.8000,100
54211554058099,15:03:31.554,17.8000,4
54211554058099,15:03:31.554,17.8000,45
54297538151728,15:04:57.538,17.8100,100
54297538151728,15:04:57.538,17.8100,61
54297538151728,15:04:57.538,17.8100,100
54297538151728,15:04:57.538,17.8100,400
54297538151728,15:04:57.538,17.8100,100
54297538270900,15:04:57.538,17.8100,100
54297538713696,15:04:57.538,17.8100,100
54437750842159,15:07:17.750,17.8000,100
54437750842159,15:07:17.750,17.8000,100
54437750842159,15:07:17.750,17.8000,67
54437750871231,15:07:17.750,17.8000,33
54437750871231,15:07:17.750,17.8000,100
54437750871231,15:07:17.750,17.8000,100
54437750871231,15:07:17.750,17.8000,100
54437750871231,15:07:17.750,17.8000,100
54437750871231,15:07:17.750,17.8000,100
54437756224789,15:07:17.756,17.7900,100
54437756224789,15:07:17.756,17.7900,10
54437756224789,15:07:17.756,17.7900,100
54437756224789,15:07:17.756,17.7900,100
54437756224789,15:07:17.756,17.7900,100
54437759033698,15:07:17.759,17.7900,50
54437900368458,15:07:17.900,17.7900,100
54437900368458,15:07:17.900,17.7900,65
54437900368458,15:07:17.900,17.7900,35
54445375114920,15:07:25.375,17.8000,100
54445375114920,15:07:25.375,17.8000,100
54445375114920,15:07:25.375,17.8000,47
54445375114920,15:07:25.375,17.8000,100
54455216455786,15:07:35.216,17.8100,100
54455216455786,15:07:35.216,17.8100,400
54455216455786,15:07:35.216,17.8100,79
54485511541414,15:08:05.511,17.8100,200
54485511541414,15:08:05.511,17.8100,100
54485511541414,15:08:05.511,17.8100,100
54485511541414,15:08:05.511,17.8100,200
54485513200220,15:08:05.513,17.8100,100
54485513200220,15:08:05.513,17.8100,100
54485513200220,15:08:05.513,17.8100,100
54485521011006,15:08:05.521,17.8100,45
54485877896685,15:08:05.877,17.8100,55
54485877896685,15:08:05.877,17.8100,100
54550221982517,15:09:10.221,17.8050,400
54641629996905,15:10:41.629,17.8050,400
54641629996905,15:10:41.629,17.8000,100
54641629996905,15:10:41.629,17.8000,190
54641630030064,15:10:41.630,17.8000,110
54641630030064,15:10:41.630,17.8000,200
54641630030064,15:10:41.630,17.8000,100
54641630030064,15:10:41.630,17.8000,100
54641630030064,15:10:41.630,17.8000,100
54641630030064,15:10:41.630,17.8000,200
54641637720284,15:10:41.637,17.7950,100
54641637720284,15:10:41.637,17.7900,4
54646779709903,15:10:46.779,17.8000,500
54646779709903,15:10:46.779,17.8000,100
54646779709903,15:10:46.779,17.8000,400
54741142089701,15:12:21.142,17.8100,100
54741142089701,15:12:21.142,17.8100,100
54741142089701,15:12:21.142,17.8100,400
54741142089701,15:12:21.142,17.8100,100
54741142089701,15:12:21.142,17.8100,100
54741142089701,15:12:21.142,17.8100,119
54741142092873,15:12:21.142,17.8100,46
54741142336540,15:12:21.142,17.8100,100
54741142336540,15:12:21.142,17.8100,100
54741142399132,15:12:21.142,17.8100,100
54741142399132,15:12:21.142,17.8100,100
54741142399132,15:12:21.142,17.8100,54
54771822194977,15:12:51.822,17.8200,100
54771822223041,15:12:51.822,17.8200,100
54771822223041,15:12:51.822,17.8200,400
54771822223041,15:12:51.822,17.8200,100
54771822223041,15:12:51.822,17.8200,100
54771822413690,15:12:51.822,17.8200,200
54791369936539,15:13:11.369,17.8300,100
54791369936539,15:13:11.369,17.8300,400
54791369936539,15:13:11.369,17.8300,200
54808094051181,15:13:28.094,17.8400,100
54808094051181,15:13:28.094,17.8400,100
54808094051181,15:13:28.094,17.8400,300
54808094051181,15:13:28.094,17.8400,53
54844688892925,15:14:04.688,17.8450,100
54891198908381,15:14:51.198,17.8500,250
54891198988156,15:14:51.198,17.8500,50
54891198988156,15:14:51.198,17.8500,80
54894797221652,15:14:54.797,17.8600,69
54895589563566,15:14:55.589,17.8600,31
54895589563566,15:14:55.589,17.8600,58
54896506585115,15:14:56.506,17.8600,242
54896506585115,15:14:56.506,17.8600,91
54896508640877,15:14:56.508,17.8700,200
54896508640877,15:14:56.508,17.8700,100
54896508640877,15:14:56.508,17.8700,100
54896508640877,15:14:56.508,17.8700,100
54909052132337,15:15:09.052,17.8800,200
54909066639787,15:15:09.066,17.8800,100
54924764745231,15:15:24.764,17.8800,43
54924764745231,15:15:24.764,17.8800,13
54924765764591,15:15:24.765,17.8800,87
54924765764591,15:15:24.765,17.8800,113
54924765809375,15:15:24.765,17.8800,187
54930008826573,15:15:30.008,17.8900,400
54931791296531,15:15:31.791,17.8850,4
54943086497725,15:15:43.086,17.8900,94
54943086497725,15:15:43.086,17.8900,6
54944215996325,15:15:44.215,17.8900,94
54944215996325,15:15:44.215,17.8900,6
54948101231082,15:15:48.101,17.8900,100
54948101629890,15:15:48.101,17.8900,100
54951809239654,15:15:51.809,17.8900,94
54951809239654,15:15:51.809,17.8900,6
54955218063813,15:15:55.218,17.8900,94
54955218063813,15:15:55.218,17.8900,300
54955220018075,15:15:55.220,17.9000,200
54955220018075,15:15:55.220,17.9000,100
54955220018075,15:15:55.220,17.9000,100
54955220018075,15:15:55.220,17.9000,200
54955220018075,15:15:55.220,17.9000,100
54955220018075,15:15:55.220,17.9000,100
54955220018075,15:15:55.220,17.9000,100
54955244793909,15:15:55.244,17.9050,100
54955244793909,15:15:55.244,17.9000,90
54955244793909,15:15:55.244,17.9000,100
54955244793909,15:15:55.244,17.9000,100
54955244827781,15:15:55.244,17.9000,100
54955244859742,15:15:55.244,17.9000,100
54955244871755,15:15:55.244,17.9000,100
54955244998135,15:15:55.244,17.9000,500
54955244998135,15:15:55.244,17.9000,100
54955244998135,15:15:55.244,17.9000,100
54955244998135,15:15:55.244,17.9000,400
54955244998135,15:15:55.244,17.9000,800
54955244998135,15:15:55.244,17.9000,100
54955244998135,15:15:55.244,17.9000,200
54955244998135,15:15:55.244,17.9000,100
54955244998135,15:15:55.244,17.9000,86
54955244998135,15:15:55.244,17.9000,100
54955244998135,15:15:55.244,17.9000,100
54955244998135,15:15:55.244,17.9000,100
54955244998135,15:15:55.244,17.9000,100
54955244998135,15:15:55.244,17.9000,100
54955245021043,15:15:55.245,17.9000,100
54955245193695,15:15:55.245,17.9000,167
54955245211614,15:15:55.245,17.9000,233
54955246611121,15:15:55.246,17.9000,100
54955246611121,15:15:55.246,17.9000,100
54955246611121,15:15:55.246,17.9000,200
54955246611121,15:15:55.246,17.9000,100
54955252973056,15:15:55.252,17.9000,100
54955252973056,15:15:55.252,17.9000,100
54955252973056,15:15:55.252,17.9000,100
54955252973056,15:15:55.252,17.9000,300
54955252973056,15:15:55.252,17.9000,100
54955297291580,15:15:55.297,17.9050,100
54955297291580,15:15:55.297,17.9000,100
54955297291580,15:15:55.297,17.9000,86
54955297291580,15:15:55.297,17.9000,100
54955297323554,15:15:55.297,17.9000,100
54955297483086,15:15:55.297,17.9000,100
54955298698156,15:15:55.298,17.9000,100
54955319564789,15:15:55.319,17.9000,100
54955319564789,15:15:55.319,17.9000,200
54955319564789,15:15:55.319,17.9000,100
54955500068103,15:15:55.500,17.9050,100
54957123667905,15:15:57.123,17.9100,100
54957123667905,15:15:57.123,17.9100,66
54957123788006,15:15:57.123,17.9100,34
54957123788006,15:15:57.123,17.9100,13
54957123788006,15:15:57.123,17.9100,53
54957123827445,15:15:57.123,17.9100,167
54958029833787,15:15:58.029,17.9100,80
54958967726497,15:15:58.967,17.9150,100
54958967726497,15:15:58.967,17.9100,100
54958967726497,15:15:58.967,17.9100,100
54958967726497,15:15:58.967,17.9100,100
54958967726497,15:15:58.967,17.9100,20
54958985074374,15:15:58.985,17.9050,14
54959918247484,15:15:59.918,17.9000,100
54959918247484,15:15:59.918,17.9000,300
54959918247484,15:15:59.918,17.9000,200
54959918247484,15:15:59.918,17.9000,100
54959918247484,15:15:59.918,17.9000,100
54959920036378,15:15:59.920,17.8900,200
54959920036378,15:15:59.920,17.8900,100
54959920036378,15:15:59.920,17.8900,100
54959935760230,15:15:59.935,17.8850,7
54962473601771,15:16:02.473,17.8800,200
54962473601771,15:16:02.473,17.8800,100
54962491366629,15:16:02.491,17.8750,3
54962578472502,15:16:02.578,17.8800,100
54962578472502,15:16:02.578,17.8800,90
54962578472502,15:16:02.578,17.8800,138
54962578472502,15:16:02.578,17.8800,100
54962578492696,15:16:02.578,17.8800,85
54962578814806,15:16:02.578,17.8800,100
54962578844442,15:16:02.578,17.8800,100
54962579558617,15:16:02.579,17.8800,4
54962579577693,15:16:02.579,17.8800,96
54962589608203,15:16:02.589,17.8800,4
54962589608203,15:16:02.589,17.8800,86
54962589608203,15:16:02.589,17.8800,100
54962589608203,15:16:02.589,17.8800,100
54962595205348,15:16:02.595,17.8750,1
54962632793620,15:16:02.632,17.8750,13
54963342461318,15:16:03.342,17.8800,8
54963342461318,15:16:03.342,17.8800,92
54966788000930,15:16:06.788,17.8750,1
54970257889156,15:16:10.257,17.8750,99
54970257889156,15:16:10.257,17.8800,1
54973381451625,15:16:13.381,17.8800,52
54973392852565,15:16:13.392,17.8800,100
54973443995511,15:16:13.443,17.8800,86
54973443995511,15:16:13.443,17.8800,14
54976774452338,15:16:16.774,17.8700,100
54976774452338,15:16:16.774,17.8700,100
54976791727039,15:16:16.791,17.8650,1
54981872417580,15:16:21.872,17.8600,28
54981882007102,15:16:21.882,17.8600,22
54999120120392,15:16:39.120,17.8500,55
55005182076385,15:16:45.182,17.8550,100
55005182252599,15:16:45.182,17.8550,100
55015992485132,15:16:55.992,17.8500,100
55015992485132,15:16:55.992,17.8500,100
55020697203648,15:17:00.697,17.8400,300
55020697203648,15:17:00.697,17.8400,79
55020697203648,15:17:00.697,17.8400,21
55020697203648,15:17:00.697,17.8400,200
55020697203648,15:17:00.697,17.8400,100
55028770121498,15:17:08.770,17.8400,100
55028770121498,15:17:08.770,17.8400,100
55028770121498,15:17:08.770,17.8400,100
55028770121498,15:17:08.770,17.8400,100
55029040577298,15:17:09.040,17.8450,48
55029859610638,15:17:09.859,17.8450,6
55032203703114,15:17:12.203,17.8400,2
55032204895572,15:17:12.204,17.8400,2
55047111231943,15:17:27.111,17.8350,8
55057168047250,15:17:37.168,17.8350,100
55057168240042,15:17:37.168,17.8400,96
55057168240042,15:17:37.168,17.8400,4
55057183932449,15:17:37.183,17.8350,2
55058999347955,15:17:38.999,17.8300,73
55058999406493,15:17:38.999,17.8300,24
55058999406493,15:17:38.999,17.8300,100
55058999406493,15:17:38.999,17.8300,100
55058999406493,15:17:38.999,17.8300,100
55058999406493,15:17:38.999,17.8300,9
55058999406493,15:17:38.999,17.8300,427
55059000840238,15:17:39.000,17.8300,73
55062859125470,15:17:42.859,17.8200,100
55072776118290,15:17:52.776,17.8300,100
55072776118290,15:17:52.776,17.8300,100
55072776118290,15:17:52.776,17.8300,100
55072776118290,15:17:52.776,17.8300,100
55072819858370,15:17:52.819,17.8350,100
55080954023304,15:18:00.954,17.8400,200
55080955930708,15:18:00.955,17.8500,100
55080955930708,15:18:00.955,17.8500,200
55080955930708,15:18:00.955,17.8500,100
55080955930708,15:18:00.955,17.8500,100
55089160422961,15:18:09.160,17.8550,100
55089160592779,15:18:09.160,17.8600,100
55089160592779,15:18:09.160,17.8600,100
55103068689691,15:18:23.068,17.8600,149
55103068689691,15:18:23.068,17.8600,100
55109378644200,15:18:29.378,17.8700,100
55109378644200,15:18:29.378,17.8700,100
55109805470883,15:18:29.805,17.8800,100
55117723611722,15:18:37.723,17.8800,100
55117723611722,15:18:37.723,17.8800,100
55117723611722,15:18:37.723,17.8800,300
55117725778060,15:18:37.725,17.8850,100
55117725778060,15:18:37.725,17.8900,100
55117725778060,15:18:37.725,17.8900,100
55117725778060,15:18:37.725,17.8900,200
55117727072517,15:18:37.727,17.8900,200
55117727072517,15:18:37.727,17.8900,100
55117754056624,15:18:37.754,17.8900,100
55117754056624,15:18:37.754,17.8900,100
55117754056624,15:18:37.754,17.8900,100
55117819368140,15:18:37.819,17.8800,100
55117819368140,15:18:37.819,17.8800,100
55117819368140,15:18:37.819,17.8800,100
55117819766906,15:18:37.819,17.8800,100
55127877138200,15:18:47.877,17.8850,100
55127877311246,15:18:47.877,17.8900,100
