timestamp,time,price,volume
34200832396031,09:30:00.832,24.9600,1569
34364154538033,09:32:44.154,25.1100,100
34364154538033,09:32:44.154,25.1200,100
34364154538033,09:32:44.154,25.1200,95
34364154538033,09:32:44.154,25.1200,5
34364155073212,09:32:44.155,25.1100,100
34364155073212,09:32:44.155,25.1200,95
34364155073212,09:32:44.155,25.1200,5
34364155835980,09:32:44.155,25.0850,100
34364155835980,09:32:44.155,25.1200,95
34364156201014,09:32:44.156,25.0900,100
34364156260642,09:32:44.156,25.0900,100
34364156260642,09:32:44.156,25.0900,100
34364158212717,09:32:44.158,25.1100,100
34364181196916,09:32:44.181,25.1100,5
34364194374341,09:32:44.194,25.1100,3
34365144960349,09:32:45.144,25.0900,12
34372447143544,09:32:52.447,25.0700,29
34372447143544,09:32:52.447,25.0700,20
34372447143544,09:32:52.447,25.0700,51
34479274590729,09:34:39.274,24.9600,1
34488274702139,09:34:48.274,24.9600,1
34496274828567,09:34:56.274,24.9600,1
35021280887901,09:43:41.280,24.8200,4
35021280887901,09:43:41.280,24.8200,100
35044407277184,09:44:04.407,24.7300,100
35044407393797,09:44:04.407,24.7300,100
35044407424871,09:44:04.407,24.7300,100
35044407621139,09:44:04.407,24.7300,100
35099152205231,09:44:59.152,24.7000,8
35099152205231,09:44:59.152,24.7000,30
35099152205231,09:44:59.152,24.7100,100
35099152205231,09:44:59.152,24.7300,62
35099152525468,09:44:59.152,24.7300,38
35099152525468,09:44:59.152,24.7300,100
35130960661478,09:45:30.960,24.7400,100
35130960739968,09:45:30.960,24.7400,100
35236237422009,09:47:16.237,24.7300,100
35332225711704,09:48:52.225,24.6900,100
35401132800832,09:50:01.132,24.6600,45
35754583904810,09:55:54.583,24.6900,200
35754583904810,09:55:54.583,24.6800,100
35754583904810,09:55:54.583,24.6800,100
35754590465621,09:55:54.590,24.6800,100
35754590465621,09:55:54.590,24.6800,100
35754705961647,09:55:54.705,24.6800,100
35754705961647,09:55:54.705,24.6800,30
35756258673668,09:55:56.258,24.6800,70
35941923680719,09:59:01.923,24.6900,100
35941935382071,09:59:01.935,24.7300,30
35941935391529,09:59:01.935,24.7400,100
35941935391529,09:59:01.935,24.7500,100
35941935417545,09:59:01.935,24.7500,100
35941935445959,09:59:01.935,24.7500,100
35941935464765,09:59:01.935,24.7400,30
35941935464765,09:59:01.935,24.7300,170
35941935947748,09:59:01.935,24.7400,100
35943610967318,09:59:03.610,24.7400,30
35943610967318,09:59:03.610,24.7400,4
35943610981481,09:59:03.610,24.7400,41
36046271370581,10:00:46.271,24.7300,5
36208644437328,10:03:28.644,24.6800,1
36208644437328,10:03:28.644,24.6800,43
36208644437328,10:03:28.644,24.6800,8
36208644437328,10:03:28.644,24.6800,48
36208644603167,10:03:28.644,24.6800,52
36208645065465,10:03:28.645,24.6700,3
36208645065465,10:03:28.645,24.6700,97
36208645092731,10:03:28.645,24.6700,3
36208645423406,10:03:28.645,24.6700,17
36208645681522,10:03:28.645,24.6500,100
36208646010964,10:03:28.646,24.6500,100
36208646603868,10:03:28.646,24.6500,17
36208646603868,10:03:28.646,24.6300,66
36208658238713,10:03:28.658,24.6300,34
36208658238713,10:03:28.658,24.6300,100
36208658238713,10:03:28.658,24.6300,100
36208658238713,10:03:28.658,24.6300,100
36208660208806,10:03:28.660,24.6800,4
36208882938753,10:03:28.882,24.6600,100
36208883399579,10:03:28.883,24.6600,100
36319012609509,10:05:19.012,24.7000,100
36319012684364,10:05:19.012,24.7000,93
36319012684364,10:05:19.012,24.7000,7
36319013304097,10:05:19.013,24.7000,53
36319013469480,10:05:19.013,24.7000,100
36542923707001,10:09:02.923,24.7100,1
36542923752676,10:09:02.923,24.7100,1
36542923797183,10:09:02.923,24.7000,1
36542925277964,10:09:02.925,24.7200,27
36542925409762,10:09:02.925,24.7300,100
36542926188782,10:09:02.926,24.7500,100
36545254507095,10:09:05.254,24.7400,11
36545885357364,10:09:05.885,24.7300,100
36545885383112,10:09:05.885,24.7300,100
36595219844887,10:09:55.219,24.7500,93
36595251320061,10:09:55.251,24.7500,17
36697549129832,10:11:37.549,24.7900,100
36893147848819,10:14:53.147,24.8100,100
36893147848819,10:14:53.147,24.8100,100
36911856313518,10:15:11.856,24.8000,100
36932240020146,10:15:32.240,24.7900,100
36932240859198,10:15:32.240,24.7800,100
36932240859198,10:15:32.240,24.7800,100
36932240917556,10:15:32.240,24.7700,100
36932240928888,10:15:32.240,24.7700,100
36932240971692,10:15:32.240,24.7700,100
36970284147216,10:16:10.284,24.7400,100
36970284147216,10:16:10.284,24.7400,100
37282502432380,10:21:22.502,24.8800,100
37417475802056,10:23:37.475,24.9200,100
37476195076722,10:24:36.195,24.9300,6
37502917580739,10:25:02.917,25.0100,100
37502917614609,10:25:02.917,25.0100,100
37506942926751,10:25:06.942,25.0500,100
37506942926751,10:25:06.942,25.0500,94
37506942976168,10:25:06.942,25.0500,6
37540940393227,10:25:40.940,25.0650,100
37622842492457,10:27:02.842,25.0750,100
37747924152943,10:29:07.924,25.0500,100
37747924152943,10:29:07.924,25.0400,100
37747924726730,10:29:07.924,25.0400,100
37748240582275,10:29:08.240,25.0700,14
37770248282212,10:29:30.248,25.0400,100
37770248373091,10:29:30.248,25.0400,9
37920816683545,10:32:00.816,25.0600,52
37920816765168,10:32:00.816,25.0600,48
37920817173413,10:32:00.817,25.0600,9
37920817197475,10:32:00.817,25.0600,43
37943507118024,10:32:23.507,25.0600,83
37943507118024,10:32:23.507,25.0600,10
37943507118024,10:32:23.507,25.0600,7
37943507171659,10:32:23.507,25.0600,30
37943507229590,10:32:23.507,25.0600,15
37951956426378,10:32:31.956,25.0600,48
37951956426378,10:32:31.956,25.0600,7
37951956426378,10:32:31.956,25.0600,30
37951956426378,10:32:31.956,25.0600,15
37951958068823,10:32:31.958,25.0600,100
37960619233544,10:32:40.619,25.0600,200
37960619233544,10:32:40.619,25.0600,100
38158020138767,10:35:58.020,25.1000,100
38158020138767,10:35:58.020,25.1000,8
38158020526231,10:35:58.020,25.1100,8
38158020584411,10:35:58.020,25.1100,92
38199374635337,10:36:39.374,25.1000,100
38199399202127,10:36:39.399,25.0900,100
38240055887721,10:37:20.055,25.0800,100
38240055887721,10:37:20.055,25.0800,100
38291593410259,10:38:11.593,25.0700,6
38342303812082,10:39:02.303,25.0700,94
38342303882394,10:39:02.303,25.0800,4
38342304463570,10:39:02.304,25.0800,6
38342304463570,10:39:02.304,25.0800,94
38342304505995,10:39:02.304,25.0800,2
38342304516843,10:39:02.304,25.0800,4
38466483134001,10:41:06.483,25.0600,100
38466483661819,10:41:06.483,25.0500,100
38466756028968,10:41:06.756,25.0400,4
38856318274181,10:47:36.318,25.0300,100
38863820626432,10:47:43.820,25.0200,100
38863820626432,10:47:43.820,25.0200,100
38863820626432,10:47:43.820,25.0200,100
38895740835216,10:48:15.740,25.0100,100
38895740934810,10:48:15.740,25.0100,100
38895740934810,10:48:15.740,25.0100,100
38895740934810,10:48:15.740,25.0100,100
38895740934810,10:48:15.740,25.0100,100
38895740934810,10:48:15.740,25.0100,63
38895740996399,10:48:15.740,25.0100,37
38895740996399,10:48:15.740,25.0100,100
38895740996399,10:48:15.740,25.0100,63
38896625158390,10:48:16.625,25.0100,37
38905262127281,10:48:25.262,25.0000,100
38905262359301,10:48:25.262,25.0000,100
38911167348895,10:48:31.167,25.0100,100
39094152137791,10:51:34.152,24.9900,96
39180273631738,10:53:00.273,24.9900,100
39180273631738,10:53:00.273,24.9900,100
39467382140740,10:57:47.382,24.9800,100
39467382140740,10:57:47.382,24.9800,100
39467846247586,10:57:47.846,24.9800,100
39510793364206,10:58:30.793,24.9700,1
39663145788016,11:01:03.145,25.0000,100
39663145788016,11:01:03.145,25.0000,100
39663145788016,11:01:03.145,25.0000,2
39800765334373,11:03:20.765,24.9900,100
39803221324901,11:03:23.221,24.9800,100
39803221324901,11:03:23.221,24.9800,100
39803222664545,11:03:23.222,24.9700,100
39803222664545,11:03:23.222,24.9700,100
39821773995673,11:03:41.773,24.9800,84
39821774021931,11:03:41.774,24.9800,100
39984092577997,11:06:24.092,24.9700,100
40040751671074,11:07:20.751,24.9700,12
40040751671074,11:07:20.751,24.9700,4
40048932541945,11:07:28.932,24.9600,100
40050749678274,11:07:30.749,24.9600,100
40050750058273,11:07:30.750,24.9500,100
40050750058273,11:07:30.750,24.9500,100
40050750058273,11:07:30.750,24.9500,100
40050750391863,11:07:30.750,24.9500,100
40112904358131,11:08:32.904,24.9500,16
40131686583753,11:08:51.686,24.9500,84
40131686583753,11:08:51.686,24.9500,16
40131686610069,11:08:51.686,24.9500,84
40320364216030,11:12:00.364,24.9900,100
40445400714538,11:14:05.400,24.9900,100
40450910429850,11:14:10.910,25.0100,100
40504139020787,11:15:04.139,25.0050,100
40504139324145,11:15:04.139,25.0100,100
40505934579338,11:15:05.934,25.0050,200
40505935418025,11:15:05.935,25.0000,100
40505936120675,11:15:05.936,25.0000,100
40505936685672,11:15:05.936,25.0000,100
40505937085083,11:15:05.937,25.0000,100
40604189886770,11:16:44.189,24.9900,100
40604189886770,11:16:44.189,24.9900,100
40604191520424,11:16:44.191,24.9900,22
40604196082539,11:16:44.196,24.9900,78
40777571758379,11:19:37.571,24.9800,100
40788882688383,11:19:48.882,24.9700,200
40824521624113,11:20:24.521,24.9700,19
40888730144689,11:21:28.730,24.9600,100
40888731842623,11:21:28.731,24.9600,61
40889472826847,11:21:29.472,24.9650,100
40889472826847,11:21:29.472,24.9500,100
40889473129522,11:21:29.473,24.9500,100
40894477903672,11:21:34.477,24.9450,100
40897921653853,11:21:37.921,24.9450,100
40899399962051,11:21:39.399,24.9400,100
41175328535591,11:26:15.328,24.9400,100
41182929914925,11:26:22.929,24.9300,100
41190895175358,11:26:30.895,24.9300,100
41220349268180,11:27:00.349,24.9200,15
41220349293211,11:27:00.349,24.9200,85
41220349293211,11:27:00.349,24.9200,100
41230361120215,11:27:10.361,24.9200,5
41230361193968,11:27:10.361,24.9100,100
41318267674777,11:28:38.267,24.9000,1
41318267674777,11:28:38.267,24.9000,100
41318268148181,11:28:38.268,24.9000,20
41318268148181,11:28:38.268,24.9000,361
41318268367800,11:28:38.268,24.8900,100
41590822312978,11:33:10.822,24.9100,100
41655460013618,11:34:15.460,24.9100,100
41655460307645,11:34:15.460,24.9100,100
41655463615240,11:34:15.463,24.9200,100
41655463615240,11:34:15.463,24.9200,100
41673757017304,11:34:33.757,24.9200,184
41701015022533,11:35:01.015,24.9200,172
41701515022682,11:35:01.515,24.9200,128
41736179315097,11:35:36.179,24.9000,20
42013336529854,11:40:13.336,24.9500,100
42074186469517,11:41:14.186,24.9200,100
42074186469517,11:41:14.186,24.9200,100
42120057832311,11:42:00.057,24.9200,15
42129671086216,11:42:09.671,24.9400,8
42164663356745,11:42:44.663,24.9400,43
42186083438527,11:43:06.083,24.9400,42
42186083438527,11:43:06.083,24.9400,100
42197021781610,11:43:17.021,24.9500,100
42270173723342,11:44:30.173,24.9700,100
42399621338387,11:46:39.621,24.9900,100
42399621406274,11:46:39.621,24.9900,100
42399621406274,11:46:39.621,24.9900,2
42506274158047,11:48:26.274,24.9700,200
42613859364095,11:50:13.859,24.9600,100
42613889812533,11:50:13.889,24.9500,7
42613889812533,11:50:13.889,24.9500,100
42613889812533,11:50:13.889,24.9500,100
42613889812533,11:50:13.889,24.9500,100
42613889812533,11:50:13.889,24.9500,100
42613891197539,11:50:13.891,24.9400,100
42613891197539,11:50:13.891,24.9400,100
42682101912494,11:51:22.101,24.9200,100
43049533852015,11:57:29.533,24.9500,1
43049534292156,11:57:29.534,24.9600,100
43049534354366,11:57:29.534,24.9600,100
43049938696753,11:57:29.938,24.9700,30
43049938876859,11:57:29.938,24.9700,15
43049938957030,11:57:29.938,24.9700,85
43052801003374,11:57:32.801,24.9500,100
43201023409976,12:00:01.023,24.9500,100
43320819590706,12:02:00.819,24.9700,100
43320819590706,12:02:00.819,24.9700,100
43356752398211,12:02:36.752,25.0000,96
43395021800392,12:03:15.021,25.0000,1
43395022329117,12:03:15.022,25.0000,400
43395023918824,12:03:15.023,25.0000,100
43395032453443,12:03:15.032,24.9900,100
43416890754564,12:03:36.890,24.9700,4
43416890754564,12:03:36.890,24.9700,100
43416890754564,12:03:36.890,24.9700,100
43532327661506,12:05:32.327,24.9600,100
43532327661506,12:05:32.327,24.9600,100
43532327661506,12:05:32.327,24.9600,100
43532327789352,12:05:32.327,24.9600,1
43532328277001,12:05:32.328,24.9500,100
43532328304221,12:05:32.328,24.9500,100
43532358773571,12:05:32.358,24.9400,64
43570163623360,12:06:10.163,24.9550,100
43618883439511,12:06:58.883,24.9700,100
43798506200999,12:09:58.506,25.0100,10
43798506200999,12:09:58.506,25.0100,10
43870004229872,12:11:10.004,25.0200,9
43870004229872,12:11:10.004,25.0200,1
43870004229872,12:11:10.004,25.0200,22
44118845053948,12:15:18.845,25.0300,100
44196312448707,12:16:36.312,25.0200,100
44196324046704,12:16:36.324,25.0100,100
44196324046704,12:16:36.324,25.0100,100
44196324433022,12:16:36.324,25.0000,100
44196324433022,12:16:36.324,25.0000,100
44196324433022,12:16:36.324,25.0000,100
44196324433022,12:16:36.324,25.0000,100
44196324433022,12:16:36.324,25.0000,100
44196327253473,12:16:36.327,25.0000,4
44196327296398,12:16:36.327,25.0000,8
44197199057919,12:16:37.199,24.9850,100
44423020119831,12:20:23.020,25.0300,5
44423020119831,12:20:23.020,25.0300,5
44423020119831,12:20:23.020,25.0300,2
44541053844760,12:22:21.053,25.0400,20
44541053844760,12:22:21.053,25.0400,80
44543279139281,12:22:23.279,25.0400,20
44543279139281,12:22:23.279,25.0400,100
44543421601467,12:22:23.421,25.0400,100
44544753968455,12:22:24.753,25.0400,100
44544753968455,12:22:24.753,25.0400,3
44544754022895,12:22:24.754,25.0400,3
44544904131551,12:22:24.904,25.0400,77
44558599346824,12:22:38.599,25.0500,5
44588826698959,12:23:08.826,25.0300,100
44588827151873,12:23:08.827,25.0200,36
44588827237923,12:23:08.827,25.0200,28
44588827270326,12:23:08.827,25.0200,8
44588827304532,12:23:08.827,25.0200,20
44588827492924,12:23:08.827,25.0200,8
44588828043949,12:23:08.828,25.0200,100
44588972679086,12:23:08.972,25.0200,100
44667391550317,12:24:27.391,25.0100,4
44814690501780,12:26:54.690,25.0100,67
44814690580375,12:26:54.690,25.0100,33
44814691580407,12:26:54.691,25.0100,100
44814692037702,12:26:54.692,25.0100,100
44814692037702,12:26:54.692,25.0100,100
44814694135021,12:26:54.694,25.0000,4
44816834102044,12:26:56.834,24.9900,4
44816834102044,12:26:56.834,24.9900,1
44816834102044,12:26:56.834,24.9900,100
44816834102044,12:26:56.834,24.9900,100
44816834102044,12:26:56.834,24.9900,100
44816834102044,12:26:56.834,24.9900,6
44816834102044,12:26:56.834,24.9900,100
44816837822968,12:26:56.837,24.9800,100
44818900388093,12:26:58.900,24.9800,20
44854794296847,12:27:34.794,24.9700,100
44854794296847,12:27:34.794,24.9700,11
44970246499068,12:29:30.246,24.9600,100
45086231992056,12:31:26.231,24.9600,3
45086231992056,12:31:26.231,24.9600,2
45086231992056,12:31:26.231,24.9600,14
45088274207556,12:31:28.274,24.9500,100
45204192344385,12:33:24.192,24.9500,100
45216385144467,12:33:36.385,24.9500,15
45710912378082,12:41:50.912,24.9400,4
45710913163413,12:41:50.913,24.9400,20
45710913972757,12:41:50.913,24.9300,2
45710913972757,12:41:50.913,24.9300,100
45710913972757,12:41:50.913,24.9300,100
45710913972757,12:41:50.913,24.9300,100
45710913972757,12:41:50.913,24.9300,4
45710917565461,12:41:50.917,24.9200,4
45710917565461,12:41:50.917,24.9200,2
45710928545325,12:41:50.928,24.9200,25
45710944284374,12:41:50.944,24.9100,100
45710944284374,12:41:50.944,24.9100,100
45710944284374,12:41:50.944,24.9100,100
45710944284374,12:41:50.944,24.9100,100
45710944284374,12:41:50.944,24.9100,100
45710944284374,12:41:50.944,24.9100,100
45710962756957,12:41:50.962,24.8800,100
45715687432821,12:41:55.687,24.8600,100
45715689673987,12:41:55.689,24.8500,100
45715723136387,12:41:55.723,24.8600,100
45715723136387,12:41:55.723,24.8600,100
45717753870893,12:41:57.753,24.9100,83
45899241566907,12:44:59.241,24.9000,100
45911395318222,12:45:11.395,24.8900,100
45911395318222,12:45:11.395,24.8900,9
45911395419655,12:45:11.395,24.9000,30
45911395724055,12:45:11.395,24.9000,15
45927300324591,12:45:27.300,24.9000,59
45927300324591,12:45:27.300,24.9000,4
45927300324591,12:45:27.300,24.9000,25
45927300324591,12:45:27.300,24.9000,5
45968609360864,12:46:08.609,24.8900,100
45969031673642,12:46:09.031,24.8900,10
45969032294264,12:46:09.032,24.8800,100
45969032294264,12:46:09.032,24.8800,100
45969032294264,12:46:09.032,24.8800,5
46046393571407,12:47:26.393,24.8900,90
46088275066743,12:48:08.275,24.8700,100
46088275066743,12:48:08.275,24.8700,100
46088275066743,12:48:08.275,24.8700,11
46088275117653,12:48:08.275,24.8700,11
46088276505573,12:48:08.276,24.8900,100
46116323901745,12:48:36.323,24.9200,1
46126327009783,12:48:46.327,24.9200,25
46126327009783,12:48:46.327,24.9200,7
46500789728694,12:55:00.789,24.9400,100
46535013976808,12:55:35.013,24.9300,100
46535014304091,12:55:35.014,24.9200,4
46535014304091,12:55:35.014,24.9200,100
46535069075747,12:55:35.069,24.9200,4
46535078118239,12:55:35.078,24.9200,6
46565280759824,12:56:05.280,24.9200,30
46565280777141,12:56:05.280,24.9200,21
46565280875409,12:56:05.280,24.9000,6
46961181894258,13:02:41.181,24.9200,3
46961181894258,13:02:41.181,24.9200,100
47115998933669,13:05:15.998,24.9200,100
47115998933669,13:05:15.998,24.9200,5
47115998933669,13:05:15.998,24.9200,95
47115998933669,13:05:15.998,24.9200,100
47119003950089,13:05:19.003,24.9300,5
47119020106768,13:05:19.020,24.9400,100
47242628556441,13:07:22.628,24.9800,100
47289805091767,13:08:09.805,24.9600,100
47326712582466,13:08:46.712,24.9700,2
47326716234054,13:08:46.716,24.9800,2
47581628167296,13:13:01.628,24.9600,100
47581628167296,13:13:01.628,24.9600,5
47581628167296,13:13:01.628,24.9600,100
47594712516310,13:13:14.712,24.9700,2
47799812600353,13:16:39.812,24.9700,100
47799814451705,13:16:39.814,24.9900,100
47829818115013,13:17:09.818,24.9700,8
48003666883639,13:20:03.666,24.9700,5
48003666883639,13:20:03.666,24.9700,100
48003666883639,13:20:03.666,24.9700,100
48150302539625,13:22:30.302,24.9600,100
48150302539625,13:22:30.302,24.9600,100
48150302539625,13:22:30.302,24.9600,6
48150303120707,13:22:30.303,24.9500,100
48150303120707,13:22:30.303,24.9500,100
48150303120707,13:22:30.303,24.9500,100
48150303120707,13:22:30.303,24.9500,100
48150303120707,13:22:30.303,24.9500,2
48150303120707,13:22:30.303,24.9500,40
48150303120707,13:22:30.303,24.9500,10
48150309572483,13:22:30.309,24.9500,40
48150803155769,13:22:30.803,24.9500,20
48190186403714,13:23:10.186,24.9400,100
48274012849032,13:24:34.012,24.9500,100
48274012849032,13:24:34.012,24.9500,100
48274012849032,13:24:34.012,24.9500,100
48305315087300,13:25:05.315,24.9700,1409
48305315112626,13:25:05.315,24.9700,1491
48305315579979,13:25:05.315,24.9600,100
48307885915700,13:25:07.885,24.9600,100
48312502997855,13:25:12.502,24.9500,2
48312503023272,13:25:12.503,24.9500,22
48376258883587,13:26:16.258,24.9500,2
48530261245960,13:28:50.261,24.9400,100
48530261303362,13:28:50.261,24.9400,2
48530261303362,13:28:50.261,24.9400,17
48547900391186,13:29:07.900,24.9400,100
48604726342848,13:30:04.726,24.9300,4
48604726342848,13:30:04.726,24.9300,1
48815265325943,13:33:35.265,24.9300,100
48815265325943,13:33:35.265,24.9300,2
48815265325943,13:33:35.265,24.9300,17
48910895072346,13:35:10.895,24.9200,2
48910895072346,13:35:10.895,24.9200,100
48910895072346,13:35:10.895,24.9200,16
48913019415255,13:35:13.019,24.9200,20
48913019415255,13:35:13.019,24.9200,8
49429751615373,13:43:49.751,24.9100,100
49429751615373,13:43:49.751,24.9100,100
49429751615373,13:43:49.751,24.9100,100
49429751615373,13:43:49.751,24.9100,100
49429751615373,13:43:49.751,24.9100,100
49429752885147,13:43:49.752,24.9000,1
49429752885147,13:43:49.752,24.9000,100
49429753299063,13:43:49.753,24.9000,20
49429753745018,13:43:49.753,24.9000,100
49429757396492,13:43:49.757,24.8700,100
49429757736930,13:43:49.757,24.9000,30
49429757889516,13:43:49.757,24.9000,100
49429757889516,13:43:49.757,24.9000,30
49429758266897,13:43:49.758,24.9000,37
49429758276046,13:43:49.758,24.9000,3
49429761155489,13:43:49.761,24.9000,100
49429762357384,13:43:49.762,24.9000,100
49429762434875,13:43:49.762,24.8800,100
49429945987482,13:43:49.945,24.8900,24
49429945987482,13:43:49.945,24.8900,20
49432587267085,13:43:52.587,24.8800,60
49432587267085,13:43:52.587,24.8800,100
49513883271729,13:45:13.883,24.8800,100
49513883299211,13:45:13.883,24.8800,38
49513883299211,13:45:13.883,24.8800,38
49513883299211,13:45:13.883,24.8800,5
49513883299211,13:45:13.883,24.8800,2
49513883299211,13:45:13.883,24.8800,17
49513883350129,13:45:13.883,24.8800,83
49534183258839,13:45:34.183,24.8600,100
49580153308271,13:46:20.153,24.8500,30
49727742105068,13:48:47.742,24.9000,100
49727742105068,13:48:47.742,24.9000,39
49750187579551,13:49:10.187,24.9100,8
49860929037326,13:51:00.929,24.9000,2
49860929037326,13:51:00.929,24.9000,2
49860929037326,13:51:00.929,24.9000,1
49860929037326,13:51:00.929,24.9000,100
49860929702739,13:51:00.929,24.8900,100
49860941722184,13:51:00.941,24.8900,100
49981780926339,13:53:01.780,24.9000,100
49981781028647,13:53:01.781,24.9000,100
50170555160424,13:56:10.555,24.9000,2
50170555160424,13:56:10.555,24.9000,3
50170879253115,13:56:10.879,24.8900,100
50170879253115,13:56:10.879,24.8900,100
50170881229652,13:56:10.881,24.8800,100
50170896428920,13:56:10.896,24.8700,100
50170896428920,13:56:10.896,24.8700,100
50170896428920,13:56:10.896,24.8700,100
50175902347348,13:56:15.902,24.8700,66
50380290479247,13:59:40.290,24.8900,78
50401460911459,14:00:01.460,24.8900,5
50402720676689,14:00:02.720,24.8700,100
50403246400708,14:00:03.246,24.8900,17
50403246400708,14:00:03.246,24.8900,83
50408592086706,14:00:08.592,24.8900,17
50408592086706,14:00:08.592,24.8900,83
50413537508887,14:00:13.537,24.9100,100
50469021707775,14:01:09.021,24.9600,100
50488027205048,14:01:28.027,24.9500,100
50494606609255,14:01:34.606,24.9500,100
50529100690165,14:02:09.100,24.9400,17
50547272349992,14:02:27.272,24.9300,100
50547272507287,14:02:27.272,24.9200,100
50590833411264,14:03:10.833,24.9400,6
50665768853370,14:04:25.768,24.9700,11
50678072136857,14:04:38.072,24.9900,100
50678072275514,14:04:38.072,24.9900,9
50680449060110,14:04:40.449,24.9950,100
50687607121025,14:04:47.607,24.9900,100
50687607121025,14:04:47.607,24.9900,100
50687607121025,14:04:47.607,24.9900,100
50687619462800,14:04:47.619,24.9800,100
50687621284630,14:04:47.621,24.9800,100
50988066780068,14:09:48.066,24.9700,100
50988066780068,14:09:48.066,24.9700,100
50988073892165,14:09:48.073,24.9700,100
50989494951964,14:09:49.494,24.9800,50
50996761254879,14:09:56.761,24.9900,100
50997548019547,14:09:57.548,24.9900,100
50997548044531,14:09:57.548,24.9900,100
50997548084260,14:09:57.548,24.9900,100
51000704467676,14:10:00.704,24.9800,6
51005065626248,14:10:05.065,24.9800,100
51031624746480,14:10:31.624,24.9700,100
51031624746480,14:10:31.624,24.9700,100
51037283085076,14:10:37.283,24.9600,100
51037283085076,14:10:37.283,24.9600,100
51038664077361,14:10:38.664,24.9600,7
51143145520941,14:12:23.145,24.9700,100
51176975828065,14:12:56.975,25.0000,1
51260050701279,14:14:20.050,25.0200,100
51260050701279,14:14:20.050,25.0200,100
51260050701279,14:14:20.050,25.0200,100
51260050729222,14:14:20.050,25.0200,7
51260050729222,14:14:20.050,25.0200,100
51260051647178,14:14:20.051,25.0100,100
51260051647178,14:14:20.051,25.0100,100
51260051647178,14:14:20.051,25.0100,100
51260051647178,14:14:20.051,25.0100,100
51260051647178,14:14:20.051,25.0100,100
51260051688359,14:14:20.051,25.0100,51
51260051709037,14:14:20.051,25.0100,49
51260051709037,14:14:20.051,25.0100,151
51260051721058,14:14:20.051,25.0100,49
51260051721058,14:14:20.051,25.0100,51
51260052317723,14:14:20.052,25.0100,49
51260201835917,14:14:20.201,25.0000,100
51260201835917,14:14:20.201,25.0000,100
51262672216745,14:14:22.672,25.0000,100
51262672216745,14:14:22.672,25.0000,100
51723073377129,14:22:03.073,25.0100,12
51723073384792,14:22:03.073,25.0100,88
51723073807015,14:22:03.073,25.0200,100
51723073880390,14:22:03.073,25.0200,100
51723145163786,14:22:03.145,25.0200,1
51902565882505,14:25:02.565,25.0000,100
51902566517719,14:25:02.566,25.0000,100
51903246767080,14:25:03.246,24.9900,100
51903246767080,14:25:03.246,24.9900,100
51903246767080,14:25:03.246,24.9900,100
51903246767080,14:25:03.246,24.9900,100
51903246767080,14:25:03.246,24.9900,100
51903246795869,14:25:03.246,24.9900,100
51903246795869,14:25:03.246,24.9900,6
51910121175046,14:25:10.121,24.9900,100
51917591838294,14:25:17.591,25.0000,31
51921910579294,14:25:21.910,25.0100,1
51922903464088,14:25:22.903,25.0100,99
51922903464088,14:25:22.903,25.0100,1
51922904376205,14:25:22.904,25.0100,100
51922904796119,14:25:22.904,25.0100,100
51922904864210,14:25:22.904,25.0100,14
51922904864210,14:25:22.904,25.0100,86
51922904929776,14:25:22.904,25.0100,14
51922904929776,14:25:22.904,25.0100,86
51963310223620,14:26:03.310,25.0000,100
51963310223620,14:26:03.310,25.0000,88
52058193821497,14:27:38.193,25.0000,100
52058193865388,14:27:38.193,25.0000,51
52058193983505,14:27:38.193,25.0000,49
52058193983505,14:27:38.193,25.0000,2
52058194057357,14:27:38.194,25.0000,47
52058194090595,14:27:38.194,25.0000,4
52058194122614,14:27:38.194,25.0000,43
52204775867640,14:30:04.775,25.0000,4
52204775867640,14:30:04.775,25.0000,100
52204775867640,14:30:04.775,25.0000,22
52275201560998,14:31:15.201,25.0200,100
52275201560998,14:31:15.201,25.0200,100
52275201560998,14:31:15.201,25.0200,100
52278132674317,14:31:18.132,25.0100,100
52278132674317,14:31:18.132,25.0100,100
52278132756665,14:31:18.132,25.0100,20
52278333484903,14:31:18.333,25.0100,40
52293761711767,14:31:33.761,25.0000,100
52293761711767,14:31:33.761,25.0000,100
52456514999474,14:34:16.514,25.0100,42
52456515277344,14:34:16.515,25.0100,58
52456515277344,14:34:16.515,25.0100,3
52456517180273,14:34:16.517,25.0100,100
52456517180273,14:34:16.517,25.0100,100
52459455065567,14:34:19.455,25.0000,100
52459455065567,14:34:19.455,25.0000,100
52459455196255,14:34:19.455,25.0000,100
52459455196255,14:34:19.455,25.0000,100
52459455633301,14:34:19.455,25.0000,100
52474686205939,14:34:34.686,24.9900,100
52474686205939,14:34:34.686,24.9900,200
52474686205939,14:34:34.686,24.9900,100
52474686205939,14:34:34.686,24.9900,34
52529964776847,14:35:29.964,25.0000,100
52529964776847,14:35:29.964,25.0000,100
52529964776847,14:35:29.964,25.0000,100
52567493883884,14:36:07.493,25.0000,100
52567493883884,14:36:07.493,25.0000,100
52569963537626,14:36:09.963,25.0000,64
52572455323195,14:36:12.455,25.0000,36
52572990583423,14:36:12.990,24.9900,100
52582075792220,14:36:22.075,25.0000,2
52638730197108,14:37:18.730,25.0100,50
52638730224312,14:37:18.730,25.0050,100
52638730281100,14:37:18.730,25.0100,50
52638730281100,14:37:18.730,25.0100,50
52643734627752,14:37:23.734,25.0100,100
52710203138188,14:38:30.203,25.0100,100
52720036644476,14:38:40.036,25.0100,28
52720093136761,14:38:40.093,25.0000,100
52720093136761,14:38:40.093,25.0000,100
52723791734445,14:38:43.791,25.0000,60
52729061039413,14:38:49.061,25.0000,40
52757127853752,14:39:17.127,24.9900,60
52783713421350,14:39:43.713,24.9900,100
52939551053362,14:42:19.551,25.0000,65
52939551141064,14:42:19.551,24.9950,100
52939551141064,14:42:19.551,25.0000,35
52939551180543,14:42:19.551,25.0000,100
52996106546651,14:43:16.106,25.0000,5
52996107619023,14:43:16.107,24.9900,99
52996107715793,14:43:16.107,24.9900,1
52996107715793,14:43:16.107,24.9900,28
52996107715793,14:43:16.107,24.9900,100
52996113505190,14:43:16.113,24.9800,100
52996113505190,14:43:16.113,24.9800,100
52996113505190,14:43:16.113,24.9800,100
52996113505190,14:43:16.113,24.9800,100
52996113505190,14:43:16.113,24.9800,100
52996113505190,14:43:16.113,24.9800,100
52996113505190,14:43:16.113,24.9800,100
52996117981415,14:43:16.117,24.9800,28
52996118008719,14:43:16.118,24.9800,44
52996136616064,14:43:16.136,24.9800,28
53033119051607,14:43:53.119,24.9900,100
53097770837849,14:44:57.770,24.9900,34
53111135758385,14:45:11.135,24.9900,100
53131851296482,14:45:31.851,24.9950,100
53134695026458,14:45:34.695,25.0000,100
53174638244144,14:46:14.638,25.0000,72
53188459157138,14:46:28.459,25.0100,100
53188459157138,14:46:28.459,25.0100,100
53188459439613,14:46:28.459,25.0100,100
53189404631359,14:46:29.404,25.0000,28
53189404631359,14:46:29.404,25.0000,7
53189404631359,14:46:29.404,25.0000,25
53189404631359,14:46:29.404,25.0000,100
53189498714615,14:46:29.498,25.0000,100
53191630698428,14:46:31.630,25.0000,100
53195625033482,14:46:35.625,25.0000,100
53216218686767,14:46:56.218,25.0100,100
53218372824396,14:46:58.372,25.0150,100
53218963760939,14:46:58.963,25.0200,43
53218963786882,14:46:58.963,25.0200,57
53224014578457,14:47:04.014,25.0200,100
53224014751310,14:47:04.014,25.0300,100
53293419443819,14:48:13.419,25.0300,32
53293419443819,14:48:13.419,25.0300,100
53293419816728,14:48:13.419,25.0300,100
53293420802198,14:48:13.420,25.0350,100
53447627866851,14:50:47.627,25.0300,12
53447627866851,14:50:47.627,25.0300,100
53447627866851,14:50:47.627,25.0300,3
53447640821989,14:50:47.640,25.0200,100
53447640821989,14:50:47.640,25.0200,100
53447640821989,14:50:47.640,25.0200,100
53447640821989,14:50:47.640,25.0200,100
53447640821989,14:50:47.640,25.0200,100
53447643622480,14:50:47.643,25.0050,100
53449525603731,14:50:49.525,25.0000,519
53450962634840,14:50:50.962,25.0100,5
53523327835680,14:52:03.327,25.0050,100
53523328213955,14:52:03.328,25.0100,100
53523328714798,14:52:03.328,25.0100,100
53523379092178,14:52:03.379,25.0100,100
53540303995851,14:52:20.303,25.0100,100
53540303995851,14:52:20.303,25.0100,100
53540303995851,14:52:20.303,25.0100,100
53540304510527,14:52:20.304,25.0100,46
53540878504457,14:52:20.878,25.0100,54
53540878573359,14:52:20.878,25.0200,100
53540878573359,14:52:20.878,25.0200,100
53593210214389,14:53:13.210,25.0600,100
53593210241441,14:53:13.210,25.0600,100
53593210241441,14:53:13.210,25.0600,100
53593210568799,14:53:13.210,25.0600,100
53787476131642,14:56:27.476,25.0700,100
53787476131642,14:56:27.476,25.0700,100
53787477211771,14:56:27.477,25.0600,100
53787477211771,14:56:27.477,25.0600,100
53787477211771,14:56:27.477,25.0600,30
53790213157672,14:56:30.213,25.0700,100
53791071313236,14:56:31.071,25.0700,14
53865081502785,14:57:45.081,25.0900,100
53867636169311,14:57:47.636,25.1100,100
53867636480105,14:57:47.636,25.1100,100
53897215093693,14:58:17.215,25.1100,100
53897215119701,14:58:17.215,25.1100,24
53897215119701,14:58:17.215,25.1100,12
53923406863288,14:58:43.406,25.1100,56
54118106692287,15:01:58.106,25.1100,40
54118106692287,15:01:58.106,25.1100,100
54118106692287,15:01:58.106,25.1100,60
54118106925210,15:01:58.106,25.1100,40
54118106925210,15:01:58.106,25.1100,10
54118106925210,15:01:58.106,25.1100,100
54118106965736,15:01:58.106,25.1100,43
54118107306522,15:01:58.107,25.1100,40
54118108055708,15:01:58.108,25.1100,12
54118108224891,15:01:58.108,25.1100,100
54202342779816,15:03:22.342,25.1000,100
54202342779816,15:03:22.342,25.1000,100
54203604664983,15:03:23.604,25.0900,100
54222608129258,15:03:42.608,25.0850,100
54247006841951,15:04:07.006,25.0800,100
54274890565368,15:04:34.890,25.0700,100
54274893758128,15:04:34.893,25.0600,100
54274893758128,15:04:34.893,25.0600,100
54274893758128,15:04:34.893,25.0600,100
54277725889047,15:04:37.725,25.0600,100
54311180933149,15:05:11.180,25.0500,100
54311180957659,15:05:11.180,25.0500,100
54358509690066,15:05:58.509,25.0300,13
54358509690066,15:05:58.509,25.0300,87
54387098135863,15:06:27.098,25.0200,100
54387098161156,15:06:27.098,25.0200,100
54394051117686,15:06:34.051,25.0200,41
54394051168606,15:06:34.051,25.0200,100
54394051168606,15:06:34.051,25.0200,2
54394051168606,15:06:34.051,25.0200,2
54471908488047,15:07:51.908,25.0100,200
54476760495940,15:07:56.760,25.0100,100
54476760495940,15:07:56.760,25.0100,100
54477291581041,15:07:57.291,25.0100,100
54480736603956,15:08:00.736,25.0100,100
54487474212970,15:08:07.474,25.0100,100
54494147666855,15:08:14.147,25.0100,100
54503272327969,15:08:23.272,25.0000,100
54503283475822,15:08:23.283,25.0000,2
54503284141806,15:08:23.284,25.0000,40
54604911834420,15:10:04.911,24.9800,100
54604911834420,15:10:04.911,24.9800,7
54638579294043,15:10:38.579,24.9700,100
54638579936932,15:10:38.579,24.9600,100
54638579936932,15:10:38.579,24.9600,100
54649614606572,15:10:49.614,24.9600,2
54649618335549,15:10:49.618,24.9500,100
54756382918562,15:12:36.382,24.9400,3
54756382918562,15:12:36.382,24.9400,27
54756383621402,15:12:36.383,24.9400,73
54756383621402,15:12:36.383,24.9400,100
54756383621402,15:12:36.383,24.9400,27
54813348363232,15:13:33.348,24.9500,100
54813348595591,15:13:33.348,24.9500,100
54813612605909,15:13:33.612,24.9600,100
54926815621146,15:15:26.815,24.9700,100
54948013229337,15:15:48.013,24.9700,100
54948013229337,15:15:48.013,24.9700,76
54948013229337,15:15:48.013,24.9700,24
55000578642340,15:16:40.578,24.9600,28
55001583681071,15:16:41.583,24.9600,14
55059008346730,15:17:39.008,24.9500,76
55059008377542,15:17:39.008,24.9500,24
55059008377542,15:17:39.008,24.9500,100
55059008377542,15:17:39.008,24.9500,100
55059019617345,15:17:39.019,24.9400,100
55103796331205,15:18:23.796,24.9500,4
55103796496756,15:18:23.796,24.9500,73
55103796496756,15:18:23.796,24.9500,100
55103796496756,15:18:23.796,24.9500,27
55111421246456,15:18:31.421,24.9600,1
55174580382853,15:19:34.580,24.9600,30
55200309587329,15:20:00.309,24.9800,6
55217386111350,15:20:17.386,24.9700,100
55260083582816,15:21:00.083,24.9700,7
55308273253081,15:21:48.273,24.9700,63
55308273253081,15:21:48.273,24.9700,100
55308273253081,15:21:48.273,24.9700,37
55308273281731,15:21:48.273,24.9700,63
55308273281731,15:21:48.273,24.9700,100
55327717960120,15:22:07.717,24.9600,100
55327717960120,15:22:07.717,24.9600,100
55327717960120,15:22:07.717,24.9600,21
55327718678560,15:22:07.718,24.9500,100
55327718678560,15:22:07.718,24.9500,100
55327718678560,15:22:07.718,24.9500,100
55327718678560,15:22:07.718,24.9500,100
55327718678560,15:22:07.718,24.9500,100
55327718678560,15:22:07.718,24.9500,100
55330740260430,15:22:10.740,24.9400,100
55583279529513,15:26:23.279,24.9200,100
55583279529513,15:26:23.279,24.9200,3
55583279529513,15:26:23.279,24.9200,97
55583279717315,15:26:23.279,24.9200,3
55583279717315,15:26:23.279,24.9200,100
55585535061930,15:26:25.535,24.9300,100
55588769329147,15:26:28.769,24.9500,100
55678040196882,15:27:58.040,24.9700,100
55721967573246,15:28:41.967,24.9700,20
55721967573246,15:28:41.967,24.9700,10
55721967573246,15:28:41.967,24.9700,100
55721967573246,15:28:41.967,24.9700,20
55721967573246,15:28:41.967,24.9700,10
55721967573246,15:28:41.967,24.9700,3
55751867117691,15:29:11.867,24.9700,100
55751867282090,15:29:11.867,24.9700,100
55751867519902,15:29:11.867,24.9700,100
55751868484504,15:29:11.868,24.9700,21
55751868512058,15:29:11.868,24.9700,79
55751868545063,15:29:11.868,24.9700,21
55751868666628,15:29:11.868,24.9700,79
55756870151467,15:29:16.870,24.9700,37
55756870151467,15:29:16.870,24.9700,28
55756870151467,15:29:16.870,24.9700,100
55756871344260,15:29:16.871,24.9700,81
55757608051196,15:29:17.608,24.9700,100
55801927363025,15:30:01.927,24.9700,100
55858798165771,15:30:58.798,24.9600,23
55858798192044,15:30:58.798,24.9600,77
55858798192044,15:30:58.798,24.9600,100
55858798192044,15:30:58.798,24.9600,26
55858798192044,15:30:58.798,24.9600,100
55879349420328,15:31:19.349,24.9700,100
55879349420328,15:31:19.349,24.9700,100
55879349420328,15:31:19.349,24.9700,42
55963921751801,15:32:43.921,24.9700,19
56071088884335,15:34:31.088,24.9600,100
56071088884335,15:34:31.088,24.9600,100
56071088884335,15:34:31.088,24.9600,100
56071088884335,15:34:31.088,24.9600,23
56088475521408,15:34:48.475,24.9500,100
56088475521408,15:34:48.475,24.9500,100
56088475521408,15:34:48.475,24.9500,100
56132249488390,15:35:32.249,24.9500,28
56132249488390,15:35:32.249,24.9500,72
56132270030935,15:35:32.270,24.9500,28
56132270030935,15:35:32.270,24.9500,3
56132270030935,15:35:32.270,24.9500,56
56132880997925,15:35:32.880,24.9500,44
56279185945189,15:37:59.185,24.9400,21
56279185971643,15:37:59.185,24.9400,79
56279185971643,15:37:59.185,24.9400,32
56279185971643,15:37:59.185,24.9400,100
56279186420455,15:37:59.186,24.9400,100
56279186450841,15:37:59.186,24.9400,7
56279186455850,15:37:59.186,24.9400,49
56279186484474,15:37:59.186,24.9400,44
56279186484474,15:37:59.186,24.9400,7
56279186512954,15:37:59.186,24.9400,49
56279186514146,15:37:59.186,24.9400,44
56279189716696,15:37:59.189,24.9300,100
56279189716696,15:37:59.189,24.9300,100
56324066632704,15:38:44.066,24.9200,73
56324066708461,15:38:44.066,24.9200,27
56324066708461,15:38:44.066,24.9200,100
56324066708461,15:38:44.066,24.9200,3
56324067243438,15:38:44.067,24.9200,100
56324067564743,15:38:44.067,24.9200,100
56332798947174,15:38:52.798,24.9300,100
56370212427043,15:39:30.212,24.9300,77
56463287347560,15:41:03.287,24.9100,100
56463287420542,15:41:03.287,24.9100,100
56482487294109,15:41:22.487,24.9000,33
56487614854225,15:41:27.614,24.8900,91
56548515017175,15:42:28.515,24.8900,9
56548515017175,15:42:28.515,24.8900,23
56548515017175,15:42:28.515,24.8900,100
56548515017175,15:42:28.515,24.8900,68
56563076515787,15:42:43.076,24.8900,32
56563076515787,15:42:43.076,24.8900,3
56563076515787,15:42:43.076,24.8900,65
56574444343543,15:42:54.444,24.8900,39
56574444343543,15:42:54.444,24.8900,61
56580293221781,15:43:00.293,24.8900,39
56580293221781,15:43:00.293,24.8900,3
56580293221781,15:43:00.293,24.8900,57
56581404488535,15:43:01.404,24.9000,100
56595020017178,15:43:15.020,24.9000,100
56717823964994,15:45:17.823,24.9100,43
56720722792760,15:45:20.722,24.9150,100
56745909970990,15:45:45.909,24.9200,100
56746960101405,15:45:46.960,24.9200,1
56857877891258,15:47:37.877,24.9300,100
56913516469844,15:48:33.516,24.9200,100
56913516469844,15:48:33.516,24.9200,1
56913516469844,15:48:33.516,24.9200,53
56913516469844,15:48:33.516,24.9200,61
56913516822005,15:48:33.516,24.9200,37
56918321274328,15:48:38.321,24.9100,100
56918321274328,15:48:38.321,24.9100,100
56918321274328,15:48:38.321,24.9100,100
56918321274328,15:48:38.321,24.9100,100
56918322922594,15:48:38.322,24.9100,100
56964205806479,15:49:24.205,24.9100,100
57005806097844,15:50:05.806,24.9000,100
57005806097844,15:50:05.806,24.9000,100
57065052409750,15:51:05.052,24.9000,100
57065052409750,15:51:05.052,24.9000,100
57065052409750,15:51:05.052,24.9000,104
57065052409750,15:51:05.052,24.9000,100
57065052409750,15:51:05.052,24.9000,100
57065052409750,15:51:05.052,24.9000,96
57065052456782,15:51:05.052,24.9000,4
57065128496847,15:51:05.128,24.8900,35
57065128723050,15:51:05.128,24.8900,65
57065712627149,15:51:05.712,24.8850,100
57067055669694,15:51:07.055,24.8800,100
57068491713588,15:51:08.491,24.8750,100
57074570999848,15:51:14.570,24.8800,100
57080596488243,15:51:20.596,24.8800,3
57080598221680,15:51:20.598,24.8800,100
57129900330294,15:52:09.900,24.8800,7
57129900330294,15:52:09.900,24.8800,13
57131543532454,15:52:11.543,24.8800,87
57131543532454,15:52:11.543,24.8800,13
57131544941383,15:52:11.544,24.8800,87
57131544941383,15:52:11.544,24.8800,123
57131544977080,15:52:11.544,24.8800,100
57159286475316,15:52:39.286,24.8700,100
57160042267086,15:52:40.042,24.8700,18
57197268217420,15:53:17.268,24.8700,22
57226800085532,15:53:46.800,24.8700,100
57239017695071,15:53:59.017,24.8700,28
57246934803928,15:54:06.934,24.8700,72
57246934803928,15:54:06.934,24.8700,128
57246934878661,15:54:06.934,24.8700,472
57246934878661,15:54:06.934,24.8700,100
57246934878661,15:54:06.934,24.8700,100
57246952202178,15:54:06.952,24.8750,100
57252490337753,15:54:12.490,24.8750,100
57252639656533,15:54:12.639,24.8750,100
57253215195152,15:54:13.215,24.8800,100
57269969190528,15:54:29.969,24.8800,100
57274006332060,15:54:34.006,24.8800,90
57284451953107,15:54:44.451,24.8800,10
57284451953107,15:54:44.451,24.8800,159
57300063940031,15:55:00.063,24.8800,24
57300126070697,15:55:00.126,24.8800,17
57300219555109,15:55:00.219,24.9100,100
57300219557953,15:55:00.219,24.9600,300
57300219557953,15:55:00.219,24.9600,100
57300219557953,15:55:00.219,24.9600,100
57300219557953,15:55:00.219,24.9600,100
57300219557953,15:55:00.219,24.9600,100
57300219557953,15:55:00.219,25.0000,1740
57300219559878,15:55:00.219,25.0000,1960
57300220730985,15:55:00.220,24.9600,100
57300660292275,15:55:00.660,24.9600,100
57300711314267,15:55:00.711,24.9500,100
57301058641418,15:55:01.058,24.9600,100
57301058641418,15:55:01.058,24.9600,100
57301059264683,15:55:01.059,24.9700,100
57314993273714,15:55:14.993,24.9800,100
57315225672063,15:55:15.225,24.9900,100
57315225672063,15:55:15.225,24.9900,100
57315226505589,15:55:15.226,24.9900,100
57321133290643,15:55:21.133,24.9800,100
57321133290643,15:55:21.133,24.9800,200
57321133290643,15:55:21.133,24.9800,100
57321133290643,15:55:21.133,24.9800,100
57321133290643,15:55:21.133,24.9800,100
57321133400397,15:55:21.133,24.9800,22
57321133609666,15:55:21.133,24.9800,75
57321133632713,15:55:21.133,24.9800,3
57321133661577,15:55:21.133,24.9800,100
57321134771575,15:55:21.134,24.9800,100
57338056472004,15:55:38.056,24.9750,100
57339994644926,15:55:39.994,24.9800,20
57343601380769,15:55:43.601,24.9750,100
57345017789056,15:55:45.017,24.9800,80
57345017789056,15:55:45.017,24.9800,100
57345017789056,15:55:45.017,24.9800,32
57345017834824,15:55:45.017,24.9800,68
57357617564207,15:55:57.617,24.9900,16
57358657309474,15:55:58.657,25.0000,100
57361177933500,15:56:01.177,24.9950,100
57361711687766,15:56:01.711,24.9950,100
57363698169925,15:56:03.698,24.9900,100
57363698169925,15:56:03.698,24.9900,7
57363698169925,15:56:03.698,24.9900,191
57363698169925,15:56:03.698,24.9900,100
57363698169925,15:56:03.698,24.9900,100
57363698169925,15:56:03.698,24.9900,100
57363698169925,15:56:03.698,24.9900,2
57363699671355,15:56:03.699,24.9900,98
57363699851348,15:56:03.699,24.9900,100
57374993373374,15:56:14.993,24.9900,100
57374994086533,15:56:14.994,24.9900,100
57376063779711,15:56:16.063,24.9800,100
57376063779711,15:56:16.063,24.9800,7
57430303916170,15:57:10.303,24.9850,100
57445975767886,15:57:25.975,24.9900,7
57487082238618,15:58:07.082,24.9900,100
57487082238618,15:58:07.082,24.9900,24
57487082238618,15:58:07.082,24.9900,56
57487082268559,15:58:07.082,24.9900,44
57487082268559,15:58:07.082,24.9900,100
57487082268559,15:58:07.082,24.9900,112
57487082268559,15:58:07.082,24.9900,100
57487082268559,15:58:07.082,24.9900,200
57497448422355,15:58:17.448,24.9900,10
57497448422355,15:58:17.448,24.9900,90
57528711381940,15:58:48.711,24.9900,100
57532280726609,15:58:52.280,24.9900,10
57538155362996,15:58:58.155,24.9900,14
57538155362996,15:58:58.155,24.9900,86
57538155397305,15:58:58.155,24.9900,14
57547116039391,15:59:07.116,24.9900,51
57547424101422,15:59:07.424,25.0000,130
57547424101422,15:59:07.424,25.0000,100
57551711360484,15:59:11.711,24.9950,100
57557185916307,15:59:17.185,24.9950,100
57567711726757,15:59:27.711,24.9950,100
57576711720228,15:59:36.711,24.9950,100
57590333151626,15:59:50.333,25.0000,29
57590333151626,15:59:50.333,25.0000,100
57590333151626,15:59:50.333,25.0000,71
57590433369153,15:59:50.433,24.9900,23
57592705030869,15:59:52.705,24.9900,200
57595085270133,15:59:55.085,24.9900,65
57595275093288,15:59:55.275,24.9900,131
57595275093288,15:59:55.275,24.9900,99
57595288979629,15:59:55.288,25.0000,100
57595646899859,15:59:55.646,25.0000,99
57595719649827,15:59:55.719,24.9900,100
57596710961321,15:59:56.710,24.9900,1
57600267370120,16:00:00.267,25.0000,48400
