timestamp,time,price,volume
34200164704918,09:30:00.164,88.9900,584
34352380885180,09:32:32.380,88.6300,100
34352380885180,09:32:32.380,88.6300,80
34352380885180,09:32:32.380,88.6300,100
34352408981730,09:32:32.408,88.6300,260
34452900811862,09:34:12.900,88.4900,100
34477016518047,09:34:37.016,88.5000,551
34516325475633,09:35:16.325,88.4400,1
34516325475633,09:35:16.325,88.4800,15
34516325475633,09:35:16.325,88.6000,84
34535838367622,09:35:35.838,88.7600,100
34537661039648,09:35:37.661,88.8400,100
34539189299494,09:35:39.189,88.8600,100
34540231656036,09:35:40.231,88.8800,100
34573278328680,09:36:13.278,88.4800,1
34601784732441,09:36:41.784,89.1900,10
34601784732441,09:36:41.784,89.2200,100
34603838844231,09:36:43.838,88.6100,3
34604834658601,09:36:44.834,89.2700,100
34604834658601,09:36:44.834,89.2700,10
34640080516311,09:37:20.080,89.2500,100
34640080516311,09:37:20.080,89.5300,1
34640080516311,09:37:20.080,89.5300,9
34660580038466,09:37:40.580,89.4000,100
34660580038466,09:37:40.580,89.5300,10
34681167269075,09:38:01.167,89.5300,81
34681167269075,09:38:01.167,89.5300,29
34694033395873,09:38:14.033,89.5100,71
34765814012211,09:39:25.814,89.5300,1
34771397847728,09:39:31.397,89.5800,100
34792813635770,09:39:52.813,89.4200,100
34792813635770,09:39:52.813,89.3100,100
34792813635770,09:39:52.813,89.2100,100
34799438863426,09:39:59.438,89.2000,100
34799439590891,09:39:59.439,89.2000,23
34799439595160,09:39:59.439,89.2000,50
34799439607359,09:39:59.439,89.0100,100
34799439982950,09:39:59.439,89.0100,100
34852995098166,09:40:52.995,89.1300,100
34852995427500,09:40:52.995,89.0100,80
34852995446160,09:40:52.995,89.0100,20
34852995487382,09:40:52.995,89.0100,100
34852995494540,09:40:52.995,89.0000,20
34852995520629,09:40:52.995,89.0000,80
34988966787462,09:43:08.966,88.6000,100
34988966862956,09:43:08.966,88.6000,20
34988966910024,09:43:08.966,88.6000,80
34988969372792,09:43:08.969,88.6000,100
34989393678126,09:43:09.393,88.3000,1
35099426929367,09:44:59.426,88.2800,800
35099426929367,09:44:59.426,88.4400,8
35109086388738,09:45:09.086,88.5400,10
35109086388738,09:45:09.086,88.5500,15
35127996269601,09:45:27.996,88.5500,30
35128086452254,09:45:28.086,88.5500,9
35136140732286,09:45:36.140,88.5500,32
35136141304229,09:45:36.141,88.5500,73
35146028944588,09:45:46.028,88.6000,100
35146028944588,09:45:46.028,88.6000,59
35146990446538,09:45:46.990,88.6000,100
35146990543195,09:45:46.990,88.6000,100
35146990577083,09:45:46.990,88.4500,100
35170087797763,09:46:10.087,88.5500,16
35185088357002,09:46:25.088,88.5500,67
35207384294919,09:46:47.384,88.5400,83
35208089984447,09:46:48.089,88.5400,17
35208089984447,09:46:48.089,88.5500,30
35215553412965,09:46:55.553,88.5400,100
35216697216446,09:46:56.697,88.5400,70
35216697216446,09:46:56.697,88.6000,30
35218278629740,09:46:58.278,88.6000,70
35218278629740,09:46:58.278,88.6000,30
35231186295624,09:47:11.186,88.5400,100
35249493973030,09:47:29.493,88.6100,100
35249494058539,09:47:29.494,88.4000,100
35249494058539,09:47:29.494,88.4000,41
35263131714904,09:47:43.131,88.4000,100
35263131714904,09:47:43.131,88.4000,193
35341131494439,09:49:01.131,88.0800,8
35341131494439,09:49:01.131,88.0500,100
35341131494439,09:49:01.131,88.0100,100
35341153991100,09:49:01.153,88.0400,100
35341153991100,09:49:01.153,88.1300,100
35341405623558,09:49:01.405,87.5700,1
35478398045521,09:51:18.398,87.5300,100
35478399106717,09:51:18.399,87.5600,1
35628213980195,09:53:48.213,87.7800,100
35628213980195,09:53:48.213,88.2100,3
35642398901077,09:54:02.398,87.6900,1
35776104090246,09:56:16.104,87.7500,10
35806393613118,09:56:46.393,87.8950,100
35835866776694,09:57:15.866,87.6800,100
35866117580503,09:57:46.117,87.7000,100
35905352401175,09:58:25.352,87.7700,100
35913366792362,09:58:33.366,87.7600,60
35913366792362,09:58:33.366,87.7500,100
35997400090974,09:59:57.400,87.6400,1
36005061366648,10:00:05.061,87.8200,100
36070138303166,10:01:10.138,87.6700,100
36070138303166,10:01:10.138,87.6300,100
36070138303166,10:01:10.138,87.6200,100
36086875167596,10:01:26.875,87.6200,100
36086875167596,10:01:26.875,87.6100,100
36314035721419,10:05:14.035,87.0200,1
36314035721419,10:05:14.035,87.2000,9
36465574687370,10:07:45.574,86.8800,1
36635347863576,10:10:35.347,86.6100,1
36806590519596,10:13:26.590,86.9600,1
36807014373662,10:13:27.014,87.5600,2
37118444299901,10:18:38.444,87.0000,1
37118444378443,10:18:38.444,87.1900,100
37289657580432,10:21:29.657,87.4200,1
37313266612299,10:21:53.266,87.1700,1
37313266612299,10:21:53.266,87.1700,6
37313267826841,10:21:53.267,87.1700,25
37611905193563,10:26:51.905,87.5000,10
37611905193563,10:26:51.905,87.5000,93
37654661253769,10:27:34.661,87.3400,100
37654661906425,10:27:34.661,87.3400,438
37654661906425,10:27:34.661,87.3300,100
37654661906425,10:27:34.661,87.3300,100
37691405351323,10:28:11.405,86.9000,1
37695369711824,10:28:15.369,87.4000,200
37695369711824,10:28:15.369,87.4000,504
37943553778617,10:32:23.553,87.0300,100
38136131903359,10:35:36.131,86.6700,1
38284102834752,10:38:04.102,86.5200,1
38332109424945,10:38:52.109,86.5100,6
38332109424945,10:38:52.109,86.6800,1
38332109424945,10:38:52.109,86.6900,93
38332109736043,10:38:52.109,86.6900,7
38332879438642,10:38:52.879,86.5000,2
38445233836286,10:40:45.233,86.4800,1
38594410259372,10:43:14.410,86.5000,1
38702697897411,10:45:02.697,86.9200,1
38939772990984,10:48:59.772,86.5300,1
39420303974711,10:57:00.303,86.3100,5
40544890901885,11:15:44.890,86.7100,100
40729259244544,11:18:49.259,86.5900,1
40886016420669,11:21:26.016,86.5100,1
41211044655738,11:26:51.044,86.4900,1
41587152348482,11:33:07.152,86.5900,1
41834518941625,11:37:14.518,86.9200,12
42477084602842,11:47:57.084,86.6500,1
42808721307406,11:53:28.721,86.7500,100
43083069397033,11:58:03.069,86.4700,1
43135166317848,11:58:55.166,86.4700,99
43135166408396,11:58:55.166,86.5500,100
43135236053389,11:58:55.236,86.4600,25
43166150124105,11:59:26.150,86.4600,100
43173563924301,11:59:33.563,86.3200,10
43174019018503,11:59:34.019,86.3200,26
43174236028933,11:59:34.236,86.3200,4
43183021396381,11:59:43.021,86.3800,1
43311579951146,12:01:51.579,86.3200,60
43329035125916,12:02:09.035,86.4100,1
43655020249935,12:07:35.020,86.3900,1
43699194206285,12:08:19.194,86.2100,10
43818044249760,12:10:18.044,86.3800,1
44078369153413,12:14:38.369,86.1700,11
44078370136630,12:14:38.370,86.1700,11
44713053008389,12:25:13.053,86.1700,100
44713053406505,12:25:13.053,86.1200,100
44713054182001,12:25:13.054,86.1200,8
44713057192451,12:25:13.057,86.0200,100
44713057528520,12:25:13.057,86.1200,100
44801528105679,12:26:41.528,86.1100,1
44820422210210,12:27:00.422,86.1100,100
44909838317181,12:28:29.838,86.3500,100
44909838317181,12:28:29.838,86.3500,79
45028372528003,12:30:28.372,86.0000,11
45122051884497,12:32:02.051,86.1500,1
45285045428769,12:34:45.045,86.1500,1
45448020301407,12:37:28.020,86.1500,1
45611071151693,12:40:11.071,86.1500,1
45774051978741,12:42:54.051,86.1500,1
45940189758146,12:45:40.189,86.1400,1
46224520053974,12:50:24.520,86.3100,76
46224627101074,12:50:24.627,85.9200,100
46339401462121,12:52:19.401,85.8600,1
46339402273468,12:52:19.402,85.7300,1
46339403014253,12:52:19.403,85.7100,20
46339403478199,12:52:19.403,85.7000,10
46339403733918,12:52:19.403,85.7000,10
46339404446742,12:52:19.404,85.6900,1
46339404446742,12:52:19.404,85.6900,1
46339405195533,12:52:19.405,85.6800,1
46339405195533,12:52:19.405,85.6800,5
46426023540175,12:53:46.023,85.6700,4
46426023540175,12:53:46.023,85.6700,1
46426023606806,12:53:46.023,85.7500,100
47078050980613,13:04:38.050,85.8300,1
47241019330707,13:07:21.019,85.9100,1
47241019412630,13:07:21.019,85.9100,100
47404033256552,13:10:04.033,85.8200,1
47875398850898,13:17:55.398,85.9700,5
48382042861345,13:26:22.042,85.8200,1
48485428925224,13:28:05.428,85.7000,4
48485428934503,13:28:05.428,85.7000,10
48485431351775,13:28:05.431,85.7000,94
48485431378391,13:28:05.431,85.7000,228
48485431748966,13:28:05.431,85.6800,15
48485484200060,13:28:05.484,85.6700,15
48489487121278,13:28:09.487,85.6500,5
48489487121278,13:28:09.487,85.6500,4
48489487121278,13:28:09.487,85.6400,1
48489487121278,13:28:09.487,85.6400,19
48489487121278,13:28:09.487,85.6300,20
48489487121278,13:28:09.487,85.6200,5
48489487121278,13:28:09.487,85.6200,2
48489487121278,13:28:09.487,85.6200,5
48489487121278,13:28:09.487,85.6200,8
48489487121278,13:28:09.487,85.6100,5
48489487121278,13:28:09.487,85.6100,5
48489487121278,13:28:09.487,85.6100,10
48489487121278,13:28:09.487,85.6000,1
48489487121278,13:28:09.487,85.6000,4
48489487121278,13:28:09.487,85.6000,5
48489487121278,13:28:09.487,85.5900,1
48489489372688,13:28:09.489,85.5900,1
48489489372688,13:28:09.489,85.5900,8
48565038232303,13:29:25.038,85.6000,1
48653510779212,13:30:53.510,85.5800,10
48653510870557,13:30:53.510,85.5700,2
48653510939979,13:30:53.510,85.5600,20
48653511025307,13:30:53.511,85.5500,10
48708018824645,13:31:48.018,85.5300,1
48834784012213,13:33:54.784,85.5200,10
48834784097608,13:33:54.784,85.5100,10
48834784114665,13:33:54.784,85.4900,1
48834784114665,13:33:54.784,85.4900,9
48834791351703,13:33:54.791,85.5100,10
49197043113774,13:39:57.043,85.6000,1
49300606779542,13:41:40.606,85.6800,100
49300606868218,13:41:40.606,85.6800,1
49300606868218,13:41:40.606,85.6800,8
49300607841302,13:41:40.607,85.6800,20
49311254489971,13:41:51.254,85.6800,10
49320327014950,13:42:00.327,85.6800,4
49379429023477,13:42:59.429,85.5200,20
49513429781136,13:45:13.429,85.5300,10
49513429781136,13:45:13.429,85.4800,20
49513429781136,13:45:13.429,85.4800,2
49523080637602,13:45:23.080,85.5900,1
49686024161022,13:48:06.024,85.5500,1
49849048844382,13:50:49.048,85.5500,1
50013329782670,13:53:33.329,85.6000,1
50368444666187,13:59:28.444,85.4800,4
50368445448293,13:59:28.445,85.4700,5
50368446210685,13:59:28.446,85.4600,10
50368446210685,13:59:28.446,85.4600,10
50368446973524,13:59:28.446,85.4500,10
50368446973524,13:59:28.446,85.4500,1
50368461053897,13:59:28.461,85.4500,4
50368461053897,13:59:28.461,85.4500,3
50368461053897,13:59:28.461,85.4500,2
50379166850175,13:59:39.166,85.4400,1
50379166920139,13:59:39.166,85.4300,10
50379166920139,13:59:39.166,85.4300,7
50380064399817,13:59:40.064,85.4100,1
50380064471388,13:59:40.064,85.4100,4
50383743824755,13:59:43.743,85.4900,4
50388827292605,13:59:48.827,85.4900,96
50388827292605,13:59:48.827,85.4900,4
50390428599526,13:59:50.428,85.5000,100
50390428599526,13:59:50.428,85.5000,8
50390428599526,13:59:50.428,85.5000,92
50410082279856,14:00:10.082,85.5000,8
50410082279856,14:00:10.082,85.5000,92
50410082348747,14:00:10.082,85.5000,8
50421430819507,14:00:21.430,85.8000,10
50447136023833,14:00:47.136,85.3200,1
50447136077843,14:00:47.136,85.2600,10
50890456263135,14:08:10.456,85.1200,9
50920456957866,14:08:40.456,85.1200,11
50920456957866,14:08:40.456,84.7500,10
50990035072318,14:09:50.035,85.2500,1
51153046656434,14:12:33.046,85.2500,1
51316031990244,14:15:16.031,85.2500,1
51479034102226,14:17:59.034,85.2300,1
51726137896948,14:22:06.137,85.6500,20
51726137896948,14:22:06.137,85.6500,100
51726139707224,14:22:06.139,85.5400,90
51726145999198,14:22:06.145,85.6600,44
51726145999198,14:22:06.145,85.6600,16
51728458357414,14:22:08.458,85.7500,4
51728968160112,14:22:08.968,85.7500,96
51728968198757,14:22:08.968,85.7400,100
51729068021970,14:22:09.068,85.9000,100
51774150970254,14:22:54.150,85.9800,100
51797263873990,14:23:17.263,86.0300,10
51797263873990,14:23:17.263,85.9900,90
51797263950252,14:23:17.263,85.9900,10
51797264629817,14:23:17.264,85.9900,10
52147039160700,14:29:07.039,86.4200,20
52188200758172,14:29:48.200,86.4200,27
52235218107487,14:30:35.218,86.3800,1
52235218516904,14:30:35.218,86.3800,1
52235218718245,14:30:35.218,86.3800,1
52235269788560,14:30:35.269,86.3800,41
52235269788560,14:30:35.269,86.4300,1
52603943337702,14:36:43.943,86.5500,100
52603943337702,14:36:43.943,86.5700,7
52603943337702,14:36:43.943,86.5700,1
52603943337702,14:36:43.943,86.5700,100
52603943337702,14:36:43.943,86.5700,200
52603943337702,14:36:43.943,86.5700,192
52603945746535,14:36:43.945,86.5800,524
52603945769640,14:36:43.945,86.5800,42
52603946062559,14:36:43.946,86.5800,100
52605246988225,14:36:45.246,86.5800,24
52808555134600,14:40:08.555,86.5800,1
52946053507317,14:42:26.053,86.7800,1
52993561062931,14:43:13.561,86.7200,19
52993561148194,14:43:13.561,86.7200,81
53064826469608,14:44:24.826,86.5200,100
53064945665827,14:44:24.945,86.5100,100
53109052623505,14:45:09.052,86.6700,1
53208670221727,14:46:48.670,86.5900,25
53208670729713,14:46:48.670,86.5300,100
53208670781882,14:46:48.670,86.4800,100
53209989260247,14:46:49.989,86.4800,16
53272069773706,14:47:52.069,86.5800,1
53435056874244,14:50:35.056,86.3700,10
53435056939486,14:50:35.056,86.5800,1
53598049762260,14:53:18.049,86.5800,1
53761051783705,14:56:01.051,86.5800,1
53926811545164,14:58:46.811,86.6100,1
53949910519198,14:59:09.910,86.8300,12
53949910922262,14:59:09.910,86.8550,100
53949925934853,14:59:09.925,86.8200,58
53970630719902,14:59:30.630,87.0300,28
54087028616999,15:01:27.028,86.8700,1
54090878947174,15:01:30.878,87.0500,100
54090879048574,15:01:30.879,87.0500,7
54090879466314,15:01:30.879,87.0500,7
54241611851828,15:04:01.611,87.3600,100
54241611851828,15:04:01.611,87.3700,1
54250053990584,15:04:10.053,87.2300,1
54365840616008,15:06:05.840,87.4700,100
54367612676307,15:06:07.612,87.2400,100
54413417060171,15:06:53.417,87.3500,1
54516670450056,15:08:36.670,87.4500,1
54516670450056,15:08:36.670,87.4800,99
54550746698365,15:09:10.746,87.4700,100
54576817100196,15:09:36.817,87.3700,1
54593654683218,15:09:53.654,87.4000,77
54616823413295,15:10:16.823,87.4000,23
54742043730550,15:12:22.043,87.3200,1
54742043742365,15:12:22.043,87.2500,100
54742043742365,15:12:22.043,87.2500,3
54742043742365,15:12:22.043,87.2500,100
54786229097420,15:13:06.229,86.9600,40
54786229173307,15:13:06.229,86.9600,60
54786229173307,15:13:06.229,86.9600,100
54786229173307,15:13:06.229,86.9300,40
54786524179961,15:13:06.524,86.9300,35
54896282884293,15:14:56.282,87.0200,100
54904525900030,15:15:04.525,87.1900,1
55066824931362,15:17:46.824,87.1200,1
55086739028911,15:18:06.739,86.9600,10
55121824085759,15:18:41.824,87.0600,100
55121824111315,15:18:41.824,87.0600,5
55170524865759,15:19:30.524,87.0600,3
55170525635730,15:19:30.525,87.0600,2
55221524610643,15:20:21.524,86.9600,9
55222524651671,15:20:22.524,86.9600,8
55328499210456,15:22:08.499,87.1300,50
55328499210456,15:22:08.499,87.1600,100
55328499210456,15:22:08.499,87.1600,100
55328499210456,15:22:08.499,87.1600,100
55328500396571,15:22:08.500,87.1800,100
55328500396571,15:22:08.500,87.1800,100
55429615985120,15:23:49.615,87.3500,100
55495311408328,15:24:55.311,87.3300,61
55523619108562,15:25:23.619,87.6600,1
55523620573074,15:25:23.620,87.6700,100
55523635984539,15:25:23.635,87.6700,82
55523646123219,15:25:23.646,87.6700,40
55523646123219,15:25:23.646,87.6700,12
55523646123219,15:25:23.646,87.6700,100
55717050352363,15:28:37.050,87.7300,1
55841609972866,15:30:41.609,87.5400,100
56054551448938,15:34:14.551,87.5500,4
56054551474579,15:34:14.551,87.5500,46
56054551474579,15:34:14.551,87.5500,15
56124146140663,15:35:24.146,87.4900,100
56124696051534,15:35:24.696,87.4900,3
56124696904984,15:35:24.696,87.4500,100
56124697828097,15:35:24.697,87.4300,100
56126558354862,15:35:26.558,87.4300,2
56126558354862,15:35:26.558,87.4300,2
56126558354862,15:35:26.558,87.4100,90
56126558354862,15:35:26.558,87.4100,1
56126558354862,15:35:26.558,87.3900,5
56126558443402,15:35:26.558,87.3900,95
56136837199166,15:35:36.837,87.2300,2
56136837199166,15:35:36.837,87.2300,2
56144766419724,15:35:44.766,87.1000,18
56144766512103,15:35:44.766,87.1000,18
56154457101696,15:35:54.457,87.0900,3
56155188408781,15:35:55.188,87.2000,18
56155188408781,15:35:55.188,87.2000,100
56155188408781,15:35:55.188,87.2000,100
56178904639776,15:36:18.904,87.4600,100
56223927603262,15:37:03.927,87.4700,100
56240715713574,15:37:20.715,87.4700,100
56240715713574,15:37:20.715,87.4700,100
56247567736115,15:37:27.567,87.4900,100
56247567778335,15:37:27.567,87.4900,75
56247568650920,15:37:27.568,87.4900,25
56293362886897,15:38:13.362,87.5200,100
56294127803385,15:38:14.127,87.5400,18
56341926745825,15:39:01.926,87.5600,17
56344138887563,15:39:04.138,87.5300,77
56344138891455,15:39:04.138,87.5300,23
56344138891455,15:39:04.138,87.5300,2
56344140357066,15:39:04.140,87.5200,6
56403076861986,15:40:03.076,87.5200,68
56403076861986,15:40:03.076,87.4400,17
56406841228688,15:40:06.841,87.4400,1
56406841318834,15:40:06.841,87.4400,1
56464927427528,15:41:04.927,87.4300,18
56514585065326,15:41:54.585,87.4100,19
56514585070190,15:41:54.585,87.4100,19
56524220535558,15:42:04.220,87.4100,20
56528256060044,15:42:08.256,87.4100,14
56528256130432,15:42:08.256,87.4100,2
56528256130432,15:42:08.256,87.3600,15
56528256170454,15:42:08.256,87.3600,2
56588923315054,15:43:08.923,87.3500,4
56653712607579,15:44:13.712,87.4000,5
56682104691093,15:44:42.104,87.5500,169
56713608105915,15:45:13.608,87.5500,60
56713608105915,15:45:13.608,87.5600,24
56713608105915,15:45:13.608,87.5600,40
56713608315075,15:45:13.608,87.5600,60
56713609118891,15:45:13.609,87.5800,7
56713925321434,15:45:13.925,87.6000,100
56714925547927,15:45:14.925,87.6200,18
56723213061097,15:45:23.213,87.6300,1
56723213061097,15:45:23.213,87.6300,19
56775970064455,15:46:15.970,87.6300,17
56775970064455,15:46:15.970,87.6200,33
56775970110095,15:46:15.970,87.6200,67
56775970230670,15:46:15.970,87.5800,20
56819715049739,15:46:59.715,87.5100,166
56819715049739,15:46:59.715,87.5100,1
56819715049739,15:46:59.715,87.5100,18
56898349143280,15:48:18.349,87.4300,17
56979811533334,15:49:39.811,87.4400,10
57019031687331,15:50:19.031,87.4100,1
57019031760458,15:50:19.031,87.4100,16
57029190671307,15:50:29.190,87.5100,100
57039243582816,15:50:39.243,87.5200,100
57039244875148,15:50:39.244,87.5300,100
57139113989406,15:52:19.113,87.4100,1
57141014159785,15:52:21.014,87.4600,17
57151842540341,15:52:31.842,87.4100,4
57161723158357,15:52:41.723,87.4000,10
57176727625064,15:52:56.727,87.4000,23
57226850267375,15:53:46.850,87.4100,1
57255006798114,15:54:15.006,87.4000,17
57272822422111,15:54:32.822,87.4000,1
57272822422111,15:54:32.822,87.4000,13
57281331572884,15:54:41.331,87.4000,38
57281331572884,15:54:41.331,87.4000,1
57281331572884,15:54:41.331,87.4000,1
57281345730381,15:54:41.345,87.4000,1
57282823430436,15:54:42.823,87.2400,26
57299050016022,15:54:59.050,87.3900,23
57315226150227,15:55:15.226,87.3700,100
57325043248447,15:55:25.043,87.3400,18
57325043262617,15:55:25.043,87.3800,100
57325043262617,15:55:25.043,87.3800,300
57325043262617,15:55:25.043,87.3800,4
57325043324633,15:55:25.043,87.3800,71
57325043696850,15:55:25.043,87.3900,100
57385026913814,15:56:25.026,87.4600,17
57385026953811,15:56:25.026,87.4600,1
57426639452727,15:57:06.639,87.4700,33
57431916483172,15:57:11.916,87.5400,10
57446039324142,15:57:26.039,87.5500,17
57474310519494,15:57:54.310,87.5600,87
57474310590582,15:57:54.310,87.5600,13
57544158969038,15:59:04.158,87.6200,34
57544158969038,15:59:04.158,87.6200,62
57544158969038,15:59:04.158,87.6200,5
57551352450094,15:59:11.352,87.6400,20
57551352476519,15:59:11.352,87.6400,80
57551352476519,15:59:11.352,87.6400,82
57551375040224,15:59:11.375,87.7000,46
57551375071133,15:59:11.375,87.7000,54
57563369382506,15:59:23.369,87.7100,100
57568045104440,15:59:28.045,87.6800,17
57570624909825,15:59:30.624,87.7400,62
57571850099122,15:59:31.850,87.7500,89
57571850173335,15:59:31.850,87.7500,11
57571850173335,15:59:31.850,87.7500,100
57571850173335,15:59:31.850,87.7500,20
57571850173335,15:59:31.850,87.7500,6
57573055332114,15:59:33.055,87.8000,1
57578657629960,15:59:38.657,87.7700,100
57578657629960,15:59:38.657,87.8200,44
57589821145792,15:59:49.821,87.8200,56
57589821380158,15:59:49.821,87.8600,8
57599101209535,15:59:59.101,87.8600,92
57599101209535,15:59:59.101,87.8600,1
57599101240929,15:59:59.101,87.8600,1
57600278392527,16:00:00.278,87.8600,3634
