timestamp,time,price,volume
34199400948870,09:29:59.400,11.2300,100
34200632501559,09:30:00.632,11.2500,1529
34420746433627,09:33:40.746,11.2700,4
34448064676532,09:34:08.064,11.2200,10
34574528444549,09:36:14.528,11.2400,3
34731337770020,09:38:51.337,11.2400,17
34731337770020,09:38:51.337,11.2400,83
34731337797854,09:38:51.337,11.2400,117
34731337797854,09:38:51.337,11.2400,79
34734342069933,09:38:54.342,11.2500,100
34734342128337,09:38:54.342,11.2500,79
34929202825005,09:42:09.202,11.2100,95
34929202825005,09:42:09.202,11.2000,47
34929202825005,09:42:09.202,11.2000,58
34929202868287,09:42:09.202,11.2000,42
35076019863336,09:44:36.019,11.1500,5
35076019887535,09:44:36.019,11.1500,95
35076019918878,09:44:36.019,11.1500,95
35076021052701,09:44:36.021,11.1500,100
35235092732676,09:47:15.092,11.1500,10
35280041631782,09:48:00.041,11.1500,200
35280042765332,09:48:00.042,11.1500,25
35282023262695,09:48:02.023,11.1400,100
35290015075473,09:48:10.015,11.1400,100
35290015104714,09:48:10.015,11.1400,63
35290015165103,09:48:10.015,11.1400,100
35509961016112,09:51:49.961,11.1100,6
35509963232943,09:51:49.963,11.1300,100
35707213853411,09:55:07.213,11.1400,100
35707213853411,09:55:07.213,11.1400,100
35707221489781,09:55:07.221,11.1400,65
35707221489781,09:55:07.221,11.1400,35
35707228470826,09:55:07.228,11.1400,65
35707228470826,09:55:07.228,11.1400,35
35707228470826,09:55:07.228,11.1300,37
35763915394189,09:56:03.915,11.1400,65
35763915394189,09:56:03.915,11.1400,35
35763973937659,09:56:03.973,11.1400,65
35763973937659,09:56:03.973,11.1400,35
35763974761211,09:56:03.974,11.1400,65
35763979181061,09:56:03.979,11.1400,100
35764021922375,09:56:04.021,11.1400,100
35764024635302,09:56:04.024,11.1400,100
35764024635302,09:56:04.024,11.1400,100
35764026976539,09:56:04.026,11.1500,100
35764027004968,09:56:04.027,11.1500,100
35764027010480,09:56:04.027,11.1500,100
36172460472630,10:02:52.460,11.1500,100
36292284725984,10:04:52.284,11.1500,50
36292284725984,10:04:52.284,11.1500,100
36292284725984,10:04:52.284,11.1500,150
36309923877016,10:05:09.923,11.1500,50
36309923877016,10:05:09.923,11.1500,50
36309927084550,10:05:09.927,11.1500,100
36371560221605,10:06:11.560,11.1500,2
36371560919037,10:06:11.560,11.1800,100
36371560919037,10:06:11.560,11.1800,100
36371560919037,10:06:11.560,11.1800,37
36371560919037,10:06:11.560,11.1800,100
36371561586672,10:06:11.561,11.2100,100
36406158229830,10:06:46.158,11.1900,100
36665559623036,10:11:05.559,11.1600,2
36834939803733,10:13:54.939,11.1900,100
36852995762303,10:14:12.995,11.2000,6
37085799883714,10:18:05.799,11.2000,100
37085909852922,10:18:05.909,11.2100,100
37190343760500,10:19:50.343,11.2200,100
37190343760500,10:19:50.343,11.2200,100
37190345659388,10:19:50.345,11.2300,100
38109009598402,10:35:09.009,11.2300,100
38468700386556,10:41:08.700,11.2300,55
38659689641891,10:44:19.689,11.2400,21
38659689641891,10:44:19.689,11.2400,100
38659689641891,10:44:19.689,11.2400,100
38659690240366,10:44:19.690,11.2400,100
38659690271120,10:44:19.690,11.2400,100
38659690374253,10:44:19.690,11.2400,100
38659690458532,10:44:19.690,11.2300,100
38659690524015,10:44:19.690,11.2300,100
38659690524015,10:44:19.690,11.2400,30
38659690638924,10:44:19.690,11.2400,30
38760427008165,10:46:00.427,11.2200,100
38760427526805,10:46:00.427,11.2200,100
38892006308585,10:48:12.006,11.1400,20
38892006308585,10:48:12.006,11.1400,100
38892006308585,10:48:12.006,11.1400,14
38892006308585,10:48:12.006,11.1400,60
38892006308585,10:48:12.006,11.1400,306
38892006365723,10:48:12.006,11.1400,94
38892006365723,10:48:12.006,11.1400,1
38897654223754,10:48:17.654,11.1400,99
38897654223754,10:48:17.654,11.1400,20
38897900691134,10:48:17.900,11.1500,100
39467337609116,10:57:47.337,11.1500,100
39467337609116,10:57:47.337,11.1500,100
39494427297966,10:58:14.427,11.1400,100
39585103010028,10:59:45.103,11.1400,200
39585103010028,10:59:45.103,11.1400,10
39585103010028,10:59:45.103,11.1400,5
39585103010028,10:59:45.103,11.1400,5
39585103010028,10:59:45.103,11.1400,100
39673887206155,11:01:13.887,11.1800,100
39673887206155,11:01:13.887,11.1800,100
40003457637400,11:06:43.457,11.1800,100
40108552827866,11:08:28.552,11.1500,100
40265542494961,11:11:05.542,11.1300,53
40292597727957,11:11:32.597,11.1300,47
40320314900578,11:12:00.314,11.1400,5
40326625632683,11:12:06.625,11.1200,1
40326625632683,11:12:06.625,11.1200,94
40326625692653,11:12:06.625,11.1200,6
40481684302884,11:14:41.684,11.1400,100
40481684823487,11:14:41.684,11.1400,100
40481684898622,11:14:41.684,11.1500,100
40481684898622,11:14:41.684,11.1500,100
40481684898622,11:14:41.684,11.1500,95
40501116615591,11:15:01.116,11.1600,15
40501116615591,11:15:01.116,11.1600,60
40930181578857,11:22:10.181,11.1500,31
40930181582832,11:22:10.181,11.1500,63
40930181609435,11:22:10.181,11.1500,6
41012655305084,11:23:32.655,11.1200,58
41288712230517,11:28:08.712,11.1300,100
41288712258985,11:28:08.712,11.1300,5
41288712258985,11:28:08.712,11.1300,5
41288712258985,11:28:08.712,11.1300,100
41611129504836,11:33:31.129,11.1400,95
41611129534195,11:33:31.129,11.1400,5
41616673084268,11:33:36.673,11.1500,100
41616673124256,11:33:36.673,11.1500,5
41948576628119,11:39:08.576,11.1300,100
41948576683789,11:39:08.576,11.1300,100
41961234390726,11:39:21.234,11.1300,50
42066691493067,11:41:06.691,11.1300,50
42130896662172,11:42:10.896,11.1300,6
42130896865838,11:42:10.896,11.1400,100
42244989483702,11:44:04.989,11.1600,100
42532586595943,11:48:52.586,11.1600,5
42532586595943,11:48:52.586,11.1600,95
42532586633834,11:48:52.586,11.1600,5
43050933577327,11:57:30.933,11.1500,37
43050933611261,11:57:30.933,11.1500,63
43050933611261,11:57:30.933,11.1500,28
43050933928160,11:57:30.933,11.1500,46
43050933976017,11:57:30.933,11.1500,26
43169786566888,11:59:29.786,11.1600,100
43169786590749,11:59:29.786,11.1600,100
43177136509366,11:59:37.136,11.1500,100
43362677467888,12:02:42.677,11.1600,100
43362677504718,12:02:42.677,11.1600,5
43362677504718,12:02:42.677,11.1600,100
43740669689096,12:09:00.669,11.1600,8
43804199835096,12:10:04.199,11.1800,100
43804200280657,12:10:04.200,11.1800,100
44079151635277,12:14:39.151,11.2000,100
44307200242540,12:18:27.200,11.1900,100
44549841929896,12:22:29.841,11.2100,100
44549842270928,12:22:29.842,11.2100,100
44793426755086,12:26:33.426,11.1900,100
44793427925633,12:26:33.427,11.1900,29
44793427932632,12:26:33.427,11.1900,5
44793427950738,12:26:33.427,11.1900,95
45396187809015,12:36:36.187,11.1800,100
45882847021802,12:44:42.847,11.1500,100
45882847609007,12:44:42.847,11.1500,100
45885806916187,12:44:45.806,11.1500,31
46153960220601,12:49:13.960,11.1600,80
46153960279204,12:49:13.960,11.1600,20
46153960279204,12:49:13.960,11.1600,100
46464011323528,12:54:24.011,11.1900,3
46464011323528,12:54:24.011,11.1900,27
46535383666401,12:55:35.383,11.1700,100
46535384854470,12:55:35.384,11.1700,29
46592937796920,12:56:32.937,11.1650,100
46624840849963,12:57:04.840,11.1700,20
46624840849963,12:57:04.840,11.1700,80
46624840889630,12:57:04.840,11.1700,20
46984600472788,13:03:04.600,11.1900,99
46984600764359,13:03:04.600,11.1900,1
48288793867672,13:24:48.793,11.1900,100
48288793965766,13:24:48.793,11.1900,20
48895008854039,13:34:55.008,11.2100,5
48895008854039,13:34:55.008,11.2100,95
48934266113874,13:35:34.266,11.2100,5
48934266113874,13:35:34.266,11.2100,95
48959249495350,13:35:59.249,11.2100,5
48959249495350,13:35:59.249,11.2100,95
49047772945888,13:37:27.772,11.2000,1
49419171278846,13:43:39.171,11.1800,100
49419182884174,13:43:39.182,11.1800,100
49573362049299,13:46:13.362,11.1900,100
49573362114804,13:46:13.362,11.1900,100
49578462639078,13:46:18.462,11.1900,87
49578462639078,13:46:18.462,11.1900,13
49653757836579,13:47:33.757,11.1900,87
49653758028695,13:47:33.758,11.1800,196
49654680744619,13:47:34.680,11.1700,19
49654680774570,13:47:34.680,11.1700,1
49715857931269,13:48:35.857,11.1600,100
49717316771039,13:48:37.316,11.1700,46
49717316883462,13:48:37.316,11.1700,54
50069418915660,13:54:29.418,11.1800,65
50069418920443,13:54:29.418,11.1800,35
50409447646453,14:00:09.447,11.2000,5
50409447646453,14:00:09.447,11.2000,5
50409447646453,14:00:09.447,11.2000,100
50409447646453,14:00:09.447,11.2000,5
50409447646453,14:00:09.447,11.2000,100
50434324338520,14:00:34.324,11.2200,100
50434468557158,14:00:34.468,11.2300,3
50613647120217,14:03:33.647,11.2500,21
50640110719616,14:04:00.110,11.2600,100
50690744396174,14:04:50.744,11.2700,196
50690744396174,14:04:50.744,11.2700,4
50762842716629,14:06:02.842,11.2700,100
50762862124968,14:06:02.862,11.2700,5
50762862124968,14:06:02.862,11.2600,95
50762881935469,14:06:02.881,11.2500,100
50762990329992,14:06:02.990,11.2500,600
50762990357184,14:06:02.990,11.2500,6175
50765963525969,14:06:05.963,11.2600,40
50799276424277,14:06:39.276,11.2700,100
50799276424277,14:06:39.276,11.2700,100
51030950458497,14:10:30.950,11.2700,100
51157907429112,14:12:37.907,11.2600,100
51157907454730,14:12:37.907,11.2600,15
51157907473592,14:12:37.907,11.2600,85
51157907473592,14:12:37.907,11.2600,5
51157907473592,14:12:37.907,11.2600,5
51157907514408,14:12:37.907,11.2500,95
51157907514408,14:12:37.907,11.2600,100
51202336285012,14:13:22.336,11.2800,100
51202336289738,14:13:22.336,11.2800,100
51474362569838,14:17:54.362,11.2800,63
51474362570815,14:17:54.362,11.2800,37
51474362570815,14:17:54.362,11.2800,44
51474363656578,14:17:54.363,11.2800,29
51484651919320,14:18:04.651,11.2800,20
51574312617321,14:19:34.312,11.2900,100
51574312617321,14:19:34.312,11.2900,100
51574312617321,14:19:34.312,11.2900,100
52497448693712,14:34:57.448,11.2900,100
52497448693712,14:34:57.448,11.2900,10
52497448693712,14:34:57.448,11.2900,5
52497448693712,14:34:57.448,11.2900,85
52497448735449,14:34:57.448,11.2900,15
52497449428096,14:34:57.449,11.3000,50
52497449428096,14:34:57.449,11.3000,1000
52497449463567,14:34:57.449,11.3000,100
52497449489597,14:34:57.449,11.3000,100
52497450203741,14:34:57.450,11.3000,100
52561089852850,14:36:01.089,11.3000,100
52561091987468,14:36:01.091,11.2800,1
52561092010755,14:36:01.092,11.2800,1
52603966582768,14:36:43.966,11.2700,100
52691830171616,14:38:11.830,11.2900,1
52691837016913,14:38:11.837,11.2900,100
52732338618659,14:38:52.338,11.2800,100
52995070723858,14:43:15.070,11.2800,100
53091979075497,14:44:51.979,11.2800,20
53091979075497,14:44:51.979,11.2800,80
53193407715694,14:46:33.407,11.2800,100
53287383951151,14:48:07.383,11.2800,100
53337256059249,14:48:57.256,11.2700,100
53342490780540,14:49:02.490,11.2700,100
53399282504886,14:49:59.282,11.2700,100
53399284223060,14:49:59.284,11.2800,100
53652458349223,14:54:12.458,11.2900,100
53653470645905,14:54:13.470,11.2900,20
53653470645905,14:54:13.470,11.2900,20
53653470645905,14:54:13.470,11.2900,60
53653470783186,14:54:13.470,11.2900,11
53653470805913,14:54:13.470,11.2900,9
53658104997417,14:54:18.104,11.2900,93
53658105003202,14:54:18.105,11.2900,7
53677293509131,14:54:37.293,11.2600,100
53689151457748,14:54:49.151,11.2600,100
53689243178597,14:54:49.243,11.2600,11
53689243723389,14:54:49.243,11.2600,9
53689243723389,14:54:49.243,11.2600,91
53689243748347,14:54:49.243,11.2600,2
53691544579975,14:54:51.544,11.2600,100
53691545017276,14:54:51.545,11.2600,100
53699374362971,14:54:59.374,11.2700,5
53699374362971,14:54:59.374,11.2700,5
53699374362971,14:54:59.374,11.2700,10
53699374362971,14:54:59.374,11.2700,80
53699374410908,14:54:59.374,11.2700,20
53699376722246,14:54:59.376,11.2800,100
53706299593977,14:55:06.299,11.3100,100
54091540824628,15:01:31.540,11.3200,5
54091540824628,15:01:31.540,11.3200,100
54196192368476,15:03:16.192,11.3100,10
54196192368476,15:03:16.192,11.3100,10
54196192368476,15:03:16.192,11.3100,100
54196192368476,15:03:16.192,11.3100,100
54196196503143,15:03:16.196,11.3100,100
54196196503143,15:03:16.196,11.3100,100
54196196503143,15:03:16.196,11.3100,100
54196424233206,15:03:16.424,11.3100,14
54246374446464,15:04:06.374,11.3100,11
54246374446464,15:04:06.374,11.3100,12
54246374451907,15:04:06.374,11.3100,33
54623044482274,15:10:23.044,11.3100,15
54756965121273,15:12:36.965,11.3000,20
54756965121273,15:12:36.965,11.3000,100
54757003999671,15:12:37.003,11.3000,100
54945750467296,15:15:45.750,11.3100,100
54945750499427,15:15:45.750,11.3100,100
54945750499427,15:15:45.750,11.3100,100
54964830283219,15:16:04.830,11.3200,100
54964830438718,15:16:04.830,11.3200,100
55035050904906,15:17:15.050,11.3100,90
55216922252728,15:20:16.922,11.3200,100
55328813209218,15:22:08.813,11.3100,10
55328813209218,15:22:08.813,11.3100,23
55328813218301,15:22:08.813,11.3100,33
55328813221683,15:22:08.813,11.3100,34
55328815126672,15:22:08.815,11.3100,100
55328815126672,15:22:08.815,11.3100,100
55328838166301,15:22:08.838,11.3100,4
55328843875582,15:22:08.843,11.3100,10
55688607486240,15:28:08.607,11.3000,28
55688607740320,15:28:08.607,11.3000,172
55688607740320,15:28:08.607,11.3000,100
55688607740320,15:28:08.607,11.3000,100
55796746352000,15:29:56.746,11.3000,71
55796746357656,15:29:56.746,11.3000,29
55796746357656,15:29:56.746,11.3000,5
55796746381926,15:29:56.746,11.3000,33
55796746389575,15:29:56.746,11.3000,62
55796748745411,15:29:56.748,11.2900,930
55796748745411,15:29:56.748,11.2900,100
55844694905919,15:30:44.694,11.3000,39
56106892900319,15:35:06.892,11.2900,100
56106892900319,15:35:06.892,11.2900,100
56106894023529,15:35:06.894,11.2700,20
56341841489976,15:39:01.841,11.2700,80
56341842628157,15:39:01.842,11.2700,20
56344765103078,15:39:04.765,11.2750,100
56344765103078,15:39:04.765,11.2800,94
56344765402752,15:39:04.765,11.2800,6
56344765402752,15:39:04.765,11.2800,5
56344765402752,15:39:04.765,11.2800,10
56344765402752,15:39:04.765,11.2800,38
56344765406878,15:39:04.765,11.2800,30
56344765443129,15:39:04.765,11.2800,11
56648910788593,15:44:08.910,11.2900,100
56691293209204,15:44:51.293,11.2900,30
56947004703261,15:49:07.004,11.2900,100
56947004703261,15:49:07.004,11.2900,100
56947004703261,15:49:07.004,11.2900,91
56947004703261,15:49:07.004,11.2900,100
56947004703261,15:49:07.004,11.2900,100
56947004819528,15:49:07.004,11.2900,100
56947004897482,15:49:07.004,11.2900,13
56947005622975,15:49:07.005,11.2900,87
56947005622975,15:49:07.005,11.2900,100
56947005622975,15:49:07.005,11.2900,13
56947005654426,15:49:07.005,11.2900,87
56947021886846,15:49:07.021,11.2700,34
56947021886846,15:49:07.021,11.2700,19
57018886447409,15:50:18.886,11.2700,100
57018888360757,15:50:18.888,11.2600,55
57018888360757,15:50:18.888,11.2600,4
57019763539538,15:50:19.763,11.2500,12
57025810813562,15:50:25.810,11.2550,82
57054374556731,15:50:54.374,11.2600,100
57054374556731,15:50:54.374,11.2600,100
57054374594856,15:50:54.374,11.2600,5
57197040644438,15:53:17.040,11.2700,100
57201704802003,15:53:21.704,11.2700,5
57267134988114,15:54:27.134,11.2800,55
57267134993007,15:54:27.134,11.2800,16
57267134995013,15:54:27.134,11.2800,29
57303989184046,15:55:03.989,11.2900,100
57303989347261,15:55:03.989,11.2900,100
57303989475779,15:55:03.989,11.2900,14
57307383880102,15:55:07.383,11.2900,20
57307383949335,15:55:07.383,11.2900,280
57442052857811,15:57:22.052,11.3000,41
57442052931984,15:57:22.052,11.3000,39
57443998824230,15:57:23.998,11.2900,100
57443998824230,15:57:23.998,11.2900,100
57443998824230,15:57:23.998,11.2900,86
57443998824230,15:57:23.998,11.2900,100
57443998824230,15:57:23.998,11.2900,95
57443998824230,15:57:23.998,11.2900,51
57443998824230,15:57:23.998,11.2900,155
57443998824230,15:57:23.998,11.2900,154
57443998915955,15:57:23.998,11.2900,100
57443999026384,15:57:23.999,11.2900,100
57513822861167,15:58:33.822,11.2900,2
57528212682772,15:58:48.212,11.2900,98
57528212682772,15:58:48.212,11.2900,100
57528212682772,15:58:48.212,11.2900,100
57528212682772,15:58:48.212,11.2900,165
57528212682772,15:58:48.212,11.2900,100
57528212682772,15:58:48.212,11.2900,154
57528212682772,15:58:48.212,11.2900,155
57528212682772,15:58:48.212,11.2900,100
57528212971384,15:58:48.212,11.2900,24
57528212995977,15:58:48.212,11.2900,76
57552171591845,15:59:12.171,11.3000,42
57567026175234,15:59:27.026,11.2850,100
57570307271135,15:59:30.307,11.2900,5
57570848914029,15:59:30.848,11.2900,30
57581706550174,15:59:41.706,11.2800,5
57585630445106,15:59:45.630,11.2850,43
57585632723156,15:59:45.632,11.2800,126
57585632840171,15:59:45.632,11.2800,34
57585632840171,15:59:45.632,11.2800,3
57586625928727,15:59:46.625,11.2800,9
57586625955889,15:59:46.625,11.2800,143
57586625955889,15:59:46.625,11.2800,100
57586625955889,15:59:46.625,11.2800,22
57586625955889,15:59:46.625,11.2800,154
57586625955889,15:59:46.625,11.2800,55
57586626164158,15:59:46.626,11.2800,100
57587644170298,15:59:47.644,11.2800,100
57594112049609,15:59:54.112,11.2700,3
57595229689797,15:59:55.229,11.2700,73
57600763856560,16:00:00.763,11.2900,14123
