timestamp,time,price,volume
27654350615063,07:40:54.350,20.8300,100
30587962196272,08:29:47.962,21.0000,400
30669638781120,08:31:09.638,21.0300,100
31332336870319,08:42:12.336,21.1600,400
31332336870319,08:42:12.336,21.1600,100
31332337458577,08:42:12.337,21.1500,100
31335632657268,08:42:15.632,21.1400,100
31335632657268,08:42:15.632,21.1400,150
31335758506407,08:42:15.758,21.1400,37
31335885093914,08:42:15.885,21.1400,63
31335885093914,08:42:15.885,21.1400,37
31336010963704,08:42:16.010,21.1400,63
31336180533237,08:42:16.180,21.1400,62
31336307018102,08:42:16.307,21.1400,38
31336307018102,08:42:16.307,21.1400,62
31336464215490,08:42:16.464,21.1300,50
31337342813201,08:42:17.342,21.1400,38
31337342813201,08:42:17.342,21.1400,12
31337469962775,08:42:17.469,21.1400,88
31337469962775,08:42:17.469,21.1400,12
31337596587990,08:42:17.596,21.1400,88
31384307526096,08:43:04.307,21.1400,100
31384307526096,08:43:04.307,21.1400,400
31473518535839,08:44:33.518,21.1500,400
31608175521222,08:46:48.175,21.1400,363
31761818372938,08:49:21.818,21.1600,100
32343986165775,08:59:03.986,21.1700,4
32460031365464,09:01:00.031,21.2000,58
32740270061589,09:05:40.270,21.2000,100
32774938223138,09:06:14.938,21.1900,6
33290072116360,09:14:50.072,21.1600,119
33290072116360,09:14:50.072,21.1600,381
33300025013414,09:15:00.025,21.1500,100
33300025013414,09:15:00.025,21.1500,400
33300025013414,09:15:00.025,21.1500,96
33394963647337,09:16:34.963,21.1400,135
33420004580824,09:17:00.004,21.1600,4
33420004604054,09:17:00.004,21.1300,100
33766077693555,09:22:46.077,21.1600,100
33900141773794,09:25:00.141,21.1600,13
33900141773794,09:25:00.141,21.1600,400
33900141773794,09:25:00.141,21.1600,100
34080005680578,09:28:00.005,21.1000,100
34080013468435,09:28:00.013,21.1000,300
34080060405737,09:28:00.060,21.1000,100
34080060405737,09:28:00.060,21.1000,100
34080060405737,09:28:00.060,21.0800,100
34080060405737,09:28:00.060,21.0800,100
34080060405737,09:28:00.060,21.0800,100
34080063917673,09:28:00.063,21.0700,100
34080064621386,09:28:00.064,21.0600,100
34085055565696,09:28:05.055,21.0600,100
34085055565696,09:28:05.055,21.0600,163
34085056327691,09:28:05.056,21.0600,62
34085057066416,09:28:05.057,21.0400,100
34085276802625,09:28:05.276,21.0600,238
34112033874850,09:28:32.033,21.0900,11
34115006536076,09:28:35.006,21.0600,400
34115007302393,09:28:35.007,21.0600,100
34195015735770,09:29:55.015,21.0600,237
34195015991707,09:29:55.015,21.0600,163
34195015991707,09:29:55.015,21.0600,74
34200011179714,09:30:00.011,21.0600,64
34200306119036,09:30:00.306,21.0400,37
34200933057077,09:30:00.933,0.0000,0
34212609790534,09:30:12.609,21.0500,100
34212609790534,09:30:12.609,21.0500,412
34212611578014,09:30:12.611,21.0400,200
34213123181773,09:30:13.123,20.9900,100
34213123208560,09:30:13.123,20.9900,100
34216182030989,09:30:16.182,21.0000,200
34216218114377,09:30:16.218,21.0000,88
34217577913372,09:30:17.577,21.0200,200
34226746353422,09:30:26.746,21.0200,100
34242873510400,09:30:42.873,21.0200,38
34242873510400,09:30:42.873,21.0100,162
34242873888415,09:30:42.873,21.0100,38
34255201920818,09:30:55.201,21.0200,100
34255207875202,09:30:55.207,21.0250,100
34255229737671,09:30:55.229,21.0300,25
34264072411683,09:31:04.072,21.0100,100
34266524575354,09:31:06.524,21.0000,32
34266524600689,09:31:06.524,21.0000,18
34266524682089,09:31:06.524,20.9900,200
34266787406918,09:31:06.787,20.9800,7
34266787406918,09:31:06.787,20.9800,100
34266847815649,09:31:06.847,20.9800,75
34266847815649,09:31:06.847,20.9800,12
34267043920032,09:31:07.043,20.9800,50
34269491980493,09:31:09.491,20.9800,38
34276409918089,09:31:16.409,20.9800,200
34281515611670,09:31:21.515,20.9700,50
34281515611670,09:31:21.515,20.9700,200
34281970198316,09:31:21.970,20.9800,100
34282107691394,09:31:22.107,20.9800,100
34282109900949,09:31:22.109,20.9800,100
34292126809769,09:31:32.126,20.9900,100
34293599956440,09:31:33.599,20.9900,50
34293600485494,09:31:33.600,20.9800,200
34293744614547,09:31:33.744,20.9800,50
34293876026773,09:31:33.876,20.9800,50
34293876304679,09:31:33.876,20.9800,100
34293877279977,09:31:33.877,20.9800,38
34299271648760,09:31:39.271,20.9800,200
34299885649988,09:31:39.885,20.9800,200
34300011020953,09:31:40.011,20.9800,50
34315454814684,09:31:55.454,20.9800,100
34315454814684,09:31:55.454,20.9800,100
34315454814684,09:31:55.454,20.9800,100
34315455689890,09:31:55.455,20.9700,100
34315457023064,09:31:55.457,20.9700,100
34315460001589,09:31:55.460,20.9800,10
34315460001589,09:31:55.460,20.9800,190
34315582027666,09:31:55.582,20.9900,100
34329858658559,09:32:09.858,20.9600,100
34329859317905,09:32:09.859,20.9600,100
34329960190297,09:32:09.960,20.9600,100
34329986127883,09:32:09.986,20.9800,200
34329986486869,09:32:09.986,20.9800,100
34329986486869,09:32:09.986,20.9800,100
34329986592508,09:32:09.986,20.9750,300
34330149482648,09:32:10.149,20.9700,50
34345071129920,09:32:25.071,20.9500,62
34345071129920,09:32:25.071,20.9500,39
34345101570589,09:32:25.101,20.9400,100
34345101570589,09:32:25.101,20.9400,100
34345198129335,09:32:25.198,20.9400,150
34375586390637,09:32:55.586,20.9700,22
34375586474602,09:32:55.586,20.9700,11
34381251294292,09:33:01.251,20.9600,100
34381251323783,09:33:01.251,20.9600,100
34381251404582,09:33:01.251,20.9600,100
34381380204734,09:33:01.380,20.9600,93
34384098950493,09:33:04.098,20.9600,50
34384335366440,09:33:04.335,20.9600,8
34384335366440,09:33:04.335,20.9700,8
34428399102665,09:33:48.399,20.9800,13
34438612156154,09:33:58.612,20.9600,52
34438612239665,09:33:58.612,20.9600,48
34438730697817,09:33:58.730,20.9600,8
34450320307299,09:34:10.320,20.9700,50
34456760323807,09:34:16.760,20.9500,100
34487142136166,09:34:47.142,20.9500,25
34495580531790,09:34:55.580,20.9400,3
34495580556242,09:34:55.580,20.9400,10
34496099122378,09:34:56.099,20.9200,100
34496099855186,09:34:56.099,20.9200,100
34496267699611,09:34:56.267,20.9300,100
34496624887715,09:34:56.624,20.9500,2
34496624912550,09:34:56.624,20.9500,98
34508779477568,09:35:08.779,20.9200,100
34511365396778,09:35:11.365,20.9100,100
34511368172250,09:35:11.368,20.9100,100
34511490358592,09:35:11.490,20.9100,100
34519334674864,09:35:19.334,20.9100,50
34519501279053,09:35:19.501,20.9100,50
34519624630674,09:35:19.624,20.9100,12
34531737775830,09:35:31.737,20.9100,4
34531737800084,09:35:31.737,20.9100,21
34532013670251,09:35:32.013,20.9100,25
34535714274346,09:35:35.714,20.9000,88
34535866388064,09:35:35.866,20.9000,25
34557689216707,09:35:57.689,20.8900,50
34562408610366,09:36:02.408,20.9100,75
34565103119873,09:36:05.103,20.8900,100
34572599703050,09:36:12.599,20.8700,62
34590488341327,09:36:30.488,20.8700,163
34597024480080,09:36:37.024,20.8700,87
34597024480080,09:36:37.024,20.8600,100
34597024480080,09:36:37.024,20.8600,13
34597024710936,09:36:37.024,20.8600,87
34597027623846,09:36:37.027,20.8500,100
34597058905277,09:36:37.058,20.8500,100
34597163811040,09:36:37.163,20.8600,100
34597163811040,09:36:37.163,20.8600,100
34597163811040,09:36:37.163,20.8600,100
34597163970898,09:36:37.163,20.8600,100
34613567571489,09:36:53.567,20.8600,100
34613758379196,09:36:53.758,20.8600,100
34613758379196,09:36:53.758,20.8600,100
34622641207597,09:37:02.641,20.8900,25
34622710953907,09:37:02.710,20.8900,25
34630844616391,09:37:10.844,20.8900,25
34631455471042,09:37:11.455,20.9000,50
34631584830455,09:37:11.584,20.9000,100
34631584942818,09:37:11.584,20.9000,50
34631844225772,09:37:11.844,20.9000,100
34637905948456,09:37:17.905,20.9000,100
34637905984342,09:37:17.905,20.9000,25
34638052583851,09:37:18.052,20.9000,100
34638052583851,09:37:18.052,20.9000,100
34638052583851,09:37:18.052,20.9000,50
34660031838688,09:37:40.031,20.8800,38
34660414798331,09:37:40.414,20.8700,100
34660414798331,09:37:40.414,20.8700,200
34673198768448,09:37:53.198,20.8700,100
34673469603013,09:37:53.469,20.8700,100
34673598370770,09:37:53.598,20.8700,100
34673604653281,09:37:53.604,20.8700,100
34673851354587,09:37:53.851,20.8700,100
34673857159230,09:37:53.857,20.8700,100
34673982082253,09:37:53.982,20.8700,100
34673994682357,09:37:53.994,20.8700,25
34675947153609,09:37:55.947,20.8800,100
34675954358780,09:37:55.954,20.8800,75
34675954358780,09:37:55.954,20.8700,100
34675954358780,09:37:55.954,20.8700,100
34675954358780,09:37:55.954,20.8700,25
34676116448311,09:37:56.116,20.8800,25
34687855830357,09:38:07.855,20.9100,100
34689582080671,09:38:09.582,20.9200,100
34693575588165,09:38:13.575,20.8900,100
34693575588165,09:38:13.575,20.8900,100
34693581727289,09:38:13.581,20.8800,100
34693582404080,09:38:13.582,20.8800,100
34693582778968,09:38:13.582,20.8800,100
34693582778968,09:38:13.582,20.8800,75
34731511886457,09:38:51.511,20.9000,100
34732637786032,09:38:52.637,20.9200,25
34775877333207,09:39:35.877,20.9100,100
34776013809435,09:39:36.013,20.9100,33
34776024459450,09:39:36.024,20.9200,50
34776151780838,09:39:36.151,20.9200,50
34861532699932,09:41:01.532,20.9400,5
34861533101621,09:41:01.533,20.9400,95
34861533101621,09:41:01.533,20.9400,3
34861533540688,09:41:01.533,20.9400,73
34861533555723,09:41:01.533,20.9400,24
34861686788358,09:41:01.686,20.9400,25
34861843189351,09:41:01.843,20.9400,12
34862295533303,09:41:02.295,20.9300,25
34862297470116,09:41:02.297,20.9300,75
34862306485567,09:41:02.306,20.9400,25
34862342967851,09:41:02.342,20.9200,100
34876293835941,09:41:16.293,20.9100,38
34919516472056,09:41:59.516,20.9100,25
34920939227622,09:42:00.939,20.9100,50
34926295483818,09:42:06.295,20.9100,25
34935895213302,09:42:15.895,20.9100,25
34939393805272,09:42:19.393,20.9100,50
34953007549007,09:42:33.007,20.9000,100
34986162464402,09:43:06.162,20.8900,100
34986162464402,09:43:06.162,20.8900,100
34986572934686,09:43:06.572,20.8900,100
34986572959674,09:43:06.572,20.8900,25
35001591128208,09:43:21.591,20.9200,100
35001591128208,09:43:21.591,20.9200,100
35051939460321,09:44:11.939,20.9300,75
35071009340513,09:44:31.009,20.9300,25
35120048807711,09:45:20.048,20.9300,100
35120048866972,09:45:20.048,20.9300,50
35121619365764,09:45:21.619,20.9300,25
35130323488309,09:45:30.323,20.9200,100
35131569594489,09:45:31.569,20.9100,25
35131570245007,09:45:31.570,20.9000,13
35163516751804,09:46:03.516,20.9100,100
35163516751804,09:46:03.516,20.9100,100
35184245846905,09:46:24.245,20.9100,100
35217838935107,09:46:57.838,20.9000,100
35217965727313,09:46:57.965,20.9000,100
35217965727313,09:46:57.965,20.9000,100
35280216783833,09:48:00.216,20.9000,100
35290664880120,09:48:10.664,20.9000,100
35290806752995,09:48:10.806,20.9000,100
35297223093065,09:48:17.223,20.8900,8
35297223290040,09:48:17.223,20.8900,11
35297223937184,09:48:17.223,20.8900,14
35297223941466,09:48:17.223,20.8900,67
35297622588068,09:48:17.622,20.8800,100
35338296620381,09:48:58.296,20.8800,100
35376927747453,09:49:36.927,20.8800,80
35408443497302,09:50:08.443,20.8800,9
35408443548067,09:50:08.443,20.8800,11
35408576967117,09:50:08.576,20.8700,100
35408577512953,09:50:08.577,20.8800,50
35408578295991,09:50:08.578,20.8800,100
35408578295991,09:50:08.578,20.8800,100
35408578295991,09:50:08.578,20.8800,100
35408579316801,09:50:08.579,20.8800,100
35408581495401,09:50:08.581,20.8800,100
35411256122753,09:50:11.256,20.8800,75
35411380014979,09:50:11.380,20.8800,100
35411380014979,09:50:11.380,20.8800,100
35411380014979,09:50:11.380,20.8800,100
35411380014979,09:50:11.380,20.8800,75
35411397795808,09:50:11.397,20.8800,25
35435639865126,09:50:35.639,20.8600,100
35437375018523,09:50:37.375,20.8600,50
35437684176405,09:50:37.684,20.8600,25
35437935114611,09:50:37.935,20.8600,13
35451436027268,09:50:51.436,20.8500,100
35451436070717,09:50:51.436,20.8500,50
35456185118122,09:50:56.185,20.8400,100
35456185305154,09:50:56.185,20.8400,100
35456185305154,09:50:56.185,20.8400,100
35456186337883,09:50:56.186,20.8400,100
35456186337883,09:50:56.186,20.8400,100
35456312445643,09:50:56.312,20.8400,100
35456312445643,09:50:56.312,20.8400,100
35485529292626,09:51:25.529,20.8300,100
35513401807189,09:51:53.401,20.8100,100
35525298965718,09:52:05.298,20.8200,100
35533831733533,09:52:13.831,20.8300,100
35536303822161,09:52:16.303,20.8300,100
35536303988152,09:52:16.303,20.8300,100
35538029731433,09:52:18.029,20.8300,100
35577332425588,09:52:57.332,20.8300,100
35577332425588,09:52:57.332,20.8300,62
35577457742364,09:52:57.457,20.8300,9
35617105572876,09:53:37.105,20.8400,100
35635337874738,09:53:55.337,20.8500,200
35643120842756,09:54:03.120,20.8600,100
35643124069934,09:54:03.124,20.8500,100
35667557971903,09:54:27.557,20.8500,100
35667558021215,09:54:27.558,20.8500,100
35667683531895,09:54:27.683,20.8500,100
35667703765618,09:54:27.703,20.8500,100
35667825760204,09:54:27.825,20.8500,87
35774814884490,09:56:14.814,20.8400,100
35887840823667,09:58:07.840,20.7900,100
35888115285875,09:58:08.115,20.8000,100
35900223149688,09:58:20.223,20.7900,100
35900225327849,09:58:20.225,20.7900,50
35962047813155,09:59:22.047,20.8400,25
35965406150794,09:59:25.406,20.8400,75
35974966363845,09:59:34.966,20.8500,25
36103090368387,10:01:43.090,20.8400,100
36103199767518,10:01:43.199,20.8300,100
36110648935681,10:01:50.648,20.8100,72
36110648962464,10:01:50.648,20.8100,28
36117257661898,10:01:57.257,20.8100,47
36118448226170,10:01:58.448,20.8100,53
36218452347986,10:03:38.452,20.7700,100
36218452374547,10:03:38.452,20.7700,300
36232614277307,10:03:52.614,20.7800,100
36232614892212,10:03:52.614,20.7800,100
36265369225875,10:04:25.369,20.7600,100
36265376687512,10:04:25.376,20.7600,100
36265376687512,10:04:25.376,20.7600,100
36265376687512,10:04:25.376,20.7600,700
36265392717606,10:04:25.392,20.7600,100
36265443564893,10:04:25.443,20.7600,13
36265448713868,10:04:25.448,20.7600,87
36292437221867,10:04:52.437,20.7500,436
36292439717139,10:04:52.439,20.7500,1264
36292439717139,10:04:52.439,20.7500,1930
36292439717139,10:04:52.439,20.7500,100
36292439717139,10:04:52.439,20.7500,100
36292439717139,10:04:52.439,20.7500,100
36293170502163,10:04:53.170,20.7200,100
36293653842186,10:04:53.653,20.7200,200
36299755685024,10:04:59.755,20.7400,100
36299755713558,10:04:59.755,20.7400,75
36318005497297,10:05:18.005,20.7200,100
36318956123731,10:05:18.956,20.7300,100
36318956183198,10:05:18.956,20.7300,25
36319097574068,10:05:19.097,20.7300,75
36319216013093,10:05:19.216,20.7300,25
36355933136705,10:05:55.933,20.7400,13
36379440359809,10:06:19.440,20.7300,100
36388432357599,10:06:28.432,20.7400,37
36409338003756,10:06:49.338,20.7200,100
36409943004316,10:06:49.943,20.7200,100
36432659915101,10:07:12.659,20.7200,95
36432659943029,10:07:12.659,20.7200,5
36433255178353,10:07:13.255,20.7100,100
36433255178353,10:07:13.255,20.7100,100
36473129366928,10:07:53.129,20.7100,100
36486007772219,10:08:06.007,20.7000,146
36486007798580,10:08:06.007,20.7000,54
36486141538866,10:08:06.141,20.7000,100
36508704121860,10:08:28.704,20.7100,150
36540968705641,10:09:00.968,20.6900,100
36540968705641,10:09:00.968,20.6900,700
36540968705641,10:09:00.968,20.6900,100
36540968710704,10:09:00.968,20.6900,200
36542493035297,10:09:02.493,20.6800,96
36542500741486,10:09:02.500,20.6800,4
36543311427468,10:09:03.311,20.6700,100
36543311528660,10:09:03.311,20.6700,100
36543311621987,10:09:03.311,20.6700,100
36543311621987,10:09:03.311,20.6700,100
36543311621987,10:09:03.311,20.6700,100
36543312256502,10:09:03.312,20.6700,100
36543312256502,10:09:03.312,20.6700,100
36543312256502,10:09:03.312,20.6700,100
36543444767466,10:09:03.444,20.6700,100
36543444767466,10:09:03.444,20.6700,100
36543444767466,10:09:03.444,20.6700,200
36543445422072,10:09:03.445,20.6700,18
36543456947726,10:09:03.456,20.6700,100
36546061661429,10:09:06.061,20.6700,100
36546061696211,10:09:06.061,20.6700,700
36546061839756,10:09:06.061,20.6700,100
36546061839756,10:09:06.061,20.6700,100
36546061839756,10:09:06.061,20.6700,100
36546062439785,10:09:06.062,20.6700,100
36546062439785,10:09:06.062,20.6700,100
36547732906106,10:09:07.732,20.6700,74
36547732987054,10:09:07.732,20.6700,26
36559216305280,10:09:19.216,20.6700,100
36560097609726,10:09:20.097,20.6700,100
36614387333450,10:10:14.387,20.6800,100
36614703606588,10:10:14.703,20.7000,100
36614719985313,10:10:14.719,20.7000,100
36626233617371,10:10:26.233,20.6900,11
36626622680179,10:10:26.622,20.6900,35
36639533145753,10:10:39.533,20.6900,32
36639533701904,10:10:39.533,20.6900,68
36639533701904,10:10:39.533,20.6900,69
36639533727064,10:10:39.533,20.6900,31
36666366684771,10:11:06.366,20.6900,100
36666366699423,10:11:06.366,20.6900,100
36666498244251,10:11:06.498,20.7000,100
36666498513800,10:11:06.498,20.7000,100
36672213091409,10:11:12.213,20.7000,100
36672213720187,10:11:12.213,20.7000,100
36672213720187,10:11:12.213,20.7000,100
36673292002983,10:11:13.292,20.7000,100
36701804880836,10:11:41.804,20.6900,100
36734665427331,10:12:14.665,20.7000,100
36734665623816,10:12:14.665,20.7000,100
36734665623816,10:12:14.665,20.7000,300
36734665623816,10:12:14.665,20.7000,100
36735708381546,10:12:15.708,20.7000,100
36744396111940,10:12:24.396,20.7000,100
36744396111940,10:12:24.396,20.7000,100
36744398266466,10:12:24.398,20.7000,100
36744405951728,10:12:24.405,20.7000,100
36745805171403,10:12:25.805,20.7100,100
36745805171403,10:12:25.805,20.7100,100
36745806353301,10:12:25.806,20.7100,100
36745808829086,10:12:25.808,20.7100,100
36745808829086,10:12:25.808,20.7100,100
36746056423475,10:12:26.056,20.7100,100
36746056599314,10:12:26.056,20.7100,100
36746057796834,10:12:26.057,20.7100,100
36746058238030,10:12:26.058,20.7100,100
36746058238030,10:12:26.058,20.7100,100
36746058406809,10:12:26.058,20.7100,100
36746058406809,10:12:26.058,20.7100,100
36746058406809,10:12:26.058,20.7100,100
36746058490674,10:12:26.058,20.7100,100
36746058490674,10:12:26.058,20.7100,100
36746058490674,10:12:26.058,20.7100,100
36746058643946,10:12:26.058,20.7100,100
36746058643946,10:12:26.058,20.7100,38
36746058675521,10:12:26.058,20.7100,62
36746058694477,10:12:26.058,20.7100,62
36746919675540,10:12:26.919,20.7100,100
36746919675540,10:12:26.919,20.7100,100
36746919711659,10:12:26.919,20.7100,900
36746920839730,10:12:26.920,20.7100,100
36746920839730,10:12:26.920,20.7100,100
36746921403049,10:12:26.921,20.7100,100
36746921403049,10:12:26.921,20.7100,100
36746921510675,10:12:26.921,20.7100,100
36746934366524,10:12:26.934,20.7100,100
36750854930094,10:12:30.854,20.7200,25
36750854930094,10:12:30.854,20.7100,100
36750854930094,10:12:30.854,20.7100,55
36750865206137,10:12:30.865,20.7100,100
36757378209002,10:12:37.378,20.7200,100
36940530937330,10:15:40.530,20.7300,100
37038309292510,10:17:18.309,20.7300,100
37041116320687,10:17:21.116,20.7300,100
37041116320687,10:17:21.116,20.7300,100
37083606134845,10:18:03.606,20.7100,100
37083606206588,10:18:03.606,20.7100,100
37083606307530,10:18:03.606,20.7100,100
37083606307530,10:18:03.606,20.7100,100
37083607476246,10:18:03.607,20.7100,19
37105090449031,10:18:25.090,20.7100,100
37182658473873,10:19:42.658,20.6700,200
37182663946218,10:19:42.663,20.6700,40
37182674052544,10:19:42.674,20.6700,60
37188980289832,10:19:48.980,20.6700,100
37188981179526,10:19:48.981,20.6700,100
37188984962772,10:19:48.984,20.6700,100
37188984962772,10:19:48.984,20.6700,100
37188984962772,10:19:48.984,20.6700,100
37189094098531,10:19:49.094,20.6800,300
37189208990766,10:19:49.208,20.6800,100
37189208990766,10:19:49.208,20.6800,100
37190905851980,10:19:50.905,20.6800,100
37190940235885,10:19:50.940,20.6800,100
37190940235885,10:19:50.940,20.6800,100
37194093229051,10:19:54.093,20.6800,5
37218421600068,10:20:18.421,20.6900,100
37258922249466,10:20:58.922,20.7100,8
37258922272239,10:20:58.922,20.7100,69
37258922286195,10:20:58.922,20.7100,23
37283955729964,10:21:23.955,20.7400,22
37289077059306,10:21:29.077,20.7400,100
37307302385575,10:21:47.302,20.7400,100
37309971647756,10:21:49.971,20.7300,100
37310654389137,10:21:50.654,20.7300,100
37316927657520,10:21:56.927,20.7300,200
37319233258147,10:21:59.233,20.7300,100
37319250462652,10:21:59.250,20.7300,100
37331049121691,10:22:11.049,20.7300,100
37380615544983,10:23:00.615,20.7200,100
37380615544983,10:23:00.615,20.7200,100
37380615695473,10:23:00.615,20.7200,100
37441899279883,10:24:01.899,20.7300,100
37441899572391,10:24:01.899,20.7300,70
37441899592283,10:24:01.899,20.7300,30
37441899603546,10:24:01.899,20.7300,100
37463751573585,10:24:23.751,20.7400,62
37463751573585,10:24:23.751,20.7400,100
37463753133712,10:24:23.753,20.7400,100
37463755050994,10:24:23.755,20.7400,100
37463770676794,10:24:23.770,20.7400,100
37464659915339,10:24:24.659,20.7400,100
37464659915339,10:24:24.659,20.7400,100
37519782982565,10:25:19.782,20.7300,100
37569023773171,10:26:09.023,20.7300,100
37572518736318,10:26:12.518,20.7400,100
37572537611113,10:26:12.537,20.7400,100
37578112680927,10:26:18.112,20.7400,100
37585758747931,10:26:25.758,20.7400,100
37585758747931,10:26:25.758,20.7400,100
37605760330909,10:26:45.760,20.7300,100
37605760330909,10:26:45.760,20.7300,100
37605760330909,10:26:45.760,20.7300,100
37607919729566,10:26:47.919,20.7300,25
37607969964863,10:26:47.969,20.7300,125
37608095761108,10:26:48.095,20.7300,25
37608289571384,10:26:48.289,20.7300,13
37608297070739,10:26:48.297,20.7300,100
37608413974003,10:26:48.413,20.7300,12
37608413974003,10:26:48.413,20.7300,113
37609985330060,10:26:49.985,20.7300,75
37611624294726,10:26:51.624,20.7300,25
37616467143413,10:26:56.467,20.7300,50
37616804943055,10:26:56.804,20.7300,37
37616804943055,10:26:56.804,20.7300,63
37616942605719,10:26:56.942,20.7300,37
37621532407396,10:27:01.532,20.7400,100
37621770178747,10:27:01.770,20.7400,100
37621770178747,10:27:01.770,20.7400,100
37694503722398,10:28:14.503,20.7500,100
37694504211584,10:28:14.504,20.7500,200
37694504211584,10:28:14.504,20.7500,100
37694504211584,10:28:14.504,20.7500,100
37694504211584,10:28:14.504,20.7500,100
37694748373566,10:28:14.748,20.7500,300
37694886504128,10:28:14.886,20.7500,100
37696967533578,10:28:16.967,20.7500,63
37698280608285,10:28:18.280,20.7400,100
37698280608285,10:28:18.280,20.7400,100
37698280608285,10:28:18.280,20.7400,100
37698280608285,10:28:18.280,20.7400,100
37698280608285,10:28:18.280,20.7400,100
37699941118444,10:28:19.941,20.7300,100
37709711274659,10:28:29.711,20.7300,113
37712140443738,10:28:32.140,20.7300,12
37712267938008,10:28:32.267,20.7300,38
37714286652911,10:28:34.286,20.7300,62
37714286731236,10:28:34.286,20.7300,12
37715760038551,10:28:35.760,20.7300,100
37715760038551,10:28:35.760,20.7300,100
37715778341503,10:28:35.778,20.7300,100
37754055596768,10:29:14.055,20.7400,100
37754055919434,10:29:14.055,20.7400,100
37754055927135,10:29:14.055,20.7400,200
37754056127757,10:29:14.056,20.7400,100
37754056127757,10:29:14.056,20.7400,100
37754056127757,10:29:14.056,20.7400,100
37754056127757,10:29:14.056,20.7400,100
37754056127757,10:29:14.056,20.7400,100
37754056127757,10:29:14.056,20.7400,100
37754056127757,10:29:14.056,20.7400,100
37754056127757,10:29:14.056,20.7400,100
37754056127757,10:29:14.056,20.7400,100
37754199290762,10:29:14.199,20.7400,50
37796350068960,10:29:56.350,20.7400,50
37796601756081,10:29:56.601,20.7400,49
37799763070490,10:29:59.763,20.7400,13
37800380900973,10:30:00.380,20.7400,12
37800390830087,10:30:00.390,20.7400,25
37800495682966,10:30:00.495,20.7400,1
37800495682966,10:30:00.495,20.7400,36
37800504622433,10:30:00.504,20.7400,37
37809515539123,10:30:09.515,20.7400,25
37822235935811,10:30:22.235,20.7400,2
37822235935811,10:30:22.235,20.7400,98
37822393132712,10:30:22.393,20.7400,1
37822516501764,10:30:22.516,20.7400,99
37822851431468,10:30:22.851,20.7400,12
37822974657679,10:30:22.974,20.7400,75
37823106978501,10:30:23.106,20.7400,13
37823106978501,10:30:23.106,20.7400,50
37823260557706,10:30:23.260,20.7400,49
37823260591157,10:30:23.260,20.7400,1
37823266752813,10:30:23.266,20.7400,100
37823726416251,10:30:23.726,20.7400,100
37823726416251,10:30:23.726,20.7400,100
37823726797200,10:30:23.726,20.7400,25
37834206202754,10:30:34.206,20.7400,200
37834206202754,10:30:34.206,20.7400,100
37834217274234,10:30:34.217,20.7400,100
37834219781319,10:30:34.219,20.7400,100
37896134870071,10:31:36.134,20.7300,25
37957317415392,10:32:37.317,20.7400,100
37957317415392,10:32:37.317,20.7400,100
37957317546500,10:32:37.317,20.7400,100
37957318222737,10:32:37.318,20.7400,75
37957326679344,10:32:37.326,20.7400,25
37963006401288,10:32:43.006,20.7400,100
37963006401288,10:32:43.006,20.7400,100
37963006770935,10:32:43.006,20.7400,100
37963006770935,10:32:43.006,20.7400,100
37963840808038,10:32:43.840,20.7400,38
37963963436166,10:32:43.963,20.7400,100
37964503514212,10:32:44.503,20.7400,100
38008118430754,10:33:28.118,20.7400,100
38008118553143,10:33:28.118,20.7400,100
38008119057225,10:33:28.119,20.7400,200
38011150693418,10:33:31.150,20.7400,100
38011690806489,10:33:31.690,20.7500,100
38011902589650,10:33:31.902,20.7500,100
38011903042191,10:33:31.903,20.7500,200
38011903435396,10:33:31.903,20.7600,25
38011903477379,10:33:31.903,20.7500,200
38014169755473,10:33:34.169,20.7500,25
38014169755473,10:33:34.169,20.7500,100
38014973564053,10:33:34.973,20.7400,300
38015515557761,10:33:35.515,20.7400,100
38015640558973,10:33:35.640,20.7400,100
38016070782899,10:33:36.070,20.7400,38
38016334287997,10:33:36.334,20.7400,100
38016688807958,10:33:36.688,20.7400,100
38016688807958,10:33:36.688,20.7400,100
38016688807958,10:33:36.688,20.7400,100
38017437136597,10:33:37.437,20.7400,200
38017437472430,10:33:37.437,20.7400,75
38020413282555,10:33:40.413,20.7500,100
38021276033154,10:33:41.276,20.7400,88
38021276033154,10:33:41.276,20.7400,12
38021411961487,10:33:41.411,20.7400,100
38022095127839,10:33:42.095,20.7400,100
38022095491979,10:33:42.095,20.7400,6
38022095491979,10:33:42.095,20.7400,100
38022095491979,10:33:42.095,20.7400,94
38022098046062,10:33:42.098,20.7400,100
38022373021906,10:33:42.373,20.7400,100
38023188638775,10:33:43.188,20.7400,200
38023190433992,10:33:43.190,20.7400,100
38023392196799,10:33:43.392,20.7400,88
38023526775929,10:33:43.526,20.7400,100
38023526775929,10:33:43.526,20.7400,200
38023526775929,10:33:43.526,20.7400,31
38058531776277,10:34:18.531,20.7400,100
38058542737420,10:34:18.542,20.7400,50
38142726586556,10:35:42.726,20.7500,1
38142726586556,10:35:42.726,20.7500,99
38142726617516,10:35:42.726,20.7500,1
38149161742354,10:35:49.161,20.7600,100
38154519802918,10:35:54.519,20.7600,100
38159158420827,10:35:59.158,20.7600,100
38170873789650,10:36:10.873,20.7600,100
38205068751503,10:36:45.068,20.7600,100
38205069005187,10:36:45.069,20.7600,150
38205069005187,10:36:45.069,20.7600,100
38205069005187,10:36:45.069,20.7600,100
38205069035583,10:36:45.069,20.7600,350
38206202939849,10:36:46.202,20.7600,100
38297276588651,10:38:17.276,20.7600,12
38297415646214,10:38:17.415,20.7600,62
38297532284015,10:38:17.532,20.7600,38
38297532284015,10:38:17.532,20.7600,12
38297682131501,10:38:17.682,20.7600,50
38302408799991,10:38:22.408,20.7600,38
38302408799991,10:38:22.408,20.7600,100
38307496492961,10:38:27.496,20.7600,100
38307774766534,10:38:27.774,20.7600,25
38372942637478,10:39:32.942,20.7600,100
38373190441565,10:39:33.190,20.7600,75
38373311944858,10:39:33.311,20.7600,150
38375430213029,10:39:35.430,20.7600,75
38376252578353,10:39:36.252,20.7600,25
38378509698185,10:39:38.509,20.7600,500
38378509698185,10:39:38.509,20.7600,100
38378509698185,10:39:38.509,20.7600,100
38378640928434,10:39:38.640,20.7600,100
38385312888534,10:39:45.312,20.7600,50
38390602912680,10:39:50.602,20.7600,37
38400248442623,10:40:00.248,20.7600,13
38400760527309,10:40:00.760,20.7600,100
38401609969331,10:40:01.609,20.7650,100
38401610056525,10:40:01.610,20.7650,100
38401611183149,10:40:01.611,20.7700,100
38407008549272,10:40:07.008,20.7600,100
38407008731360,10:40:07.008,20.7600,100
38407157280656,10:40:07.157,20.7600,100
38407161439040,10:40:07.161,20.7700,100
38407757282066,10:40:07.757,20.7600,100
38407760684822,10:40:07.760,20.7600,100
38407760684822,10:40:07.760,20.7600,100
38407760859031,10:40:07.760,20.7600,25
38407760886441,10:40:07.760,20.7600,75
38407761193831,10:40:07.761,20.7600,200
38407761193831,10:40:07.761,20.7600,100
38407761193831,10:40:07.761,20.7600,200
38407761193831,10:40:07.761,20.7600,100
38407761232515,10:40:07.761,20.7600,19
38407761248931,10:40:07.761,20.7600,56
38409351670316,10:40:09.351,20.7700,25
38427085463694,10:40:27.085,20.7700,200
38427085493410,10:40:27.085,20.7700,38
38427311745146,10:40:27.311,20.7700,100
38427311745146,10:40:27.311,20.7700,50
38427334337197,10:40:27.334,20.7700,50
38427334978754,10:40:27.334,20.7700,200
38429187197534,10:40:29.187,20.7700,100
38429187318972,10:40:29.187,20.7700,137
38429187378032,10:40:29.187,20.7700,100
38429188069320,10:40:29.188,20.7700,100
38429188171356,10:40:29.188,20.7700,100
38430059525964,10:40:30.059,20.7600,100
38434133284782,10:40:34.133,20.7700,100
38439670797429,10:40:39.670,20.7600,39
38440067508212,10:40:40.067,20.7600,50
38440218065604,10:40:40.218,20.7600,25
38440403023051,10:40:40.403,20.7600,25
38440492426911,10:40:40.492,20.7600,100
38440492426911,10:40:40.492,20.7600,100
38440492426911,10:40:40.492,20.7600,100
38440492426911,10:40:40.492,20.7600,200
38440617433369,10:40:40.617,20.7600,100
38440742866225,10:40:40.742,20.7600,200
38442391538365,10:40:42.391,20.7600,100
38442391595918,10:40:42.391,20.7600,75
38442716477486,10:40:42.716,20.7500,20
38442716477486,10:40:42.716,20.7500,80
38442716527405,10:40:42.716,20.7500,20
38442716744172,10:40:42.716,20.7500,100
38442716906478,10:40:42.716,20.7500,25
38509395677670,10:41:49.395,20.7500,14
38509396371983,10:41:49.396,20.7500,50
38509396371983,10:41:49.396,20.7500,61
38519338557584,10:41:59.338,20.7600,100
38594206519825,10:43:14.206,20.7600,100
38594216731151,10:43:14.216,20.7600,100
38594216731151,10:43:14.216,20.7600,25
38594335148926,10:43:14.335,20.7600,63
38602737139763,10:43:22.737,20.7600,100
38603485015949,10:43:23.485,20.7600,100
38604334994518,10:43:24.334,20.7600,100
38633333588627,10:43:53.333,20.7700,100
38635259061137,10:43:55.259,20.7800,100
38637642648903,10:43:57.642,20.7800,100
38637642648903,10:43:57.642,20.7800,100
38641732785169,10:44:01.732,20.7600,100
38658102945929,10:44:18.102,20.7600,100
38697423051748,10:44:57.423,20.7700,100
38718025632559,10:45:18.025,20.8000,100
38718027693989,10:45:18.027,20.8100,200
38718053966828,10:45:18.053,20.8100,100
38718056791272,10:45:18.056,20.8100,100
38718056791272,10:45:18.056,20.8100,100
38718056791272,10:45:18.056,20.8100,100
38718056791272,10:45:18.056,20.8100,100
38718056791272,10:45:18.056,20.8100,25
38740926369589,10:45:40.926,20.8200,100
38740926406804,10:45:40.926,20.8200,100
38740926726149,10:45:40.926,20.8200,100
38841021345528,10:47:21.021,20.8200,50
38843403132563,10:47:23.403,20.8200,100
38843403166885,10:47:23.403,20.8200,50
38843403166885,10:47:23.403,20.8200,100
38848953579588,10:47:28.953,20.8200,400
38848953579588,10:47:28.953,20.8200,75
38848953579588,10:47:28.953,20.8200,200
38848953579588,10:47:28.953,20.8200,200
38848953579588,10:47:28.953,20.8200,100
38875544708240,10:47:55.544,20.8100,100
38914176663769,10:48:34.176,20.8200,55
38914176718041,10:48:34.176,20.8200,66
38914177077196,10:48:34.177,20.8200,79
38914227140949,10:48:34.227,20.8200,25
38914285547320,10:48:34.285,20.8200,100
38918159696633,10:48:38.159,20.8200,75
38918159696633,10:48:38.159,20.8200,25
38925149102565,10:48:45.149,20.8200,150
38925953818124,10:48:45.953,20.8200,25
38949965121992,10:49:09.965,20.8200,50
38952645606877,10:49:12.645,20.8200,100
38952645699635,10:49:12.645,20.8200,11
38952877882631,10:49:12.877,20.8200,39
38952877882631,10:49:12.877,20.8200,1
38960461026023,10:49:20.461,20.8300,100
38965463601116,10:49:25.463,20.8400,10
38965463625216,10:49:25.463,20.8350,290
38965465049996,10:49:25.465,20.8400,290
39000497832688,10:50:00.497,20.8400,100
39012073947758,10:50:12.073,20.8400,100
39012073947758,10:50:12.073,20.8400,100
39061986453665,10:51:01.986,20.8200,25
39101781285690,10:51:41.781,20.8200,75
39101781285690,10:51:41.781,20.8200,25
39101782237797,10:51:41.782,20.8200,75
39106900514817,10:51:46.900,20.8300,100
39110616901651,10:51:50.616,20.8300,100
39110721293621,10:51:50.721,20.8300,125
39110730940595,10:51:50.730,20.8300,25
39113736153401,10:51:53.736,20.8300,150
39134702927934,10:52:14.702,20.8300,100
39134702927934,10:52:14.702,20.8300,100
39173543763430,10:52:53.543,20.8200,100
39173544094441,10:52:53.544,20.8200,100
39203755604339,10:53:23.755,20.8200,100
39284404564844,10:54:44.404,20.8100,20
39343290439767,10:55:43.290,20.8100,200
39343290439767,10:55:43.290,20.8100,100
39432529507111,10:57:12.529,20.8100,100
39432529507111,10:57:12.529,20.8100,100
39548648215257,10:59:08.648,20.8000,100
39548648215257,10:59:08.648,20.8000,186
39548648241463,10:59:08.648,20.8000,114
39548659481416,10:59:08.659,20.7900,100
39548763859703,10:59:08.763,20.7900,100
39551560584908,10:59:11.560,20.7800,100
39554312811527,10:59:14.312,20.7700,41
39565321224645,10:59:25.321,20.7700,100
39565520809377,10:59:25.520,20.7650,100
39606327330712,11:00:06.327,20.7700,200
39606597836805,11:00:06.597,20.7700,100
39636153738645,11:00:36.153,20.7600,100
39636153738645,11:00:36.153,20.7600,100
39663404709952,11:01:03.404,20.7600,100
39663404709952,11:01:03.404,20.7600,100
39663404736210,11:01:03.404,20.7600,100
39664099424741,11:01:04.099,20.7700,74
39664099436593,11:01:04.099,20.7700,26
39664099442794,11:01:04.099,20.7700,26
39692897371001,11:01:32.897,20.7800,200
39693245532699,11:01:33.245,20.7800,100
39702540212218,11:01:42.540,20.7800,6
39715169382994,11:01:55.169,20.7800,25
39722037313315,11:02:02.037,20.7800,100
39722049034808,11:02:02.049,20.7800,69
39722049034808,11:02:02.049,20.7800,31
39722052182093,11:02:02.052,20.7800,69
39724818151585,11:02:04.818,20.7800,100
39724818151585,11:02:04.818,20.7800,100
39724928605451,11:02:04.928,20.7800,100
39724928605451,11:02:04.928,20.7800,100
39724940553715,11:02:04.940,20.7800,100
39725039273822,11:02:05.039,20.7800,100
39756674634743,11:02:36.674,20.7800,25
39765612426222,11:02:45.612,20.7800,50
39771401173484,11:02:51.401,20.7800,25
39776633102964,11:02:56.633,20.7800,50
39778017566947,11:02:58.017,20.7800,50
39790096074038,11:03:10.096,20.7900,25
39790637592055,11:03:10.637,20.7850,300
39797728159489,11:03:17.728,20.7800,100
39855837462485,11:04:15.837,20.7800,25
39861737622134,11:04:21.737,20.7800,50
39876232957156,11:04:36.232,20.7800,25
39899748221981,11:04:59.748,20.7800,25
39907930433794,11:05:07.930,20.7800,50
39945907125582,11:05:45.907,20.7800,25
39945907493866,11:05:45.907,20.7800,124
39946255971736,11:05:46.255,20.7900,75
39950356148284,11:05:50.356,20.8000,100
39957681864789,11:05:57.681,20.8100,38
39957681864789,11:05:57.681,20.8100,43
39957681864789,11:05:57.681,20.8000,100
39957681864789,11:05:57.681,20.8000,19
39957682674358,11:05:57.682,20.8000,168
39972932371906,11:06:12.932,20.8000,100
39973209189036,11:06:13.209,20.8000,75
39975310245682,11:06:15.310,20.8000,25
39977887392556,11:06:17.887,20.8000,50
39980008570557,11:06:20.008,20.8000,25
39980139579062,11:06:20.139,20.8000,25
39980234592662,11:06:20.234,20.8100,75
39980355168061,11:06:20.355,20.8100,25
39980355168061,11:06:20.355,20.8100,75
39980787436714,11:06:20.787,20.8000,100
39980944868553,11:06:20.944,20.8000,50
39981048110835,11:06:21.048,20.8000,50
39981048110835,11:06:21.048,20.8000,50
39981375943012,11:06:21.375,20.8000,37
39981762919820,11:06:21.762,20.8000,13
39988680534603,11:06:28.680,20.8100,100
39988680534603,11:06:28.680,20.8100,88
39988680534603,11:06:28.680,20.8100,12
39989469504235,11:06:29.469,20.8000,100
39989469679999,11:06:29.469,20.8000,100
39989469679999,11:06:29.469,20.8000,100
39998025205263,11:06:38.025,20.8100,100
39998701652815,11:06:38.701,20.8000,100
39998701652815,11:06:38.701,20.8000,200
39998701652815,11:06:38.701,20.8000,100
40023506045786,11:07:03.506,20.8000,13
40090142942464,11:08:10.142,20.7900,62
40090460630306,11:08:10.460,20.7900,38
40091343187875,11:08:11.343,20.7900,50
40097167861549,11:08:17.167,20.7900,37
40136629315818,11:08:56.629,20.8000,100
40136629315818,11:08:56.629,20.8000,20
40182682291185,11:09:42.682,20.8000,100
40350852412491,11:12:30.852,20.7900,8
40350852412491,11:12:30.852,20.7900,100
40350857875235,11:12:30.857,20.7800,25
40350857875235,11:12:30.857,20.7800,100
40350857875235,11:12:30.857,20.7800,100
40372868261169,11:12:52.868,20.7700,100
40405505542162,11:13:25.505,20.7800,100
40416797121583,11:13:36.797,20.7950,25
40481402398378,11:14:41.402,20.8000,100
40519233094619,11:15:19.233,20.8000,100
40519233094619,11:15:19.233,20.8000,100
40519234959285,11:15:19.234,20.8000,100
40519234969019,11:15:19.234,20.8000,100
40519234982249,11:15:19.234,20.8000,100
40544955365955,11:15:44.955,20.7900,75
40544955395805,11:15:44.955,20.7900,100
40594471906333,11:16:34.471,20.8000,200
40627985725970,11:17:07.985,20.8100,100
40635274774571,11:17:15.274,20.8100,12
40814733780723,11:20:14.733,20.8000,100
40814733780723,11:20:14.733,20.8000,200
40870967008293,11:21:10.967,20.7850,200
40884528637574,11:21:24.528,20.7800,20
40884528637574,11:21:24.528,20.7800,180
40884528663060,11:21:24.528,20.7800,20
40931865213142,11:22:11.865,20.7600,30
40933042353405,11:22:13.042,20.7600,158
40933042353405,11:22:13.042,20.7600,200
40933042353405,11:22:13.042,20.7600,92
40933042907678,11:22:13.042,20.7600,8
40934205293868,11:22:14.205,20.7600,100
41021524884726,11:23:41.524,20.7700,138
41021524910997,11:23:41.524,20.7700,62
41021524910997,11:23:41.524,20.7700,1
41038688320548,11:23:58.688,20.7800,100
41106180349566,11:25:06.180,20.7800,50
41158054281250,11:25:58.054,20.7700,100
41193954839857,11:26:33.954,20.7600,100
41193964730982,11:26:33.964,20.7600,100
41252393503225,11:27:32.393,20.7600,92
41283870838411,11:28:03.870,20.7600,100
41330763229219,11:28:50.763,20.7600,50
41340653296030,11:29:00.653,20.7600,75
41360656357668,11:29:20.656,20.7600,100
41371705763807,11:29:31.705,20.7700,37
41373750299169,11:29:33.750,20.7700,38
41374250600295,11:29:34.250,20.7700,25
41374720342018,11:29:34.720,20.7700,12
41374720366302,11:29:34.720,20.7700,288
41403390769175,11:30:03.390,20.7700,100
41427845733896,11:30:27.845,20.7800,100
41630523536208,11:33:50.523,20.7800,25
41686226746336,11:34:46.226,20.7900,75
41686226777351,11:34:46.226,20.7900,25
41686226777351,11:34:46.226,20.7900,100
41686645074381,11:34:46.645,20.8000,100
41736983148042,11:35:36.983,20.8000,36
41736983148042,11:35:36.983,20.8000,74
41736983805270,11:35:36.983,20.8000,26
41797975214445,11:36:37.975,20.8000,100
41797975367097,11:36:37.975,20.8000,100
41797976976105,11:36:37.976,20.8100,100
41797976976105,11:36:37.976,20.8100,100
41797976976105,11:36:37.976,20.8100,100
41848009854127,11:37:28.009,20.8000,100
41848009854127,11:37:28.009,20.8000,100
41848009854127,11:37:28.009,20.8000,100
41904150483218,11:38:24.150,20.7700,100
41904150483218,11:38:24.150,20.7700,100
41904150483218,11:38:24.150,20.7700,300
42012009805326,11:40:12.009,20.7800,100
42019951630863,11:40:19.951,20.7900,10
42121391310013,11:42:01.391,20.7800,100
42126267395255,11:42:06.267,20.7800,100
42136033034344,11:42:16.033,20.7800,100
42136037036578,11:42:16.037,20.7800,100
42326182604741,11:45:26.182,20.8000,100
42356778671267,11:45:56.778,20.7900,100
42356778671267,11:45:56.778,20.7900,7
42356778800392,11:45:56.778,20.7900,13
42356778800392,11:45:56.778,20.7900,100
42498132106458,11:48:18.132,20.7800,100
42498132559426,11:48:18.132,20.7800,26
42498724308760,11:48:18.724,20.7900,25
42520215024753,11:48:40.215,20.7900,58
42520215116239,11:48:40.215,20.7900,17
42796235563935,11:53:16.235,20.8000,100
42796235563935,11:53:16.235,20.8000,100
42796237347507,11:53:16.237,20.8000,75
42796237723927,11:53:16.237,20.8000,25
42911618442573,11:55:11.618,20.8000,9
42911618522376,11:55:11.618,20.8000,91
42911618522376,11:55:11.618,20.8000,9
42911618664280,11:55:11.618,20.8000,11
42911618664280,11:55:11.618,20.8000,100
43040239236277,11:57:20.239,20.7900,100
43040239236277,11:57:20.239,20.7900,60
43150177069364,11:59:10.177,20.7900,100
43154240309636,11:59:14.240,20.7900,40
43241737117423,12:00:41.737,20.7800,20
43241737117423,12:00:41.737,20.7800,96
43241737147342,12:00:41.737,20.7800,4
43285154993485,12:01:25.154,20.7600,25
43321797890692,12:02:01.797,20.7500,25
43331928640349,12:02:11.928,20.7500,50
43332044719054,12:02:12.044,20.7500,25
43332044719054,12:02:12.044,20.7500,25
43332170967434,12:02:12.170,20.7500,25
43333185583057,12:02:13.185,20.7500,100
43333186650946,12:02:13.186,20.7500,50
43333186650946,12:02:13.186,20.7500,300
43333186764324,12:02:13.186,20.7500,100
43333186775262,12:02:13.186,20.7500,100
43354955564598,12:02:34.955,20.7600,87
43355347954794,12:02:35.347,20.7600,13
43355474227848,12:02:35.474,20.7600,25
43414395423267,12:03:34.395,20.7500,56
43414395424854,12:03:34.395,20.7500,44
43414395424854,12:03:34.395,20.7500,100
43414395424854,12:03:34.395,20.7500,21
43451250940627,12:04:11.250,20.7400,100
43481936203728,12:04:41.936,20.7400,100
43481936362296,12:04:41.936,20.7400,100
43481936362296,12:04:41.936,20.7400,171
43481936511167,12:04:41.936,20.7450,200
43485239208353,12:04:45.239,20.7400,100
43485240757444,12:04:45.240,20.7400,100
43485365954173,12:04:45.365,20.7400,64
43485490459186,12:04:45.490,20.7400,50
43527707356167,12:05:27.707,20.7300,29
43527707381749,12:05:27.707,20.7300,46
43527707381749,12:05:27.707,20.7300,200
43531898446010,12:05:31.898,20.7300,38
43532276100225,12:05:32.276,20.7300,25
43541994857630,12:05:41.994,20.7300,223
43541995251330,12:05:41.995,20.7300,20
43541995251330,12:05:41.995,20.7300,100
43541995251330,12:05:41.995,20.7300,100
43549096027422,12:05:49.096,20.7300,100
43555512020435,12:05:55.512,20.7300,16
43559651261662,12:05:59.651,20.7300,59
43559651261662,12:05:59.651,20.7300,53
43559651291521,12:05:59.651,20.7300,47
43674180340436,12:07:54.180,20.7400,100
43704082602237,12:08:24.082,20.7400,100
43704082602237,12:08:24.082,20.7400,100
43704082602237,12:08:24.082,20.7400,300
43704124032991,12:08:24.124,20.7400,100
43704124032991,12:08:24.124,20.7400,100
43704124032991,12:08:24.124,20.7400,200
43704154065944,12:08:24.154,20.7400,100
43704292010937,12:08:24.292,20.7400,100
43706334614305,12:08:26.334,20.7600,25
43706334614305,12:08:26.334,20.7600,75
43713181377455,12:08:33.181,20.7500,300
43713181377455,12:08:33.181,20.7500,100
43713252777549,12:08:33.252,20.7400,100
43713274367328,12:08:33.274,20.7400,112
43714268085605,12:08:34.268,20.7400,100
43714307018929,12:08:34.307,20.7450,100
43714309148404,12:08:34.309,20.7500,25
43717954014604,12:08:37.954,20.7400,200
43771525659744,12:09:31.525,20.7400,100
43771535930877,12:09:31.535,20.7400,100
43826965350215,12:10:26.965,20.7500,1
43826965350215,12:10:26.965,20.7500,99
43826966804800,12:10:26.966,20.7500,1
44001548050358,12:13:21.548,20.7500,70
44001548086118,12:13:21.548,20.7500,30
44228962329722,12:17:08.962,20.7500,20
44340257836204,12:19:00.257,20.7400,10
44340257836204,12:19:00.257,20.7400,90
44379007097191,12:19:39.007,20.7500,280
44381222717207,12:19:41.222,20.7500,88
44383767034537,12:19:43.767,20.7500,12
44396325220566,12:19:56.325,20.7500,88
44430714897361,12:20:30.714,20.7600,100
44445519638166,12:20:45.519,20.7600,25
44450497492912,12:20:50.497,20.7600,25
44460627687571,12:21:00.627,20.7600,50
44561206355250,12:22:41.206,20.7700,25
44562767383336,12:22:42.767,20.7700,25
44573110458554,12:22:53.110,20.7700,100
44573110458554,12:22:53.110,20.7700,100
44623825415599,12:23:43.825,20.7600,100
44767247772264,12:26:07.247,20.7600,30
44767247802789,12:26:07.247,20.7600,70
44767356035651,12:26:07.356,20.7600,10
44767356136245,12:26:07.356,20.7600,10
44946634523593,12:29:06.634,20.7800,45
45002535051405,12:30:02.535,20.7800,100
45002535051405,12:30:02.535,20.7800,2
45183561433805,12:33:03.561,20.7700,11
45240125642047,12:34:00.125,20.7700,5
45240125667742,12:34:00.125,20.7700,95
45240125667742,12:34:00.125,20.7700,6
45240125667742,12:34:00.125,20.7700,42
45259928625659,12:34:19.928,20.7700,100
45284006817951,12:34:44.006,20.7700,25
45285206209907,12:34:45.206,20.7700,25
45318184546781,12:35:18.184,20.7600,8
45318251730526,12:35:18.251,20.7600,100
45323214331308,12:35:23.214,20.7700,100
45323214654682,12:35:23.214,20.7700,200
45323215033172,12:35:23.215,20.7700,100
45338186511750,12:35:38.186,20.7700,17
45362859450227,12:36:02.859,20.7600,1
45362859453449,12:36:02.859,20.7600,99
45362859453449,12:36:02.859,20.7600,100
45386485076593,12:36:26.485,20.7400,4
45540144970687,12:39:00.144,20.7500,2
45540144981802,12:39:00.144,20.7500,98
45793510738381,12:43:13.510,20.7600,3
45793510738381,12:43:13.510,20.7600,200
45793510738381,12:43:13.510,20.7600,100
46125324046724,12:48:45.324,20.7750,200
46126679421551,12:48:46.679,20.7800,100
46126679421551,12:48:46.679,20.7800,100
46129077265463,12:48:49.077,20.7800,100
46147375106167,12:49:07.375,20.7800,100
46147375106167,12:49:07.375,20.7900,200
46237004052587,12:50:37.004,20.8000,100
46290282286171,12:51:30.282,20.8100,100
46410083349185,12:53:30.083,20.8300,100
46410083349185,12:53:30.083,20.8300,100
46410925690148,12:53:30.925,20.8200,8
46535979850144,12:55:35.979,20.7900,100
46567136067667,12:56:07.136,20.7900,20
46603354583450,12:56:43.354,20.7900,25
46603354613862,12:56:43.354,20.7900,75
46603354613862,12:56:43.354,20.7900,200
46603367649460,12:56:43.367,20.7900,100
46734079802622,12:58:54.079,20.8000,20
46734205486680,12:58:54.205,20.8000,37
46788254145794,12:59:48.254,20.8000,25
47025311809055,13:03:45.311,20.7900,20
47025311809055,13:03:45.311,20.7900,80
47025312368375,13:03:45.312,20.7900,20
47025318270063,13:03:45.318,20.7800,100
47025318270063,13:03:45.318,20.7800,100
47052790246206,13:04:12.790,20.7800,101
47057272736012,13:04:17.272,20.7800,99
47057272736012,13:04:17.272,20.7800,1
47057272761820,13:04:17.272,20.7800,300
47193434797391,13:06:33.434,20.8300,42
47194383040129,13:06:34.383,20.8200,100
47227651161078,13:07:07.651,20.8200,25
47305253095750,13:08:25.253,20.8100,20
47305995212897,13:08:25.995,20.8100,1
47305995238237,13:08:25.995,20.8100,54
47393326234892,13:09:53.326,20.8400,100
47393326241207,13:09:53.326,20.8400,100
47745282867522,13:15:45.282,20.8600,99
47748131339974,13:15:48.131,20.8600,101
47748131339974,13:15:48.131,20.8600,100
47748131413351,13:15:48.131,20.8600,100
47787028951404,13:16:27.028,20.8700,11
47799837935807,13:16:39.837,20.8700,10
47803726604131,13:16:43.726,20.8700,11
47813613457281,13:16:53.613,20.8700,33
47837881049106,13:17:17.881,20.8700,67
47844918467844,13:17:24.918,20.8700,100
47874052238454,13:17:54.052,20.8800,100
47874052238454,13:17:54.052,20.8800,100
47874052238454,13:17:54.052,20.8800,100
47874052238454,13:17:54.052,20.8800,100
47874052238454,13:17:54.052,20.8800,100
47876127160334,13:17:56.127,20.8800,100
47876127160334,13:17:56.127,20.8800,100
48006597627090,13:20:06.597,20.8700,100
48065695918853,13:21:05.695,20.8700,100
48080967762117,13:21:20.967,20.8800,100
48080967762117,13:21:20.967,20.8800,100
48080997883542,13:21:20.997,20.8800,20
48250496180503,13:24:10.496,20.8700,1
48329115495031,13:25:29.115,20.8700,75
48362648484779,13:26:02.648,20.8750,380
48362648551384,13:26:02.648,20.8750,20
48362648551384,13:26:02.648,20.8800,100
48362648551384,13:26:02.648,20.8800,80
48362648551384,13:26:02.648,20.8800,180
48362648561608,13:26:02.648,20.8800,20
48362648561608,13:26:02.648,20.8800,100
48362648561608,13:26:02.648,20.8800,100
48397121821142,13:26:37.121,20.8800,80
48399054716399,13:26:39.054,20.8800,20
48400595016538,13:26:40.595,20.8900,100
48400595016538,13:26:40.595,20.8900,100
48407109003167,13:26:47.109,20.8800,100
48418342092130,13:26:58.342,20.8800,200
48443459215437,13:27:23.459,20.8800,100
48443459215437,13:27:23.459,20.8800,1
48443604491515,13:27:23.604,20.8800,100
48487355522151,13:28:07.355,20.8800,100
48556036257978,13:29:16.036,20.8900,100
48556036927510,13:29:16.036,20.8900,75
48557642944124,13:29:17.642,20.8800,100
48557642944124,13:29:17.642,20.8800,100
48557642944124,13:29:17.642,20.8800,100
48557642944124,13:29:17.642,20.8800,100
48574990235284,13:29:34.990,20.8700,100
48672310738699,13:31:12.310,20.8700,40
48682262766335,13:31:22.262,20.8700,50
48682538110748,13:31:22.538,20.8700,10
48730817345544,13:32:10.817,20.8800,28
48730925053808,13:32:10.925,20.8800,25
48731803941373,13:32:11.803,20.8800,22
48751278008504,13:32:31.278,20.8600,80
48912286438824,13:35:12.286,20.8700,75
48912286608902,13:35:12.286,20.8700,25
48977514754698,13:36:17.514,20.8700,25
48977515732635,13:36:17.515,20.8700,200
48977515732635,13:36:17.515,20.8700,100
48977795464054,13:36:17.795,20.8650,100
49013531781961,13:36:53.531,20.8800,50
49013536857474,13:36:53.536,20.8800,50
49035690474817,13:37:15.690,20.8800,100
49035690509371,13:37:15.690,20.8800,100
49035690509371,13:37:15.690,20.8800,1
49038527275826,13:37:18.527,20.9000,100
49042432643954,13:37:22.432,20.8900,100
49101823157537,13:38:21.823,20.9000,15
49130913144278,13:38:50.913,20.9000,13
49130913144278,13:38:50.913,20.9000,31
49130913174009,13:38:50.913,20.9000,69
49195183628938,13:39:55.183,20.9000,100
49195183628938,13:39:55.183,20.9000,200
49211525762853,13:40:11.525,20.9000,32
49217683785769,13:40:17.683,20.9000,68
49288215269889,13:41:28.215,20.8900,100
49288215269889,13:41:28.215,20.8900,20
49288215269889,13:41:28.215,20.8900,500
49288216196376,13:41:28.216,20.8900,100
49288216196376,13:41:28.216,20.8900,100
49288216196376,13:41:28.216,20.8900,100
49288219581338,13:41:28.219,20.8900,200
49288219581338,13:41:28.219,20.8900,100
49288219581338,13:41:28.219,20.8900,200
49295869968564,13:41:35.869,20.8900,100
49295869968564,13:41:35.869,20.8900,100
49311361554481,13:41:51.361,20.8900,25
49325951150570,13:42:05.951,20.8900,100
49377346054002,13:42:57.346,20.8700,100
49391772090115,13:43:11.772,20.8600,20
49391772090115,13:43:11.772,20.8600,13
49392778192740,13:43:12.778,20.8550,100
49545490255134,13:45:45.490,20.8400,100
49545490255134,13:45:45.490,20.8400,100
49573520463976,13:46:13.520,20.8500,50
49574076860390,13:46:14.076,20.8500,49
49616631396021,13:46:56.631,20.8400,25
49662708013602,13:47:42.708,20.8300,100
49673983713313,13:47:53.983,20.8300,205
49685029066544,13:48:05.029,20.8200,20
49768435850394,13:49:28.435,20.7600,75
49768435850394,13:49:28.435,20.7600,25
49772660092928,13:49:32.660,20.7600,175
49772660092928,13:49:32.660,20.7600,100
49772660092928,13:49:32.660,20.7600,100
49772660092928,13:49:32.660,20.7600,25
49772660125932,13:49:32.660,20.7600,75
49772660137610,13:49:32.660,20.7600,75
49772660463704,13:49:32.660,20.7600,100
49772660463704,13:49:32.660,20.7600,25
49810114960375,13:50:10.114,20.7700,3
49816550660023,13:50:16.550,20.7700,38
49816677121586,13:50:16.677,20.7700,25
49816802017819,13:50:16.802,20.7700,25
49817850344869,13:50:17.850,20.7700,92
49832443636975,13:50:32.443,20.7800,25
49894943285804,13:51:34.943,20.7700,88
49894943310150,13:51:34.943,20.7700,20
49965165817093,13:52:45.165,20.7700,100
49965165817093,13:52:45.165,20.7700,200
50155785590911,13:55:55.785,20.7700,100
50155786668634,13:55:55.786,20.7700,100
50165912653122,13:56:05.912,20.7600,20
50165912653122,13:56:05.912,20.7600,62
50165912707040,13:56:05.912,20.7600,100
50165912707040,13:56:05.912,20.7600,200
50165912707040,13:56:05.912,20.7600,200
50165912707040,13:56:05.912,20.7600,100
50165912707040,13:56:05.912,20.7600,100
50172085496376,13:56:12.085,20.7500,100
50243731885626,13:57:23.731,20.7200,44
50243731901837,13:57:23.731,20.7200,44
50243731912967,13:57:23.731,20.7200,12
50332282027096,13:58:52.282,20.7100,200
50339668232519,13:58:59.668,20.7200,25
50346184421744,13:59:06.184,20.7300,100
50346184421744,13:59:06.184,20.7300,100
50402616353027,14:00:02.616,20.7300,300
50402616448683,14:00:02.616,20.7300,100
50402705719103,14:00:02.705,20.7400,100
50402705719103,14:00:02.705,20.7400,100
50402706046178,14:00:02.706,20.7400,100
50402713465567,14:00:02.713,20.7400,100
50402803781273,14:00:02.803,20.7400,100
50403211333627,14:00:03.211,20.7500,100
50403774909454,14:00:03.774,20.7300,100
50403885488084,14:00:03.885,20.7300,100
50403885488084,14:00:03.885,20.7300,400
50403886767997,14:00:03.886,20.7300,100
50403886767997,14:00:03.886,20.7300,100
50403886767997,14:00:03.886,20.7300,200
50403886767997,14:00:03.886,20.7300,100
50404230078816,14:00:04.230,20.7300,100
50404620767640,14:00:04.620,20.7300,100
50404646305807,14:00:04.646,20.7300,2
50407712272667,14:00:07.712,20.7300,100
50407865849715,14:00:07.865,20.7300,100
50407937060775,14:00:07.937,20.7300,100
50407937534925,14:00:07.937,20.7300,100
50407990999329,14:00:07.990,20.7350,300
50408913404158,14:00:08.913,20.7300,75
50408913827998,14:00:08.913,20.7300,100
50408977253190,14:00:08.977,20.7300,25
50409002384093,14:00:09.002,20.7350,100
50409256675532,14:00:09.256,20.7400,37
50409420780065,14:00:09.420,20.7400,63
50409421092693,14:00:09.421,20.7400,100
50409421108209,14:00:09.421,20.7400,100
50409421108209,14:00:09.421,20.7400,100
50409421573012,14:00:09.421,20.7400,12
50409548915828,14:00:09.548,20.7400,88
50409549440746,14:00:09.549,20.7400,100
50409549440746,14:00:09.549,20.7400,200
50409549440746,14:00:09.549,20.7400,100
50409622739113,14:00:09.622,20.7400,88
50409628935346,14:00:09.628,20.7350,100
50409678274452,14:00:09.678,20.7350,100
50409723846976,14:00:09.723,20.7400,25
50409724244671,14:00:09.724,20.7400,75
50409805457710,14:00:09.805,20.7500,300
50410260754899,14:00:10.260,20.7500,41
50410456000685,14:00:10.456,20.7500,59
50411446742072,14:00:11.446,20.7600,75
50411818949946,14:00:11.818,20.7600,75
50412192539095,14:00:12.192,20.7600,38
50412505618272,14:00:12.505,20.7600,50
50412633074477,14:00:12.633,20.7600,50
50413483234685,14:00:13.483,20.7650,175
50413741057517,14:00:13.741,20.7650,200
50413741098086,14:00:13.741,20.7650,25
50413741098086,14:00:13.741,20.7700,100
50413741098086,14:00:13.741,20.7700,75
50413761797506,14:00:13.761,20.7700,25
50413761797506,14:00:13.761,20.7700,75
50414555476425,14:00:14.555,20.7700,25
50414818206714,14:00:14.818,20.7700,25
50414948276920,14:00:14.948,20.7700,54
50414957195358,14:00:14.957,20.7700,25
50414996356366,14:00:14.996,20.7700,25
50415029357802,14:00:15.029,20.7650,100
50415029671429,14:00:15.029,20.7650,100
50415029969445,14:00:15.029,20.7700,46
50415029969445,14:00:15.029,20.7700,4
50415119046216,14:00:15.119,20.7700,50
50416093316537,14:00:16.093,20.7700,46
50416093377823,14:00:16.093,20.7700,100
50416892810715,14:00:16.892,20.7700,100
50416893311291,14:00:16.893,20.7700,25
50416997368341,14:00:16.997,20.7750,100
50417010005643,14:00:17.010,20.7750,100
50417336373447,14:00:17.336,20.7800,25
50417379880571,14:00:17.379,20.7750,100
50417468792298,14:00:17.468,20.7650,119
50417468805639,14:00:17.468,20.7650,275
50417507130785,14:00:17.507,20.7650,6
50417507130785,14:00:17.507,20.7700,94
50417638523474,14:00:17.638,20.7700,100
50417765449425,14:00:17.765,20.7700,81
50418544297972,14:00:18.544,20.7800,200
50419050724302,14:00:19.050,20.7900,25
50419413851380,14:00:19.413,20.7850,100
50419421211109,14:00:19.421,20.7850,100
50419421211109,14:00:19.421,20.7900,50
50419596532635,14:00:19.596,20.7900,50
50419596532635,14:00:19.596,20.7900,50
50419632701149,14:00:19.632,20.7900,50
50419795913239,14:00:19.795,20.8000,75
50420394971714,14:00:20.394,20.8000,25
50426020079023,14:00:26.020,20.7900,100
50426021723878,14:00:26.021,20.7800,100
50426021723878,14:00:26.021,20.7800,100
50426024292510,14:00:26.024,20.7800,100
50426226142854,14:00:26.226,20.7600,500
50431651254828,14:00:31.651,20.7800,100
50432444007050,14:00:32.444,20.7800,100
50440723177313,14:00:40.723,20.7900,19
50444086074903,14:00:44.086,20.8100,50
50445794709915,14:00:45.794,20.7900,100
50445997233487,14:00:45.997,20.7600,100
50445997233487,14:00:45.997,20.7600,100
50457545126658,14:00:57.545,20.7900,88
50459139370326,14:00:59.139,20.7900,12
50464153922711,14:01:04.153,20.8100,100
50468017518060,14:01:08.017,20.8100,100
50481355958646,14:01:21.355,20.8200,100
50488948174735,14:01:28.948,20.8500,13
50491564688744,14:01:31.564,20.8600,75
50491699951094,14:01:31.699,20.8500,37
50491950972970,14:01:31.950,20.8500,22
50493970889149,14:01:33.970,20.8600,100
50499600340911,14:01:39.600,20.8600,3
50500001516578,14:01:40.001,20.8500,38
50500231709544,14:01:40.231,20.8400,97
50514314716750,14:01:54.314,20.8400,38
50514616317751,14:01:54.616,20.8400,37
50521053394770,14:02:01.053,20.8400,25
50521161234015,14:02:01.161,20.8300,100
50522823781151,14:02:02.823,20.8400,63
50522955407446,14:02:02.955,20.8400,50
50523433725369,14:02:03.433,20.8400,75
50540001640603,14:02:20.001,20.8400,100
50540001640603,14:02:20.001,20.8400,100
50548570747943,14:02:28.570,20.8500,25
50548851593897,14:02:28.851,20.8500,75
50548851593897,14:02:28.851,20.8500,38
50549242303257,14:02:29.242,20.8500,12
50566410083530,14:02:46.410,20.8600,100
50568913420225,14:02:48.913,20.8700,25
50574289423613,14:02:54.289,20.8700,100
50574291783665,14:02:54.291,20.8600,200
50574291877139,14:02:54.291,20.8600,100
50574294738220,14:02:54.294,20.8600,100
50574295849489,14:02:54.295,20.8700,100
50574297371746,14:02:54.297,20.8500,100
50574348861609,14:02:54.348,20.8500,100
50575806464740,14:02:55.806,20.8500,100
50575806464740,14:02:55.806,20.8500,22
50575806501572,14:02:55.806,20.8500,40
50575806902076,14:02:55.806,20.8500,38
50576268843596,14:02:56.268,20.8400,100
50576268843596,14:02:56.268,20.8400,13
50592239862100,14:03:12.239,20.8900,100
50593521810371,14:03:13.521,20.9000,138
50593906379902,14:03:13.906,20.9000,2
50595566119450,14:03:15.566,20.9000,300
50595566334241,14:03:15.566,20.9000,100
50659926634517,14:04:19.926,20.8900,20
50678368135192,14:04:38.368,20.9100,81
50678368136787,14:04:38.368,20.9100,19
50678368136787,14:04:38.368,20.9100,1
50679643245315,14:04:39.643,20.9100,43
50697835320126,14:04:57.835,20.9200,87
50697835320126,14:04:57.835,20.9200,13
50697836651916,14:04:57.836,20.9200,87
50697838281059,14:04:57.838,20.9200,100
50697838281059,14:04:57.838,20.9200,100
50697857130882,14:04:57.857,20.9300,100
50697896131534,14:04:57.896,20.9300,5
50700520791625,14:05:00.520,20.9300,95
50705100860361,14:05:05.100,20.9400,4
50709756956858,14:05:09.756,20.9400,1
50709756956858,14:05:09.756,20.9400,98
50709873426180,14:05:09.873,20.9400,100
50709873426180,14:05:09.873,20.9400,100
50740861219653,14:05:40.861,20.9000,100
50749812154186,14:05:49.812,20.9400,75
50749812790836,14:05:49.812,20.9400,25
50770186741327,14:06:10.186,20.9200,48
50785696826142,14:06:25.696,20.9400,100
50785901213056,14:06:25.901,20.9400,100
50808207343471,14:06:48.207,20.9300,100
50808207343471,14:06:48.207,20.9300,100
50808207654035,14:06:48.207,20.9300,100
50852488545023,14:07:32.488,20.9000,82
50852488578128,14:07:32.488,20.9000,18
50857544144816,14:07:37.544,20.9000,25
50890711168077,14:08:10.711,20.9000,100
50924239593724,14:08:44.239,20.8900,28
50939612985026,14:08:59.612,20.9000,20
50983093040547,14:09:43.093,20.9000,2
50983093041798,14:09:43.093,20.9000,98
50984272525229,14:09:44.272,20.9100,75
51008333349321,14:10:08.333,20.9000,22
51041274545046,14:10:41.274,20.9100,100
51051550296377,14:10:51.550,20.9500,50
51055812885266,14:10:55.812,20.9600,100
51055812910609,14:10:55.812,20.9600,100
51059548548329,14:10:59.548,20.9600,40
51092902257628,14:11:32.902,21.0300,40
51106432495521,14:11:46.432,21.0400,100
51112491481616,14:11:52.491,21.0300,9
51121900779308,14:12:01.900,21.0300,100
51123573708498,14:12:03.573,21.0200,1
51123573732785,14:12:03.573,21.0200,99
51124274574100,14:12:04.274,21.0100,500
51124275275843,14:12:04.275,21.0000,100
51124275778894,14:12:04.275,21.0000,100
51124277381614,14:12:04.277,21.0000,87
51143103627685,14:12:23.103,20.9900,38
51143104039777,14:12:23.104,20.9900,41
51143104063172,14:12:23.104,20.9900,21
51168590863248,14:12:48.590,20.9900,75
51168590908561,14:12:48.590,20.9900,25
51211238619599,14:13:31.238,21.0000,75
51226843033594,14:13:46.843,21.0000,25
51230382213366,14:13:50.382,21.0000,100
51242041540761,14:14:02.041,20.9900,100
51247188736559,14:14:07.188,20.9900,100
51281285527300,14:14:41.285,21.0000,100
51281285921905,14:14:41.285,21.0000,87
51281286871078,14:14:41.286,21.0000,13
51293861585183,14:14:53.861,20.9900,50
51300437397261,14:15:00.437,20.9900,26
51300437397261,14:15:00.437,20.9900,15
51300438909456,14:15:00.438,20.9900,85
51309606513342,14:15:09.606,20.9900,20
51309606530619,14:15:09.606,20.9900,80
51322236074036,14:15:22.236,21.0000,25
51331362398002,14:15:31.362,20.9900,100
51331362398002,14:15:31.362,20.9900,100
51343362013647,14:15:43.362,20.9500,75
51359350913969,14:15:59.350,20.9800,100
51424448205397,14:17:04.448,21.0000,25
51427532493541,14:17:07.532,21.0000,75
51427532901258,14:17:07.532,21.0000,75
51435300009539,14:17:15.300,20.9900,100
51450600888126,14:17:30.600,21.0100,100
51476592477095,14:17:56.592,21.0100,100
51476592477095,14:17:56.592,21.0100,50
51476592515543,14:17:56.592,21.0100,50
51476635031691,14:17:56.635,21.0100,100
51476752944058,14:17:56.752,21.0000,100
51523260769049,14:18:43.260,21.0100,146
51523343548305,14:18:43.343,21.0100,50
51529507508870,14:18:49.507,21.0100,100
51533519766003,14:18:53.519,21.0100,100
51535400223305,14:18:55.400,21.0200,10
51544732520410,14:19:04.732,21.0200,100
51578679158284,14:19:38.679,21.0300,50
51594011861965,14:19:54.011,21.0200,45
51594012228742,14:19:54.012,21.0200,55
51594012228742,14:19:54.012,21.0200,100
51594012228742,14:19:54.012,21.0200,45
51613035863413,14:20:13.035,21.0100,25
51615421688008,14:20:15.421,21.0100,100
51620413094900,14:20:20.413,21.0200,100
51626129260129,14:20:26.129,21.0300,50
51626129426485,14:20:26.129,21.0300,50
51626469209684,14:20:26.469,21.0200,100
51626469209684,14:20:26.469,21.0200,100
51626469885371,14:20:26.469,21.0200,100
51626470851656,14:20:26.470,21.0200,100
51661242071723,14:21:01.242,21.0000,100
51661302417413,14:21:01.302,21.0000,100
51679879972737,14:21:19.879,21.0100,50
51681724669056,14:21:21.724,21.0100,50
51720001505986,14:22:00.001,21.0100,20
51732667139599,14:22:12.667,21.0100,80
51792882939505,14:23:12.882,21.0200,100
51810333211101,14:23:30.333,21.0300,100
51834830369975,14:23:54.830,21.0100,100
51875066187678,14:24:35.066,20.9800,100
51875070837388,14:24:35.070,20.9800,100
51875659988968,14:24:35.659,20.9800,100
51883017525280,14:24:43.017,20.9800,100
51905151487498,14:25:05.151,20.9800,100
51921297968355,14:25:21.297,20.9800,100
52003790244885,14:26:43.790,20.9700,8
52003790244885,14:26:43.790,20.9700,100
52088703092187,14:28:08.703,20.9500,100
52100080261784,14:28:20.080,20.9500,25
52153377713195,14:29:13.377,20.9300,100
52170511581899,14:29:30.511,20.9000,199
52310296478869,14:31:50.296,20.8800,74
52310296513026,14:31:50.296,20.8800,26
52310296513026,14:31:50.296,20.8800,12
52342402534140,14:32:22.402,20.8900,200
52390421654068,14:33:10.421,20.8900,100
52390421654068,14:33:10.421,20.8900,27
52425698534061,14:33:45.698,20.8950,200
52434206387093,14:33:54.206,20.9000,139
52434206425982,14:33:54.206,20.9000,61
52434435848781,14:33:54.435,20.9100,100
52457356233798,14:34:17.356,20.8900,8
52457356233798,14:34:17.356,20.8900,20
52462357724179,14:34:22.357,20.8900,20
52481854445781,14:34:41.854,20.8900,61
52481994945297,14:34:41.994,20.8900,19
52481995196945,14:34:41.995,20.8900,100
52494275351273,14:34:54.275,20.8900,200
52494275779205,14:34:54.275,20.8900,100
52494275779205,14:34:54.275,20.8900,100
52570567675572,14:36:10.567,20.8900,100
52570567675572,14:36:10.567,20.8900,100
52578741623341,14:36:18.741,20.9000,7
52578741623341,14:36:18.741,20.9000,1
52578741623341,14:36:18.741,20.9000,100
52611128237983,14:36:51.128,20.9000,100
52611173761822,14:36:51.173,20.9000,100
52638480591892,14:37:18.480,20.9200,97
52638480616244,14:37:18.480,20.9200,3
52642753034381,14:37:22.753,20.9400,100
52718708186390,14:38:38.708,20.9500,100
52718708186390,14:38:38.708,20.9500,175
52718712012269,14:38:38.712,20.9500,100
52718712012269,14:38:38.712,20.9500,100
52718713915244,14:38:38.713,20.9400,100
52718715236561,14:38:38.715,20.9400,100
52718715236561,14:38:38.715,20.9400,100
52718715236561,14:38:38.715,20.9400,100
52718715236561,14:38:38.715,20.9400,100
52718718701504,14:38:38.718,20.9400,100
52718718701504,14:38:38.718,20.9400,25
52766802012850,14:39:26.802,20.9800,100
52766802012850,14:39:26.802,20.9800,100
52766815862207,14:39:26.815,20.9700,100
52766815862207,14:39:26.815,20.9700,100
52766830212436,14:39:26.830,20.9600,175
52779328733266,14:39:39.328,20.9700,1
52792854138973,14:39:52.854,20.9700,100
52793919984517,14:39:53.919,20.9700,8
52793928387533,14:39:53.928,20.9700,8
52793937234347,14:39:53.937,20.9700,8
52793948482924,14:39:53.948,20.9700,8
52793959807560,14:39:53.959,20.9700,8
52793968956778,14:39:53.968,20.9700,8
52801800708207,14:40:01.800,20.9600,100
52801801181661,14:40:01.801,20.9600,75
52801930720312,14:40:01.930,20.9500,100
52837585981756,14:40:37.585,20.9600,200
52858993325625,14:40:58.993,20.9300,100
52862270803706,14:41:02.270,20.9300,5
52862279956102,14:41:02.279,20.9100,300
52862279956102,14:41:02.279,20.9100,100
52862281339341,14:41:02.281,20.9100,100
52862284234528,14:41:02.284,20.9200,100
52862284234528,14:41:02.284,20.9200,100
52862286543182,14:41:02.286,20.9100,100
52862287320526,14:41:02.287,20.9100,100
52862290377826,14:41:02.290,20.9000,100
52862290815106,14:41:02.290,20.9000,100
52863229261780,14:41:03.229,20.9200,100
52865903333018,14:41:05.903,20.9200,100
52918570381560,14:41:58.570,20.9700,8
52935284918099,14:42:15.284,21.0000,2
52944254741177,14:42:24.254,21.0100,100
52945578597786,14:42:25.578,21.0000,75
52974008386740,14:42:54.008,21.0000,200
52979143790457,14:42:59.143,20.9900,38
52979158116342,14:42:59.158,20.9900,62
53008596125109,14:43:28.596,20.9900,100
53016345959475,14:43:36.345,20.9900,100
53137223828904,14:45:37.223,21.0000,100
53144685042235,14:45:44.685,21.0000,100
53144686758910,14:45:44.686,21.0000,100
53145289569891,14:45:45.289,21.0000,100
53232722677329,14:47:12.722,21.0200,100
53232722677329,14:47:12.722,21.0200,25
53259251666789,14:47:39.251,21.0100,100
53259251666789,14:47:39.251,21.0100,300
53260430456420,14:47:40.430,20.9900,100
53342071185491,14:49:02.071,20.9900,100
53342255521984,14:49:02.255,20.9800,1
53342255521984,14:49:02.255,20.9800,300
53351252946982,14:49:11.252,20.9800,100
53378777864088,14:49:38.777,20.9700,100
53384298034847,14:49:44.298,20.9600,100
53384305681672,14:49:44.305,20.9500,300
53384305681672,14:49:44.305,20.9500,100
53384321452792,14:49:44.321,20.9600,100
53391731513572,14:49:51.731,20.9600,100
53391731513572,14:49:51.731,20.9600,100
53396181528050,14:49:56.181,20.9700,100
53400441405070,14:50:00.441,20.9700,100
53401036317351,14:50:01.036,20.9700,100
53605572024204,14:53:25.572,20.9700,100
53650029219908,14:54:10.029,20.9800,100
53677608840318,14:54:37.608,20.9900,100
53757993225979,14:55:57.993,21.0100,100
53757996395995,14:55:57.996,21.0100,100
53757997650028,14:55:57.997,21.0100,100
53764994379960,14:56:04.994,20.9900,99
53764994418434,14:56:04.994,20.9900,1
53802299817721,14:56:42.299,20.9800,100
53802835376844,14:56:42.835,20.9700,100
53893059353533,14:58:13.059,21.0300,100
53930433859678,14:58:50.433,21.0400,9
53931232186904,14:58:51.232,21.0400,91
53931232186904,14:58:51.232,21.0400,9
53931239747139,14:58:51.239,21.0400,91
53933155604404,14:58:53.155,21.0400,100
53968518747126,14:59:28.518,21.0500,49
53973424605263,14:59:33.424,21.0500,51
54005732818323,15:00:05.732,21.0600,1
54005732818323,15:00:05.732,21.0600,35
54049726697234,15:00:49.726,21.0500,2
54050842303842,15:00:50.842,21.0400,24
54051551942125,15:00:51.551,21.0400,76
54066319008957,15:01:06.319,21.0400,100
54066319008957,15:01:06.319,21.0400,100
54126834954477,15:02:06.834,21.0500,100
54127804619818,15:02:07.804,21.0500,100
54127804619818,15:02:07.804,21.0500,100
54180948188609,15:03:00.948,21.0500,100
54180957105319,15:03:00.957,21.0400,100
54187801792735,15:03:07.801,21.0400,100
54277802007446,15:04:37.802,21.0500,100
54277802007446,15:04:37.802,21.0500,100
54277802007446,15:04:37.802,21.0500,1000
54308710531226,15:05:08.710,21.0700,100
54308710531226,15:05:08.710,21.0700,37
54317683285919,15:05:17.683,21.0500,100
54317683285919,15:05:17.683,21.0500,100
54317683285919,15:05:17.683,21.0500,100
54317683285919,15:05:17.683,21.0500,800
54332682725861,15:05:32.682,21.0500,100
54332682725861,15:05:32.682,21.0500,100
54332682725861,15:05:32.682,21.0500,300
54391592766479,15:06:31.592,21.0700,100
54395649616831,15:06:35.649,21.0500,100
54405503868490,15:06:45.503,21.0400,100
54407683883735,15:06:47.683,21.0500,100
54407683883735,15:06:47.683,21.0500,600
54407685082044,15:06:47.685,21.0500,100
54417626975514,15:06:57.626,21.0500,100
54418206205420,15:06:58.206,21.0300,300
54418207868272,15:06:58.207,21.0300,200
54422684757472,15:07:02.684,21.0400,112
54471836904657,15:07:51.836,21.0300,100
54482684330709,15:08:02.684,21.0400,100
54520648651115,15:08:40.648,21.0200,100
54559873443246,15:09:19.873,21.0000,100
54581514149818,15:09:41.514,20.9800,100
54581516804180,15:09:41.516,20.9700,100
54581516804180,15:09:41.516,20.9700,100
54581518587625,15:09:41.518,20.9800,100
54581595310574,15:09:41.595,20.9800,15
54585513412543,15:09:45.513,21.0000,100
54585515904806,15:09:45.515,20.9800,100
54585561019477,15:09:45.561,20.9800,100
54588878839985,15:09:48.878,20.9900,100
54590968234962,15:09:50.968,20.9700,100
54590968234962,15:09:50.968,20.9700,100
54634052967210,15:10:34.052,20.9100,100
54643488929610,15:10:43.488,20.9100,38
54643488944431,15:10:43.488,20.9100,33
54643488996490,15:10:43.488,20.9100,29
54643488996490,15:10:43.488,20.9100,71
54643586765688,15:10:43.586,20.9200,100
54643616553363,15:10:43.616,20.9200,100
54643641868643,15:10:43.641,20.9200,75
54644828895389,15:10:44.828,20.9300,100
54644829965615,15:10:44.829,20.9300,11
54644829965615,15:10:44.829,20.9300,89
54661419672305,15:11:01.419,20.9300,11
54669769948322,15:11:09.769,20.9300,100
54751888677327,15:12:31.888,20.9400,68
54751888696688,15:12:31.888,20.9400,7
54825218188981,15:13:45.218,20.9200,100
54825219820343,15:13:45.219,20.9100,100
54825219824062,15:13:45.219,20.9100,100
54830159809731,15:13:50.159,20.9000,100
54830159809731,15:13:50.159,20.9000,400
54895725291378,15:14:55.725,20.9300,100
54911697535793,15:15:11.697,20.9300,100
54920469940248,15:15:20.469,20.9100,100
54920675098466,15:15:20.675,20.9200,100
54934534881073,15:15:34.534,20.9300,21
54967272918704,15:16:07.272,20.9800,100
54967272918704,15:16:07.272,20.9800,58
55007514015684,15:16:47.514,20.9800,100
55007515696954,15:16:47.515,20.9700,100
55007517854770,15:16:47.517,20.9500,100
55110197575799,15:18:30.197,20.9400,100
55185460089189,15:19:45.460,20.9500,100
55186198801542,15:19:46.198,20.9600,100
55187345990392,15:19:47.345,20.9600,100
55236497998252,15:20:36.497,20.9800,100
55290218316254,15:21:30.218,20.9700,100
55382814942985,15:23:02.814,20.9600,100
55382815068460,15:23:02.815,20.9600,100
55382815068460,15:23:02.815,20.9600,100
55396188479189,15:23:16.188,20.9550,300
55396188576462,15:23:16.188,20.9550,100
55396188576462,15:23:16.188,20.9500,300
55396188576462,15:23:16.188,20.9500,300
55396188725998,15:23:16.188,20.9500,200
55396188725998,15:23:16.188,20.9500,100
55426739316903,15:23:46.739,20.9400,6
55431704048462,15:23:51.704,20.9400,100
55431704048462,15:23:51.704,20.9400,100
55431704048462,15:23:51.704,20.9400,100
55431704048462,15:23:51.704,20.9400,100
55435853099414,15:23:55.853,20.9400,100
55437553123490,15:23:57.553,20.9500,22
55437553123490,15:23:57.553,20.9500,21
55437553123490,15:23:57.553,20.9500,100
55438250405615,15:23:58.250,20.9500,100
55443692280439,15:24:03.692,20.9400,100
55448263506385,15:24:08.263,20.9300,100
55448263506385,15:24:08.263,20.9300,100
55448372511193,15:24:08.372,20.9400,100
55449457564945,15:24:09.457,20.9400,100
55451272149908,15:24:11.272,20.9500,100
55452768981849,15:24:12.768,20.9400,100
55452768981849,15:24:12.768,20.9400,100
55454840670107,15:24:14.840,20.9300,100
55470326686953,15:24:30.326,20.9300,8
55492507815422,15:24:52.507,20.9200,300
55492507815422,15:24:52.507,20.9200,200
55653825289037,15:27:33.825,20.8800,100
55653825289037,15:27:33.825,20.8800,100
55653825289037,15:27:33.825,20.8800,100
55653825289037,15:27:33.825,20.8800,100
55653842876791,15:27:33.842,20.8900,10
55798297311249,15:29:58.297,20.9200,100
55798297336720,15:29:58.297,20.9200,100
55812692468053,15:30:12.692,20.9100,100
55828722498589,15:30:28.722,20.9100,10
55847860481908,15:30:47.860,20.9000,100
55862357180360,15:31:02.357,20.9000,100
55865755849277,15:31:05.755,20.9000,100
55865758663153,15:31:05.758,20.9100,13
55865758663153,15:31:05.758,20.9100,100
55904817637075,15:31:44.817,20.9400,100
55904817710158,15:31:44.817,20.9400,100
55905378060831,15:31:45.378,20.9700,100
55910423222165,15:31:50.423,20.9600,100
55917010022002,15:31:57.010,20.9500,8
55917014787195,15:31:57.014,20.9400,100
55917014828973,15:31:57.014,20.9400,200
55917027890935,15:31:57.027,20.9300,100
55917027890935,15:31:57.027,20.9300,200
55998311762994,15:33:18.311,20.9300,100
55998312006895,15:33:18.312,20.9300,100
56053120894326,15:34:13.120,20.9200,27
56079335699328,15:34:39.335,20.9100,100
56079335699328,15:34:39.335,20.9100,16
56079335699328,15:34:39.335,20.9100,21
56079335699328,15:34:39.335,20.9100,263
56092398116310,15:34:52.398,20.9200,100
56092398116310,15:34:52.398,20.9200,100
56092398116310,15:34:52.398,20.9200,100
56092398116310,15:34:52.398,20.9200,100
56095763455392,15:34:55.763,20.9300,100
56095763455392,15:34:55.763,20.9300,100
56095763644491,15:34:55.763,20.9300,200
56095763644491,15:34:55.763,20.9300,100
56186982241287,15:36:26.982,20.9400,10
56590491694888,15:43:10.491,20.9400,90
56590491694888,15:43:10.491,20.9400,100
56590491694888,15:43:10.491,20.9400,10
56590492300837,15:43:10.492,20.9400,90
56590492300837,15:43:10.492,20.9400,100
56590492923597,15:43:10.492,20.9500,20
56629509514353,15:43:49.509,20.9500,100
56629509514353,15:43:49.509,20.9500,100
56642744388510,15:44:02.744,20.9500,100
56642744388510,15:44:02.744,20.9500,100
56642744388510,15:44:02.744,20.9500,21
56642744388510,15:44:02.744,20.9500,58
56674949111560,15:44:34.949,20.9450,93
56700790255673,15:45:00.790,20.9450,100
56700790255673,15:45:00.790,20.9400,100
56700790255673,15:45:00.790,20.9400,300
56700790255673,15:45:00.790,20.9400,100
56700790255673,15:45:00.790,20.9400,100
56700790255673,15:45:00.790,20.9400,20
56700790255673,15:45:00.790,20.9400,47
56700790366181,15:45:00.790,20.9400,53
56700790366181,15:45:00.790,20.9400,100
56700790366181,15:45:00.790,20.9400,100
56700790366181,15:45:00.790,20.9400,500
56700790366181,15:45:00.790,20.9400,100
56700790366181,15:45:00.790,20.9400,300
56700790398480,15:45:00.790,20.9400,500
56700792160556,15:45:00.792,20.9400,200
56745464659772,15:45:45.464,20.9350,100
56957780495331,15:49:17.780,20.9350,100
56969375129926,15:49:29.375,20.9350,100
56969375700563,15:49:29.375,20.9350,100
56970650699531,15:49:30.650,20.9350,100
56970650699531,15:49:30.650,20.9350,100
56970706803201,15:49:30.706,20.9350,100
57086308948177,15:51:26.308,20.9400,100
57086308948177,15:51:26.308,20.9400,100
57086308948177,15:51:26.308,20.9400,100
57086308948177,15:51:26.308,20.9400,42
57135106403948,15:52:15.106,20.9400,30
57135106403948,15:52:15.106,20.9400,70
57135107150363,15:52:15.107,20.9400,130
57135107150363,15:52:15.107,20.9400,100
57135107150363,15:52:15.107,20.9400,4
57135107150363,15:52:15.107,20.9400,2
57135107225292,15:52:15.107,20.9400,100
57135107267350,15:52:15.107,20.9400,100
57135107268897,15:52:15.107,20.9400,100
57205804483911,15:53:25.804,20.9350,100
57206357016226,15:53:26.357,20.9350,100
57229938841840,15:53:49.938,20.9350,100
57280964395603,15:54:40.964,20.9350,100
57281519125923,15:54:41.519,20.9350,100
57291764997655,15:54:51.764,20.9350,12
57316816522828,15:55:16.816,20.9400,21
57339268263953,15:55:39.268,20.9400,30
57348487572775,15:55:48.487,20.9400,70
57348487572775,15:55:48.487,20.9400,100
57348487572775,15:55:48.487,20.9400,400
57348487572775,15:55:48.487,20.9400,100
57485775563551,15:58:05.775,20.9450,100
57503550740902,15:58:23.550,20.9400,100
57503550740902,15:58:23.550,20.9400,38
57503550740902,15:58:23.550,20.9400,13
57503550740902,15:58:23.550,20.9400,100
57503550740902,15:58:23.550,20.9400,2
57503550740902,15:58:23.550,20.9400,100
57503627616428,15:58:23.627,20.9300,100
57506131542641,15:58:26.131,20.9250,15
57544094521598,15:59:04.094,20.9250,73
57548096451622,15:59:08.096,20.9300,100
57548096451622,15:59:08.096,20.9300,42
57555055146018,15:59:15.055,20.9250,23
57558510608273,15:59:18.510,20.9300,7
57565157534490,15:59:25.157,20.9300,1
57565474377590,15:59:25.474,20.9300,92
57586106508222,15:59:46.106,20.9500,10
57590097104678,15:59:50.097,20.9400,21
57595662172641,15:59:55.662,20.9500,100
57600492218253,16:00:00.492,0.0000,0
