timestamp,time,price,volume
34200900292284,09:30:00.900,21.2200,200
34425748008326,09:33:45.748,21.1000,200
34425748008326,09:33:45.748,21.1100,200
34500593214281,09:35:00.593,21.0300,100
34501730718382,09:35:01.730,20.9900,1
34501730718382,09:35:01.730,20.9900,99
34537691180177,09:35:37.691,20.9800,100
34652885959526,09:37:32.885,20.9800,100
34652885985058,09:37:32.885,20.9800,100
34652885985058,09:37:32.885,20.9800,4
34652885985058,09:37:32.885,20.9800,500
34652886234460,09:37:32.886,20.9900,66
34652886490624,09:37:32.886,20.9900,14
34652886658582,09:37:32.886,20.9900,35
34652886807375,09:37:32.886,20.9900,140
34653593903310,09:37:33.593,21.0000,400
34653600677360,09:37:33.600,21.0200,4
34682429337506,09:38:02.429,21.0500,60
34688148562174,09:38:08.148,21.0700,123
34688148587581,09:38:08.148,21.0700,377
34710473076073,09:38:30.473,21.0800,100
34719852424413,09:38:39.852,21.0900,100
34719852500701,09:38:39.852,21.0900,100
34719852508383,09:38:39.852,21.0900,100
34860872003549,09:41:00.872,21.1200,4
34897502271766,09:41:37.502,21.0800,2
34936885560750,09:42:16.885,21.0000,200
34936885585005,09:42:16.885,21.0000,1655
34936885586501,09:42:16.885,21.0000,145
35062928202909,09:44:22.928,20.9500,200
35062928271655,09:44:22.928,20.9500,100
35062928304395,09:44:22.928,20.9500,300
35252343774064,09:47:32.343,20.9300,100
35252343774064,09:47:32.343,20.9300,100
35252344093193,09:47:32.344,20.9600,4
35581028417547,09:53:01.028,20.9000,700
35730222020888,09:55:30.222,20.8500,100
35730222068720,09:55:30.222,20.8500,45
35815357638652,09:56:55.357,20.8400,100
35849444388417,09:57:29.444,20.8600,8
35849444461108,09:57:29.444,20.8700,59
35849444538621,09:57:29.444,20.8700,26
35849448586616,09:57:29.448,20.8700,100
36008470781909,10:00:08.470,20.8300,20
36062045951910,10:01:02.045,20.8700,4
36062045951910,10:01:02.045,20.8700,115
36062046217676,10:01:02.046,20.8800,115
36075322197388,10:01:15.322,20.8600,19
36081822507301,10:01:21.822,20.8600,81
36166710545045,10:02:46.710,20.8500,2
36307528503680,10:05:07.528,20.8700,20
36314992156772,10:05:14.992,20.8700,80
36318053132975,10:05:18.053,20.8500,20
36373409067759,10:06:13.409,20.8400,100
36380809653364,10:06:20.809,20.8300,71
36380810056713,10:06:20.810,20.8300,29
36535023376606,10:08:55.023,20.8500,42
36535023378637,10:08:55.023,20.8500,43
36535023378637,10:08:55.023,20.8500,200
36535023378637,10:08:55.023,20.8500,100
36649105403254,10:10:49.105,20.9000,100
36698241245074,10:11:38.241,20.9000,16
36731121062670,10:12:11.121,20.9500,200
36731121062670,10:12:11.121,20.9500,200
36733070133805,10:12:13.070,21.0000,2
36733070158490,10:12:13.070,21.0000,98
37064512180684,10:17:44.512,20.8900,76
37115226022652,10:18:35.226,20.8900,2
37115227119368,10:18:35.227,20.8900,2
37117620936832,10:18:37.620,20.8900,2
37117621840968,10:18:37.621,20.8900,2
37120336671085,10:18:40.336,20.8900,2
37124473375139,10:18:44.473,20.8900,8
37155880666160,10:19:15.880,20.8900,14
37155881264078,10:19:15.881,20.8900,36
37215915805363,10:20:15.915,20.8900,200
37215915805363,10:20:15.915,20.9000,100
37215915805363,10:20:15.915,20.9000,93
37215915805363,10:20:15.915,20.9000,100
37215915805363,10:20:15.915,20.9000,7
37215916328143,10:20:15.916,20.9000,93
37215916328143,10:20:15.916,20.9000,7
37215916356370,10:20:15.916,20.9000,93
37215916356370,10:20:15.916,20.9000,100
37215916356370,10:20:15.916,20.9000,6
37215916720236,10:20:15.916,20.9000,100
37215916805574,10:20:15.916,20.9000,8
37215962021956,10:20:15.962,20.9000,200
37217754229649,10:20:17.754,20.9000,100
37217754229649,10:20:17.754,20.9000,73
37218025311978,10:20:18.025,20.9100,200
37218025311978,10:20:18.025,20.9100,100
37440837030633,10:24:00.837,20.8900,2
37442011205395,10:24:02.011,20.8900,2
37442971115955,10:24:02.971,20.8900,2
37444427843060,10:24:04.427,20.8900,2
37464594694338,10:24:24.594,20.8600,6
37464594883880,10:24:24.594,20.8600,6
37469259203481,10:24:29.259,20.8900,3
37470311015863,10:24:30.311,20.8900,1
37475688982278,10:24:35.688,20.8900,3
37575219561946,10:26:15.219,20.8700,6
37575240617835,10:26:15.240,20.8700,43
37575242258151,10:26:15.242,20.8700,49
37576428230787,10:26:16.428,20.8700,2
37576429251851,10:26:16.429,20.8700,8
37576431637065,10:26:16.431,20.8700,2
37576432902114,10:26:16.432,20.8700,2
37576433277544,10:26:16.433,20.8700,2
37576433990308,10:26:16.433,20.8700,2
37577101642195,10:26:17.101,20.8700,2
37577102484142,10:26:17.102,20.8700,2
37587546844991,10:26:27.546,20.8700,30
37587547207069,10:26:27.547,20.8700,30
37587547613513,10:26:27.547,20.8700,30
37587547887367,10:26:27.547,20.8700,62
37587548074430,10:26:27.548,20.8700,30
37587548256916,10:26:27.548,20.8700,62
37587548534938,10:26:27.548,20.8700,100
37587548902010,10:26:27.548,20.8700,11
37734992796039,10:28:54.992,20.8400,100
37800083749251,10:30:00.083,20.8600,100
37800083749251,10:30:00.083,20.8600,38
37800083759701,10:30:00.083,20.8600,10
37800083759701,10:30:00.083,20.8600,100
37800092549925,10:30:00.092,20.8600,100
37800094181163,10:30:00.094,20.8700,10
37800125130506,10:30:00.125,20.8600,200
38051549673131,10:34:11.549,20.9500,100
38153172763143,10:35:53.172,20.9100,49
38153172777949,10:35:53.172,20.9100,51
38153172777949,10:35:53.172,20.9100,71
38153172785112,10:35:53.172,20.9100,29
38160372198855,10:36:00.372,20.8800,96
38160372198855,10:36:00.372,20.8800,4
38163003499121,10:36:03.003,20.8400,11
38177112029530,10:36:17.112,20.8700,85
38177112032789,10:36:17.112,20.8700,123
38177112041379,10:36:17.112,20.8700,128
38177112041379,10:36:17.112,20.8700,100
38177112041379,10:36:17.112,20.8700,100
38177113170042,10:36:17.113,20.8800,100
38327581362164,10:38:47.581,20.9000,100
38327581362164,10:38:47.581,20.9000,100
38369826342870,10:39:29.826,20.9100,100
38369830697015,10:39:29.830,20.9200,100
38408737303728,10:40:08.737,20.9400,100
38408737328193,10:40:08.737,20.9400,100
38408737328193,10:40:08.737,20.9400,100
38498855545478,10:41:38.855,20.9000,100
38498885960654,10:41:38.885,20.8700,36
38499104893230,10:41:39.104,20.8700,78
38520981269903,10:42:00.981,20.8900,572
38520981347067,10:42:00.981,20.9100,100
38520982489984,10:42:00.982,20.9200,108
38851146639644,10:47:31.146,20.9000,10
38851148900417,10:47:31.148,20.9000,2
38851151244212,10:47:31.151,20.9000,2
38890692692178,10:48:10.692,20.9000,12
38890694113715,10:48:10.694,20.9000,2
38906873382742,10:48:26.873,20.9000,16
38930174256245,10:48:50.174,20.9000,2
38930174362624,10:48:50.174,20.9000,2
38930174759259,10:48:50.174,20.9000,4
38930175115688,10:48:50.175,20.9000,2
38930175392811,10:48:50.175,20.9000,8
38930175482455,10:48:50.175,20.9000,14
38930175635963,10:48:50.175,20.9000,2
38930175728672,10:48:50.175,20.9000,4
38930175826451,10:48:50.175,20.9000,2
38930177207696,10:48:50.177,20.9000,2
38930755359860,10:48:50.755,20.9000,2
38930756353514,10:48:50.756,20.9000,2
39019845302830,10:50:19.845,20.9000,20
39019845535179,10:50:19.845,20.9000,36
39019845572058,10:50:19.845,20.9000,354
39019846059344,10:50:19.846,20.8900,34
39019847853500,10:50:19.847,20.8900,2
39136139196748,10:52:16.139,20.9000,75
39136139196748,10:52:16.139,20.9100,100
39136139196748,10:52:16.139,20.9100,100
39136139196748,10:52:16.139,20.9100,25
39136139224208,10:52:16.139,20.9100,75
39181063421925,10:53:01.063,20.9300,100
39189379512267,10:53:09.379,20.9400,13
39252101235105,10:54:12.101,20.9400,87
39252101600202,10:54:12.101,20.9500,100
39308642030291,10:55:08.642,20.9300,2
39326903592197,10:55:26.903,20.9400,16
39326903730945,10:55:26.903,20.9400,8
39326903914425,10:55:26.903,20.9400,32
39326904055253,10:55:26.904,20.9400,18
39326904242440,10:55:26.904,20.9400,4
39326906859427,10:55:26.906,20.9400,8
39330386514491,10:55:30.386,20.9400,14
39330386605778,10:55:30.386,20.9400,100
39330387498515,10:55:30.387,20.9300,2
39336486220449,10:55:36.486,20.9300,2
39339334826007,10:55:39.334,20.9300,4
39339334869190,10:55:39.334,20.9300,8
39339335930284,10:55:39.335,20.9300,16
39339336379066,10:55:39.336,20.9300,8
39339336562244,10:55:39.336,20.9300,8
39339337032133,10:55:39.337,20.9300,6
39339337188889,10:55:39.337,20.9300,15
39345960197677,10:55:45.960,20.9100,100
39349514769397,10:55:49.514,20.9100,100
39350961258536,10:55:50.961,20.9000,100
39350961258536,10:55:50.961,20.9000,96
39353775270767,10:55:53.775,20.9000,4
39421221059100,10:57:01.221,20.9300,100
39421221081475,10:57:01.221,20.9400,100
39421221081475,10:57:01.221,20.9400,58
39421221092084,10:57:01.221,20.9400,129
39421582300603,10:57:01.582,20.9400,13
39421582300603,10:57:01.582,20.9400,87
39421582356773,10:57:01.582,20.9400,13
39470391008870,10:57:50.391,20.9000,100
39473475329449,10:57:53.475,20.9000,100
39663078872036,11:01:03.078,20.9000,18
39663079031506,11:01:03.079,20.9000,382
39663079031506,11:01:03.079,20.9000,95
39663079156366,11:01:03.079,20.9000,105
39663079156366,11:01:03.079,20.9000,100
39663079156366,11:01:03.079,20.9000,300
39663935883829,11:01:03.935,20.9100,80
39663935908423,11:01:03.935,20.9100,8
39665082450826,11:01:05.082,20.9100,312
39666880483323,11:01:06.880,20.9000,100
39678961760929,11:01:18.961,20.9000,100
39683959388073,11:01:23.959,20.9000,100
39985933072330,11:06:25.933,20.8700,100
39985933225930,11:06:25.933,20.8700,100
40024663370691,11:07:04.663,20.8900,100
40024663370691,11:07:04.663,20.8900,50
40080318039450,11:08:00.318,20.8900,50
40080318039450,11:08:00.318,20.8900,100
40162423338572,11:09:22.423,20.9000,100
40162423338572,11:09:22.423,20.9000,100
40162423365747,11:09:22.423,20.9000,100
40162423365747,11:09:22.423,20.9000,160
40162423367309,11:09:22.423,20.9000,640
40162423367309,11:09:22.423,20.9000,100
40162424206500,11:09:22.424,20.9200,100
40163535865240,11:09:23.535,20.9400,37
40164989589800,11:09:24.989,20.9700,50
40250063094513,11:10:50.063,20.9200,100
40250959051586,11:10:50.959,20.9200,50
40250959051586,11:10:50.959,20.9200,50
40255960721671,11:10:55.960,20.9100,100
40384000079669,11:13:04.000,20.8900,90
40385213538794,11:13:05.213,20.8800,100
40385213538794,11:13:05.213,20.8800,20
40385213538794,11:13:05.213,20.8800,6
40385213540558,11:13:05.213,20.8800,94
40385213633163,11:13:05.213,20.8700,1
40448093556114,11:14:08.093,20.8600,100
40448093556114,11:14:08.093,20.8600,87
40448093556114,11:14:08.093,20.8600,100
40512284986073,11:15:12.284,20.8800,100
40846770827367,11:20:46.770,20.8900,50
40847045778589,11:20:47.045,20.9100,100
40847045917858,11:20:47.045,20.9100,100
40847046972919,11:20:47.046,20.9100,50
40847053540049,11:20:47.053,20.9100,100
40849797960144,11:20:49.797,20.9000,100
41103806122415,11:25:03.806,20.8900,100
41103806122415,11:25:03.806,20.8900,100
41103813994172,11:25:03.813,20.8900,100
41103813994172,11:25:03.813,20.8900,3
41348250252902,11:29:08.250,20.9000,100
41348250252902,11:29:08.250,20.9000,8
41369923864068,11:29:29.923,20.9200,100
41369923888438,11:29:29.923,20.9200,2
41369923889712,11:29:29.923,20.9200,53
41477005976057,11:31:17.005,20.9500,100
41589751943654,11:33:09.751,20.9500,100
41793388038985,11:36:33.388,20.9100,10
41793390568456,11:36:33.390,20.9000,44
41793390689273,11:36:33.390,20.9000,4
41793390874437,11:36:33.390,20.9000,42
41793391105227,11:36:33.391,20.9000,10
41793391105227,11:36:33.391,20.9000,100
41793391599045,11:36:33.391,20.9000,15
41804685998208,11:36:44.685,20.9100,100
41804685998208,11:36:44.685,20.9100,100
42125009113329,11:42:05.009,20.9400,48
42125009137610,11:42:05.009,20.9400,32
42125029546011,11:42:05.029,20.9400,20
42125029546011,11:42:05.029,20.9400,38
42125029552140,11:42:05.029,20.9400,62
42125029552140,11:42:05.029,20.9400,51
42132225645764,11:42:12.225,20.9400,49
42132225645764,11:42:12.225,20.9500,51
42132226156934,11:42:12.226,20.9500,49
42165364985182,11:42:45.364,20.9800,1
42166174636116,11:42:46.174,20.9800,3
42200035275148,11:43:20.035,20.9900,15
42581527128432,11:49:41.527,21.0100,96
42581527128432,11:49:41.527,21.0100,4
42613044578613,11:50:13.044,20.9900,39
42628929428048,11:50:28.929,21.0000,100
42628929465989,11:50:28.929,21.0000,100
42628929465989,11:50:28.929,21.0100,96
42628929465989,11:50:28.929,21.0100,100
42629017805598,11:50:29.017,21.0000,400
42631891023703,11:50:31.891,21.0000,100
42726171485679,11:52:06.171,21.0000,50
43209447034378,12:00:09.447,20.9800,50
43212649982075,12:00:12.649,20.9800,50
43212649982075,12:00:12.649,20.9800,50
43212650042587,12:00:12.650,20.9800,50
43280151416145,12:01:20.151,20.9800,99
43280151416145,12:01:20.151,20.9800,100
43511407797237,12:05:11.407,20.9900,32
43511409243559,12:05:11.409,20.9900,68
43511409243559,12:05:11.409,20.9900,24
43511412554911,12:05:11.412,20.9900,50
43511464974228,12:05:11.464,20.9900,2
43511473986296,12:05:11.473,20.9900,24
43511473986296,12:05:11.473,20.9900,16
43511486735936,12:05:11.486,20.9900,38
43750187012512,12:09:10.187,20.9900,46
43750187012512,12:09:10.187,20.9900,154
43875291125725,12:11:15.291,20.9900,46
43875291125725,12:11:15.291,20.9900,54
43885251740238,12:11:25.251,20.9900,46
43885255560816,12:11:25.255,21.0000,50
43885255792423,12:11:25.255,21.0000,50
44692872508825,12:24:52.872,20.9800,200
44692876872559,12:24:52.876,21.0000,50
44856437409617,12:27:36.437,20.9800,50
44856437409617,12:27:36.437,20.9800,100
44935984440976,12:28:55.984,20.9900,100
44973776320762,12:29:33.776,20.9900,100
45072286432542,12:31:12.286,20.9700,7
45072289035128,12:31:12.289,20.9600,2
45072291150731,12:31:12.291,20.9700,50
45123319143679,12:32:03.319,20.9700,100
45123319241295,12:32:03.319,20.9700,100
45299175453490,12:34:59.175,20.9800,8
45335790391406,12:35:35.790,20.9900,100
45349889119582,12:35:49.889,20.9900,22
45349889283250,12:35:49.889,20.9900,44
45349891435573,12:35:49.891,20.9900,2
45679336242207,12:41:19.336,21.0000,52
45710667500459,12:41:50.667,20.9900,50
45793844835009,12:43:13.844,20.9900,50
45903641117791,12:45:03.641,20.9900,40
45903641117791,12:45:03.641,20.9900,12
45903641145632,12:45:03.641,20.9900,88
45903641145632,12:45:03.641,20.9900,200
45903641179756,12:45:03.641,20.9900,2
45903641195738,12:45:03.641,20.9900,28
45903791538174,12:45:03.791,21.0000,90
45903796471604,12:45:03.796,21.0200,50
45932706786913,12:45:32.706,21.0200,2
45963296937797,12:46:03.296,21.0200,1
46223058575860,12:50:23.058,21.0200,39
46223063058287,12:50:23.063,21.0400,50
46818168774842,13:00:18.168,21.0000,41
46819157882257,13:00:19.157,21.0000,12
46819159049893,13:00:19.159,21.0000,2
46824412215186,13:00:24.412,21.0100,100
46824412260089,13:00:24.412,21.0100,26
46824412260089,13:00:24.412,21.0100,100
46824416569007,13:00:24.416,21.0200,26
46824416569007,13:00:24.416,21.0200,24
46844165688200,13:00:44.165,21.0300,50
47075751378405,13:04:35.751,20.9800,100
47214189367480,13:06:54.189,20.9800,41
47237365727044,13:07:17.365,20.9900,74
47247314853843,13:07:27.314,21.0000,100
47941180175658,13:19:01.180,21.0000,40
47995844729590,13:19:55.844,21.0000,259
47995844729590,13:19:55.844,21.0000,100
47995844729590,13:19:55.844,21.0000,41
47995844841562,13:19:55.844,21.0000,59
48541166073746,13:29:01.166,20.9900,9
48598530181206,13:29:58.530,20.9900,2
48667944109940,13:31:07.944,20.9900,98
48667944109940,13:31:07.944,20.9900,2
48667972043842,13:31:07.972,20.9900,98
48667972174405,13:31:07.972,21.0000,100
48762120938788,13:32:42.120,20.9800,100
49057420411942,13:37:37.420,20.9700,32
49057420437553,13:37:37.420,20.9700,68
49057420437553,13:37:37.420,20.9700,51
49057450830115,13:37:37.450,20.9600,10
49057450876236,13:37:37.450,20.9600,90
49057450876236,13:37:37.450,20.9600,100
49057450876236,13:37:37.450,20.9600,100
49057450876236,13:37:37.450,20.9600,10
49085981811039,13:38:05.981,20.9400,2
49177298879164,13:39:37.298,20.9400,100
49177298879164,13:39:37.298,20.9400,100
49177298879164,13:39:37.298,20.9400,100
49177298880188,13:39:37.298,20.9400,200
49237912837205,13:40:37.912,20.9300,2
49241365263065,13:40:41.365,20.9400,100
49561551471236,13:46:01.551,20.9500,78
49561551498368,13:46:01.551,20.9500,122
49561551498368,13:46:01.551,20.9500,100
49561551498368,13:46:01.551,20.9500,100
49561552547648,13:46:01.552,20.9600,300
49562309999908,13:46:02.309,20.9750,300
49598252303912,13:46:38.252,20.9900,2
49641287865947,13:47:21.287,21.0000,2
49647072361199,13:47:27.072,21.0000,2
49924817858938,13:52:04.817,21.0000,2
49928719739362,13:52:08.719,21.0000,2
49933166157453,13:52:13.166,21.0000,2
49938029240394,13:52:18.029,21.0000,2
49948990496147,13:52:28.990,21.0000,86
49948990496147,13:52:28.990,21.0000,14
49949200304453,13:52:29.200,21.0000,2
49951960676551,13:52:31.960,21.0000,2
49952348420322,13:52:32.348,21.0000,2
49953013434451,13:52:33.013,21.0000,2
49958126527356,13:52:38.126,21.0000,2
49959036843386,13:52:39.036,21.0000,2
49959780565362,13:52:39.780,21.0000,2
49959784845796,13:52:39.784,21.0000,2
49961664468374,13:52:41.664,21.0000,2
49967999140243,13:52:47.999,21.0000,1
50032539335265,13:53:52.539,21.0000,67
50032539335265,13:53:52.539,21.0000,33
50103951222026,13:55:03.951,20.9900,42
50103951901566,13:55:03.951,20.9800,100
50135170764418,13:55:35.170,20.9800,67
50195863497655,13:56:35.863,20.9900,2
50198970235935,13:56:38.970,20.9900,2
50211258552455,13:56:51.258,20.9900,2
50243239547547,13:57:23.239,20.9900,2
50243866366543,13:57:23.866,20.9900,2
50408994370565,14:00:08.994,20.9800,81
50408994449215,14:00:08.994,20.9800,79
50408994449215,14:00:08.994,20.9800,5
50416836387446,14:00:16.836,20.9700,100
50428025303595,14:00:28.025,20.9700,90
50472585365608,14:01:12.585,20.9900,90
50472585365608,14:01:12.585,20.9900,100
50513007313644,14:01:53.007,20.9800,100
50702122598970,14:05:02.122,21.0200,12
50702123119210,14:05:02.123,21.0200,15
50702123386142,14:05:02.123,21.0200,15
50702123410045,14:05:02.123,21.0200,1
50711490357594,14:05:11.490,21.0200,15
50711490357594,14:05:11.490,21.0200,16
51109383104524,14:11:49.383,21.0700,100
51170531709841,14:12:50.531,21.0800,110
51170531709841,14:12:50.531,21.0800,100
51170531709841,14:12:50.531,21.0800,100
51216687493375,14:13:36.687,21.0900,110
51267828674352,14:14:27.828,21.1300,71
51267828674352,14:14:27.828,21.1300,29
51300806685137,14:15:00.806,21.1000,100
51300806709229,14:15:00.806,21.1000,100
51333981290768,14:15:33.981,21.0700,100
51624443574388,14:20:24.443,21.0500,63
51624443586829,14:20:24.443,21.0500,37
51624443586829,14:20:24.443,21.0500,100
51660202255002,14:21:00.202,21.0600,89
51660202267582,14:21:00.202,21.0600,11
51660202441159,14:21:00.202,21.0600,11
51660202576430,14:21:00.202,21.0600,11
51660203111950,14:21:00.203,21.0600,89
51660204589412,14:21:00.204,21.0600,89
51660232845088,14:21:00.232,21.0600,100
51660232902630,14:21:00.232,21.0600,100
51678427002210,14:21:18.427,21.0700,90
51678427002210,14:21:18.427,21.0700,5
51678427547471,14:21:18.427,21.0800,90
51678427547471,14:21:18.427,21.0800,100
51803802765703,14:23:23.802,21.1200,147
51803803238605,14:23:23.803,21.1200,21
51907691971230,14:25:07.691,21.1300,50
51913848973579,14:25:13.848,21.1400,100
51913848982205,14:25:13.848,21.1400,10
52009086509472,14:26:49.086,21.1100,2
52009086686328,14:26:49.086,21.1100,10
52009087120980,14:26:49.087,21.1100,2
52009087146218,14:26:49.087,21.1100,86
52269974978705,14:31:09.974,21.0900,100
52274410617465,14:31:14.410,21.1000,100
52274410617465,14:31:14.410,21.1000,100
52274411832352,14:31:14.411,21.1000,100
52274411832352,14:31:14.411,21.1000,200
52388270594267,14:33:08.270,21.0700,100
52615378980255,14:36:55.378,21.0800,100
52652032750363,14:37:32.032,21.0900,100
52652033147221,14:37:32.033,21.0900,100
52652033241379,14:37:32.033,21.0900,40
52652033265964,14:37:32.033,21.0900,60
52652033293507,14:37:32.033,21.0900,40
52652037086875,14:37:32.037,21.0900,100
52652132806440,14:37:32.132,21.0900,100
52667363462743,14:37:47.363,21.0900,5
52667363462743,14:37:47.363,21.0900,95
52667363559427,14:37:47.363,21.0900,5
52667364026232,14:37:47.364,21.0900,100
52995934513140,14:43:15.934,21.1100,10
52995934620301,14:43:15.934,21.1100,28
52995935867832,14:43:15.935,21.1000,100
52996784442236,14:43:16.784,21.1100,200
52996784442236,14:43:16.784,21.1100,100
53001389736516,14:43:21.389,21.1100,100
53001392495913,14:43:21.392,21.1100,100
53065257550210,14:44:25.257,21.1200,100
53065257575507,14:44:25.257,21.1200,51
53065257589551,14:44:25.257,21.1200,115
53229034731191,14:47:09.034,21.2000,100
53229034731191,14:47:09.034,21.2000,100
53466120317672,14:51:06.120,21.1600,20
53466120317672,14:51:06.120,21.1600,80
53466681587548,14:51:06.681,21.1500,100
53468722252879,14:51:08.722,21.1600,400
53468722252879,14:51:08.722,21.1600,3
53499994469365,14:51:39.994,21.1600,2
53530420795938,14:52:10.420,21.1600,95
53753320641706,14:55:53.320,21.1500,100
53791457115277,14:56:31.457,21.1600,4
53954388567865,14:59:14.388,21.1300,1
54075532783861,15:01:15.532,21.1300,100
54106426246981,15:01:46.426,21.1400,100
54106426246981,15:01:46.426,21.1400,100
54178395459724,15:02:58.395,21.1400,100
54179504930278,15:02:59.504,21.1400,100
54246307617239,15:04:06.307,21.1200,100
54306455736507,15:05:06.455,21.1100,9
54350168207207,15:05:50.168,21.0800,8
54350168288985,15:05:50.168,21.0800,8
54350168396835,15:05:50.168,21.0800,14
54350169153300,15:05:50.169,21.0800,70
54434441560161,15:07:14.441,21.0700,100
54437443991108,15:07:17.443,21.0600,2
54437443991108,15:07:17.443,21.0600,24
54437444245642,15:07:17.444,21.0600,2
54437444390657,15:07:17.444,21.0600,22
54437444582780,15:07:17.444,21.0600,26
54437444706690,15:07:17.444,21.0600,26
54552354851453,15:09:12.354,21.0500,9
54558533301917,15:09:18.533,21.0500,100
54558533301917,15:09:18.533,21.0500,100
54558533301917,15:09:18.533,21.0500,100
54558533301917,15:09:18.533,21.0500,60
54558533332108,15:09:18.533,21.0500,40
54558533364512,15:09:18.533,21.0500,100
54558533537510,15:09:18.533,21.0500,100
54558533537510,15:09:18.533,21.0500,100
54558534217422,15:09:18.534,21.0600,33
54558534486452,15:09:18.534,21.0500,200
54558536434653,15:09:18.536,21.0500,100
54564502006719,15:09:24.502,21.0600,67
54564502006719,15:09:24.502,21.0600,100
54564503183903,15:09:24.503,21.0600,133
54564503531807,15:09:24.503,21.0600,100
54665932167857,15:11:05.932,21.0400,100
54685044178862,15:11:25.044,21.0200,2
54685044178862,15:11:25.044,21.0200,29
54685132964551,15:11:25.132,21.0200,71
54764076130522,15:12:44.076,21.0400,164
54764076130522,15:12:44.076,21.0400,4
54819069298140,15:13:39.069,21.0500,100
54852490728201,15:14:12.490,21.0500,100
54852490912404,15:14:12.490,21.0600,110
54852490912404,15:14:12.490,21.0500,200
54880260443711,15:14:40.260,21.0700,100
54941245943008,15:15:41.245,21.0800,100
54951692807555,15:15:51.692,21.0800,100
54953960367827,15:15:53.960,21.0800,100
55361463484034,15:22:41.463,21.0600,1
55365017468220,15:22:45.017,21.0600,100
55365017468220,15:22:45.017,21.0600,100
55391895000683,15:23:11.895,21.0600,100
55492164678202,15:24:52.164,21.0600,100
55676964724885,15:27:56.964,21.0500,7
55676964724885,15:27:56.964,21.0500,5
55676964724885,15:27:56.964,21.0500,183
55762598002895,15:29:22.598,21.0400,2
55796553054414,15:29:56.553,21.0300,76
55811381862705,15:30:11.381,21.0200,50
55811389632042,15:30:11.389,21.0200,150
55811389632042,15:30:11.389,21.0200,59
55811389632042,15:30:11.389,21.0200,100
55811389632042,15:30:11.389,21.0200,91
55834188250558,15:30:34.188,21.0200,9
55834188250558,15:30:34.188,21.0200,28
55834188250558,15:30:34.188,21.0200,63
55875544264561,15:31:15.544,21.0300,100
55875565050143,15:31:15.565,21.0400,5
55875565050143,15:31:15.565,21.0400,95
56043221601498,15:34:03.221,21.0300,100
56043222411200,15:34:03.222,21.0200,61
56092258070699,15:34:52.258,21.0100,100
56092258070699,15:34:52.258,21.0100,100
56149307526326,15:35:49.307,21.0300,100
56150600189844,15:35:50.600,21.0400,154
56150600189844,15:35:50.600,21.0400,46
56150600216099,15:35:50.600,21.0400,39
56150600228770,15:35:50.600,21.0400,15
56196882225646,15:36:36.882,21.0300,26
56333035461257,15:38:53.035,21.0300,98
56333035461257,15:38:53.035,21.0300,2
56333035486347,15:38:53.035,21.0300,25
56333035908832,15:38:53.035,21.0300,16
56333036261885,15:38:53.036,21.0300,57
56410486973846,15:40:10.486,21.0400,5
56410486973846,15:40:10.486,21.0400,100
56410486973846,15:40:10.486,21.0400,100
56465116244945,15:41:05.116,21.0400,10
56483282151905,15:41:23.282,21.0300,100
56524894618966,15:42:04.894,21.0350,30
56524894618966,15:42:04.894,21.0400,100
56524894618966,15:42:04.894,21.0400,70
56533303081290,15:42:13.303,21.0400,100
56539477979389,15:42:19.477,21.0400,100
56578567011346,15:42:58.567,21.0400,100
56578567011346,15:42:58.567,21.0400,100
56578567285121,15:42:58.567,21.0400,66
56578568345505,15:42:58.568,21.0400,200
56578568363668,15:42:58.568,21.0400,80
56578989073956,15:42:58.989,21.0400,26
56578990065152,15:42:58.990,21.0400,74
56606842521218,15:43:26.842,21.0500,100
56606842521218,15:43:26.842,21.0500,34
56669503375712,15:44:29.503,21.0550,100
56702544146319,15:45:02.544,21.0500,3
56709353307691,15:45:09.353,21.0600,100
56709353307691,15:45:09.353,21.0600,100
56709353330025,15:45:09.353,21.0600,200
56732835645679,15:45:32.835,21.0800,100
56732874387096,15:45:32.874,21.0800,77
56763096638047,15:46:03.096,21.0900,18
56763096677209,15:46:03.096,21.0900,87
56763096677209,15:46:03.096,21.0900,100
56843491024612,15:47:23.491,21.0900,200
56843491024612,15:47:23.491,21.0900,5
57076833639883,15:51:16.833,21.0900,105
57076833639883,15:51:16.833,21.0900,30
57076833639883,15:51:16.833,21.0900,15
57076834151452,15:51:16.834,21.0800,8
57081225985099,15:51:21.225,21.0650,2
57081910430522,15:51:21.910,21.0600,2
57081910430522,15:51:21.910,21.0600,45
57091437860056,15:51:31.437,21.0500,1
57092587718719,15:51:32.587,21.0400,100
57117072368001,15:51:57.072,21.0400,100
57160712493310,15:52:40.712,21.0300,69
57160712502221,15:52:40.712,21.0300,31
57180927811423,15:53:00.927,21.0100,200
57180927811423,15:53:00.927,21.0100,400
57180927811423,15:53:00.927,21.0100,100
57180927811423,15:53:00.927,21.0100,100
57220106685054,15:53:40.106,21.0100,7
57220106685054,15:53:40.106,21.0100,100
57220106685054,15:53:40.106,21.0100,100
57220106685054,15:53:40.106,21.0100,100
57220106685054,15:53:40.106,21.0100,100
57221900589129,15:53:41.900,21.0100,100
57310346545869,15:55:10.346,21.0100,100
57310346702102,15:55:10.346,21.0100,100
57310346790782,15:55:10.346,21.0100,100
57314636026159,15:55:14.636,21.0100,100
57424727557026,15:57:04.727,21.0050,100
57424727800803,15:57:04.727,21.0000,150
57424727800803,15:57:04.727,21.0000,21
57424727800803,15:57:04.727,21.0000,13
57424727800803,15:57:04.727,21.0000,100
57424727800803,15:57:04.727,21.0000,21
57424727800803,15:57:04.727,21.0000,13
57424727800803,15:57:04.727,21.0000,14
57424727800803,15:57:04.727,21.0000,14
57424727814932,15:57:04.727,21.0000,100
57427794775938,15:57:07.794,20.9950,100
57427794775938,15:57:07.794,21.0000,200
57427794775938,15:57:07.794,21.0000,26
57430044864676,15:57:10.044,21.0000,100
57430044864676,15:57:10.044,21.0000,18
57430047851610,15:57:10.047,21.0100,8
57437360150997,15:57:17.360,21.0100,43
57437360150997,15:57:17.360,21.0100,100
57463429882613,15:57:43.429,21.0100,100
57463429882613,15:57:43.429,21.0100,3
57463429882613,15:57:43.429,21.0100,97
57463429937489,15:57:43.429,21.0100,3
57463429937489,15:57:43.429,21.0100,97
57463430011319,15:57:43.430,21.0100,100
57463430014399,15:57:43.430,21.0100,100
57463430495347,15:57:43.430,21.0100,100
57463430546239,15:57:43.430,21.0100,3
57463435614133,15:57:43.435,21.0200,138
57492158905530,15:58:12.158,21.0200,100
57492158905530,15:58:12.158,21.0200,200
57492160700389,15:58:12.160,21.0200,100
57495746395445,15:58:15.746,21.0300,84
57498568066947,15:58:18.568,21.0300,200
57505585589034,15:58:25.585,21.0300,68
57512790666905,15:58:32.790,21.0400,200
57512790697915,15:58:32.790,21.0400,21
57532128052061,15:58:52.128,21.0500,100
57532129124453,15:58:52.129,21.0500,59
57535597663837,15:58:55.597,21.0500,100
57535598301166,15:58:55.598,21.0500,39
57539737375334,15:58:59.737,21.0500,24
57539737375334,15:58:59.737,21.0500,24
57541718174092,15:59:01.718,21.0450,13
57541718174092,15:59:01.718,21.0450,6
57541826558406,15:59:01.826,21.0100,5
57553364216289,15:59:13.364,21.0100,100
57570428083012,15:59:30.428,21.0100,91
57570428083012,15:59:30.428,21.0100,100
57575013276441,15:59:35.013,21.0000,4
57575018818431,15:59:35.018,21.0000,2
57575041202944,15:59:35.041,21.0000,7
57575045201332,15:59:35.045,21.0000,5
57575073484991,15:59:35.073,21.0100,88
57575165968417,15:59:35.165,21.0100,7
57581921788032,15:59:41.921,21.0200,1
57581922142896,15:59:41.922,21.0300,100
57582049752977,15:59:42.049,21.0200,82
57582174339777,15:59:42.174,21.0300,100
57582705735465,15:59:42.705,21.0200,3
57583565736568,15:59:43.565,21.0200,1
57583565736568,15:59:43.565,21.0200,5
57590344614591,15:59:50.344,21.0300,300
57593654570287,15:59:53.654,21.0200,30
57597723609613,15:59:57.723,21.0300,100
57599937280026,15:59:59.937,21.0200,2
57600285029110,16:00:00.285,0.0000,0
