timestamp,time,price,volume
34200675814780,09:30:00.675,2.7200,50
34200675814780,09:30:00.675,2.7200,5588
34255646785272,09:30:55.646,2.7500,3
34573134429901,09:36:13.134,2.7200,2
34573135500222,09:36:13.135,2.7200,98
34573135517070,09:36:13.135,2.7100,90
34573135524478,09:36:13.135,2.7100,100
34573135525872,09:36:13.135,2.7100,12
34771859555351,09:39:31.859,2.7200,4
34780813187487,09:39:40.813,2.7100,9
34780813213025,09:39:40.813,2.7200,9
34780813213025,09:39:40.813,2.7200,91
35017153674840,09:43:37.153,2.7100,35
35439473036010,09:50:39.473,2.7100,65
35772055932669,09:56:12.055,2.7100,91
35882221922913,09:58:02.221,2.7300,100
36087663138229,10:01:27.663,2.7300,2
36311294996767,10:05:11.294,2.7100,100
36311295218397,10:05:11.295,2.7100,100
36311295251931,10:05:11.295,2.7100,175
36311295328297,10:05:11.295,2.7100,225
36635979372604,10:10:35.979,2.7100,100
36635983026177,10:10:35.983,2.7000,1870
36635987667910,10:10:35.987,2.6900,100
36635987667910,10:10:35.987,2.6900,100
36799243676750,10:13:19.243,2.6800,100
36799243676750,10:13:19.243,2.6800,100
37058912744235,10:17:38.912,2.6700,2
37209576630883,10:20:09.576,2.6500,100
37232353564824,10:20:32.353,2.6700,98
37232353564824,10:20:32.353,2.6700,100
37582754600523,10:26:22.754,2.6600,500
37582754600523,10:26:22.754,2.6600,100
37582754600523,10:26:22.754,2.6600,100
37582754600523,10:26:22.754,2.6600,100
37584645907584,10:26:24.645,2.7000,100
37584645907584,10:26:24.645,2.7000,300
37610432404355,10:26:50.432,2.7000,2
37647167514704,10:27:27.167,2.7000,98
37814749415677,10:30:14.749,2.7200,2
37843198015389,10:30:43.198,2.7200,1
37891267288336,10:31:31.267,2.7200,97
38175114770885,10:36:15.114,2.7400,100
38175184365628,10:36:15.184,2.7400,100
38371398718565,10:39:31.398,2.6900,5
38837216752004,10:47:17.216,2.7000,5
39008238503261,10:50:08.238,2.7300,22
39564457099710,10:59:24.457,2.6800,100
39596975450731,10:59:56.975,2.6800,29
39596975450731,10:59:56.975,2.6700,100
39596975834613,10:59:56.975,2.6700,29
39604410134844,11:00:04.410,2.6700,100
39604610988800,11:00:04.610,2.6700,100
39611562738294,11:00:11.562,2.6700,100
39614634129195,11:00:14.634,2.6650,100
39618772691895,11:00:18.772,2.6600,100
39625440104184,11:00:25.440,2.6600,3390
39625440104184,11:00:25.440,2.6600,3808
39625440484839,11:00:25.440,2.6600,192
39625441701009,11:00:25.441,2.6600,35
39629612689091,11:00:29.612,2.6600,100
39631022490925,11:00:31.022,2.6600,98
39631132524042,11:00:31.132,2.6600,100
39633099330090,11:00:33.099,2.6600,100
39633290047796,11:00:33.290,2.6600,100
39668848850469,11:01:08.848,2.6600,100
39670212893710,11:01:10.212,2.6700,100
39670225991732,11:01:10.225,2.7000,100
39670346845769,11:01:10.346,2.7500,100
39671861751205,11:01:11.861,2.7500,316
39671861751205,11:01:11.861,2.7500,684
39718238310239,11:01:58.238,2.7100,100
39772652514562,11:02:52.652,2.7400,100
39779037574219,11:02:59.037,2.7400,30
39779037574219,11:02:59.037,2.7500,70
39782398586246,11:03:02.398,2.7400,100
39785373675086,11:03:05.373,2.7500,100
39792245366507,11:03:12.245,2.7400,100
39796404954569,11:03:16.404,2.7500,100
39798604677575,11:03:18.604,2.7500,100
39799856558655,11:03:19.856,2.7500,100
39801289904056,11:03:21.289,2.7400,70
39802517548154,11:03:22.517,2.7500,100
39811319503295,11:03:31.319,2.7500,100
39814459224349,11:03:34.459,2.7500,100
39819802901036,11:03:39.802,2.7500,100
39825969674738,11:03:45.969,2.7500,100
39827081144807,11:03:47.081,2.7500,100
39842685286391,11:04:02.685,2.7500,100
39863860568653,11:04:23.860,2.7400,300
39879890208291,11:04:39.890,2.7300,100
39894895274563,11:04:54.895,2.7400,600
39894895274563,11:04:54.895,2.7400,1700
39894895274563,11:04:54.895,2.7400,100
39894895274563,11:04:54.895,2.7400,4200
39902181075584,11:05:02.181,2.7500,1000
39903492024376,11:05:03.492,2.7500,100
39903492635110,11:05:03.492,2.7500,46
39903492635110,11:05:03.492,2.7500,100
39904688443547,11:05:04.688,2.7600,100
39904688443547,11:05:04.688,2.7900,200
39904688443547,11:05:04.688,2.7900,100
39904688443547,11:05:04.688,2.8000,600
40204949800901,11:10:04.949,2.7700,100
40204949800901,11:10:04.949,2.7700,2
40659248443224,11:17:39.248,2.7700,2
40661773653543,11:17:41.773,2.7700,2
40695537024977,11:18:15.537,2.7700,296
40695537024977,11:18:15.537,2.7700,100
40695588948582,11:18:15.588,2.7700,100
41589325301621,11:33:09.325,2.7600,1
41589325341784,11:33:09.325,2.7600,99
41589325341784,11:33:09.325,2.7600,19
41630812219664,11:33:50.812,2.7500,5
41630812219664,11:33:50.812,2.7500,5
41630812219664,11:33:50.812,2.7500,100
41630812219664,11:33:50.812,2.7500,100
41630937119107,11:33:50.937,2.7700,61
41634120223328,11:33:54.120,2.7700,844
41639876928350,11:33:59.876,2.7300,100
41639876928350,11:33:59.876,2.7300,100
41639877991902,11:33:59.877,2.7300,100
41639877999475,11:33:59.877,2.7300,30
41639878212508,11:33:59.878,2.7300,70
41639878212508,11:33:59.878,2.7300,100
41639878212508,11:33:59.878,2.7200,100
41639878212508,11:33:59.878,2.7200,4
41639878606329,11:33:59.878,2.7300,300
41639879732853,11:33:59.879,2.7300,2
41639879889106,11:33:59.879,2.7300,100
41639880106865,11:33:59.880,2.7300,100
41640051455609,11:34:00.051,2.7100,100
41640051455609,11:34:00.051,2.7100,100
41640051455609,11:34:00.051,2.7100,800
41681480437221,11:34:41.480,2.7200,100
41681480437221,11:34:41.480,2.7200,100
41681480437221,11:34:41.480,2.7200,100
41681525895802,11:34:41.525,2.7500,300
41695352069415,11:34:55.352,2.7400,100
41695389029996,11:34:55.389,2.7300,100
41697526597031,11:34:57.526,2.7200,100
41885043960044,11:38:05.043,2.6900,100
41915055384752,11:38:35.055,2.6900,81
42209945496471,11:43:29.945,2.7000,100
42209945496471,11:43:29.945,2.7000,100
42209945496471,11:43:29.945,2.7000,100
42211735293594,11:43:31.735,2.7500,100
43173912692358,11:59:33.912,2.7600,100
43173912692358,11:59:33.912,2.7600,100
43173917745224,11:59:33.917,2.7700,100
43223307723872,12:00:23.307,2.7700,2
44733661907623,12:25:33.661,2.7400,100
45478496387136,12:37:58.496,2.7000,5
46028110660596,12:47:08.110,2.7000,100
46535383243509,12:55:35.383,2.6900,900
46535383276912,12:55:35.383,2.6900,5
47192250676084,13:06:32.250,2.6750,200
47192250782954,13:06:32.250,2.6750,75
47331432920367,13:08:51.432,2.6700,2
47408177341984,13:10:08.177,2.6500,1
47410440277986,13:10:10.440,2.6600,100
47487850973763,13:11:27.850,2.6600,200
47487850973763,13:11:27.850,2.6600,100
47487850973763,13:11:27.850,2.6600,100
47487850986042,13:11:27.850,2.6600,100
47487889867883,13:11:27.889,2.6800,100
47489746593483,13:11:29.746,2.7100,100
47489746593483,13:11:29.746,2.7100,100
47489746593483,13:11:29.746,2.7100,200
47493229371598,13:11:33.229,2.7100,100
48101271623118,13:21:41.271,2.7000,100
48943024069847,13:35:43.024,2.7000,100
48945038073244,13:35:45.038,2.7100,100
48945038073244,13:35:45.038,2.7100,100
48945122942993,13:35:45.122,2.7300,100
48945122942993,13:35:45.122,2.7300,200
49346956135457,13:42:26.956,2.7300,100
49346956135457,13:42:26.956,2.7300,100
49346956135457,13:42:26.956,2.7300,100
49346956135457,13:42:26.956,2.7300,100
50449891417633,14:00:49.891,2.6800,100
50803583810727,14:06:43.583,2.7000,21
50803585924365,14:06:43.585,2.7000,79
50803586196331,14:06:43.586,2.7000,100
50803586234643,14:06:43.586,2.7000,100
51036593191823,14:10:36.593,2.7100,100
51036593191823,14:10:36.593,2.7100,400
51038123872517,14:10:38.123,2.7100,1000
51039443332411,14:10:39.443,2.7100,1000
51040694786697,14:10:40.694,2.7100,500
51040694786697,14:10:40.694,2.7100,100
51040694786697,14:10:40.694,2.7100,100
51040739332021,14:10:40.739,2.7100,100
51040739332021,14:10:40.739,2.7400,200
51110405803422,14:11:50.405,2.7100,2
51117322247799,14:11:57.322,2.7100,98
51117402502942,14:11:57.402,2.7300,2
51117444413123,14:11:57.444,2.7300,98
51117444413123,14:11:57.444,2.7300,100
51117444413123,14:11:57.444,2.7300,2
51117444425246,14:11:57.444,2.7300,98
51117444425246,14:11:57.444,2.7300,2
51119249166579,14:11:59.249,2.7400,100
51119249166579,14:11:59.249,2.7400,100
51404614855087,14:16:44.614,2.7600,100
51404614855087,14:16:44.614,2.7700,100
51406256117903,14:16:46.256,2.7800,100
51406256117903,14:16:46.256,2.7800,200
51406256117903,14:16:46.256,2.7800,600
51406256117903,14:16:46.256,2.7800,100
51614110005356,14:20:14.110,2.7900,100
51614110005356,14:20:14.110,2.8000,900
51615515428320,14:20:15.515,2.7800,1
51615515428320,14:20:15.515,2.7900,100
51615515428320,14:20:15.515,2.8000,899
51616586244460,14:20:16.586,2.8000,74
51616586244460,14:20:16.586,2.8000,1
51616586244460,14:20:16.586,2.8000,338
51616586244460,14:20:16.586,2.8000,100
51616586244460,14:20:16.586,2.8000,187
51616586265068,14:20:16.586,2.8000,13
51616586265068,14:20:16.586,2.8000,287
51617989484318,14:20:17.989,2.8000,100
51617989484318,14:20:17.989,2.8000,200
51617989484318,14:20:17.989,2.8000,100
51617989491982,14:20:17.989,2.8000,455
51617989491982,14:20:17.989,2.8000,145
51635648324188,14:20:35.648,2.7800,100
51635648324188,14:20:35.648,2.7900,100
51636521660689,14:20:36.521,2.7900,200
51636521660689,14:20:36.521,2.7900,100
51636521660689,14:20:36.521,2.7900,100
51636521660689,14:20:36.521,2.7900,200
51645196394818,14:20:45.196,2.8200,100
51803299204681,14:23:23.299,2.8200,100
51803299204681,14:23:23.299,2.8300,100
51803299204681,14:23:23.299,2.8300,200
51803299204681,14:23:23.299,2.8300,600
51804722667853,14:23:24.722,2.8300,100
51804722667853,14:23:24.722,2.8400,200
51804722667853,14:23:24.722,2.8400,100
51804722667853,14:23:24.722,2.8400,100
51804722667853,14:23:24.722,2.8400,100
51804722667853,14:23:24.722,2.8400,300
51804722667853,14:23:24.722,2.8400,100
52506505520507,14:35:06.505,2.8300,100
52508067734962,14:35:08.067,2.8300,100
52508067734962,14:35:08.067,2.8300,100
52508067734962,14:35:08.067,2.8300,100
52508067749463,14:35:08.067,2.8300,200
52509531718418,14:35:09.531,2.8300,100
52509618355692,14:35:09.618,2.8400,100
52509618355692,14:35:09.618,2.8400,100
52509618355692,14:35:09.618,2.8400,100
52950070985808,14:42:30.070,2.8500,25
52950070985808,14:42:30.070,2.8500,100
52950154478046,14:42:30.154,2.8700,100
52950154478046,14:42:30.154,2.8800,100
52950154478046,14:42:30.154,2.8800,17
52950238082855,14:42:30.238,2.9000,10
52950238082855,14:42:30.238,2.9000,290
53091638305404,14:44:51.638,2.8300,2
53091638865512,14:44:51.638,2.8300,3
53091639104095,14:44:51.639,2.8300,2
53288357421876,14:48:08.357,2.8400,70
53291128859498,14:48:11.128,2.8900,100
53510916928682,14:51:50.916,2.8300,100
53830548839839,14:57:10.548,2.8000,173
53921774586426,14:58:41.774,2.8100,100
53921774620704,14:58:41.774,2.8100,74
53921774633188,14:58:41.774,2.8100,26
53921774633188,14:58:41.774,2.8100,74
53921774832315,14:58:41.774,2.8100,26
53923346266947,14:58:43.346,2.8100,100
53923347049862,14:58:43.347,2.8100,29
53923347386208,14:58:43.347,2.8100,100
54062990940099,15:01:02.990,2.8000,4
54062990940099,15:01:02.990,2.8000,100
54063080111517,15:01:03.080,2.8000,300
54353256832431,15:05:53.256,2.8000,200
54388941824656,15:06:28.941,2.8100,87
54388941824656,15:06:28.941,2.8100,200
54388985387695,15:06:28.985,2.8100,100
54389021422621,15:06:29.021,2.8200,100
54389021422621,15:06:29.021,2.8200,3
54389021448353,15:06:29.021,2.8200,97
54389065946446,15:06:29.065,2.8200,100
54389106483815,15:06:29.106,2.8300,98
54390372968397,15:06:30.372,2.8300,2
54390401575239,15:06:30.401,2.8600,100
54390401575239,15:06:30.401,2.8600,100
54390401575239,15:06:30.401,2.8600,98
54390401834860,15:06:30.401,2.8400,100
54393042913638,15:06:33.042,2.8600,100
54393042913638,15:06:33.042,2.8600,100
54393042913638,15:06:33.042,2.8600,300
54418992277016,15:06:58.992,2.7500,1
54418992277016,15:06:58.992,2.7500,4
54418992583742,15:06:58.992,2.7500,100
54435545864840,15:07:15.545,2.7400,100
54484945568705,15:08:04.945,2.7500,100
54484946577087,15:08:04.946,2.7500,100
54522141267116,15:08:42.141,2.7400,100
54543853132174,15:09:03.853,2.7500,100
54543853132174,15:09:03.853,2.7500,400
54543924240192,15:09:03.924,2.7600,95
54543924265989,15:09:03.924,2.7600,105
54546502390605,15:09:06.502,2.7900,200
54546507675395,15:09:06.507,2.8000,100
54873842812347,15:14:33.842,2.8200,100
54909436467074,15:15:09.436,2.8000,96
54909437179510,15:15:09.437,2.8000,4
54909437179510,15:15:09.437,2.8000,100
54915631370800,15:15:15.631,2.8200,200
54915631370800,15:15:15.631,2.8200,400
54915631440298,15:15:15.631,2.8100,1
54915631522188,15:15:15.631,2.8100,99
55610225034243,15:26:50.225,2.7700,1
55610225034243,15:26:50.225,2.7700,99
55610225034243,15:26:50.225,2.7700,38
55610225034243,15:26:50.225,2.7700,62
55610225141439,15:26:50.225,2.7700,38
55610231375317,15:26:50.231,2.7800,100
55941911505400,15:32:21.911,2.8100,100
55941911535817,15:32:21.911,2.8100,100
55941911535817,15:32:21.911,2.8200,100
55941911535817,15:32:21.911,2.8200,100
55941911801193,15:32:21.911,2.8100,100
55943418750256,15:32:23.418,2.8200,200
55943418750256,15:32:23.418,2.8200,100
55943418750256,15:32:23.418,2.8200,100
55943428079119,15:32:23.428,2.8400,100
55943428079119,15:32:23.428,2.8400,100
55943428079119,15:32:23.428,2.8400,100
55943428079119,15:32:23.428,2.8400,300
55944891684452,15:32:24.891,2.8200,100
55944907288290,15:32:24.907,2.8500,300
55944907288290,15:32:24.907,2.8500,300
55944908124625,15:32:24.908,2.8400,100
56146862265821,15:35:46.862,2.8300,1000
56148567077038,15:35:48.567,2.8300,1000
56149855252660,15:35:49.855,2.8300,100
56149855252660,15:35:49.855,2.8300,200
56149855252660,15:35:49.855,2.8300,700
56246434336994,15:37:26.434,2.8100,100
56246435162006,15:37:26.435,2.8100,4
56260435881702,15:37:40.435,2.7900,100
56355165270230,15:39:15.165,2.7900,6
56569666859504,15:42:49.666,2.7700,100
56606508634153,15:43:26.508,2.7800,100
56606508634153,15:43:26.508,2.7800,200
56606514362568,15:43:26.514,2.7900,68
56608086410551,15:43:28.086,2.8000,100
56608095067819,15:43:28.095,2.8100,100
56695524915386,15:44:55.524,2.8200,200
56695524915386,15:44:55.524,2.8200,100
56695524915386,15:44:55.524,2.8200,100
56695524915386,15:44:55.524,2.8200,600
56849077152312,15:47:29.077,2.8000,100
56849077152312,15:47:29.077,2.8000,100
56849078404042,15:47:29.078,2.7800,100
56849078404042,15:47:29.078,2.7800,300
56849201184650,15:47:29.201,2.7700,200
57210383367629,15:53:30.383,2.7800,200
57210383437249,15:53:30.383,2.7800,1800
57300172934085,15:55:00.172,2.7600,84
57300172934085,15:55:00.172,2.7600,100
57378894345942,15:56:18.894,2.7500,200
57378894345942,15:56:18.894,2.7500,200
57388257687221,15:56:28.257,2.7500,87
57388257687221,15:56:28.257,2.7500,13
57388257724856,15:56:28.257,2.7500,87
57388258729113,15:56:28.258,2.7500,200
57424183029392,15:57:04.183,2.7500,100
57480087501386,15:58:00.087,2.7400,108
57480087501386,15:58:00.087,2.7400,83
57480087501386,15:58:00.087,2.7400,100
57480163135923,15:58:00.163,2.7400,100
57483525708944,15:58:03.525,2.7400,85
57487066197417,15:58:07.066,2.7400,108
57520885517756,15:58:40.885,2.7400,5
57547277787484,15:59:07.277,2.7400,100
57547277810035,15:59:07.277,2.7400,30
57547277831048,15:59:07.277,2.7400,100
57547277831048,15:59:07.277,2.7400,500
57547277856244,15:59:07.277,2.7400,300
57547277972029,15:59:07.277,2.7400,1000
57547278028668,15:59:07.278,2.7300,900
57547278028668,15:59:07.278,2.7300,115
57547278028668,15:59:07.278,2.7300,100
57547278028668,15:59:07.278,2.7300,108
57547278282776,15:59:07.278,2.7300,100
57548452554821,15:59:08.452,2.7300,100
57551137280869,15:59:11.137,2.7300,51
57551174639777,15:59:11.174,2.7300,56
57551342349000,15:59:11.342,2.7200,400
57551342349000,15:59:11.342,2.7200,400
57551342349000,15:59:11.342,2.7200,108
57551342349000,15:59:11.342,2.7200,115
57551342349000,15:59:11.342,2.7200,100
57551343430367,15:59:11.343,2.7200,500
57552220201865,15:59:12.220,2.7200,500
57552220201865,15:59:12.220,2.7200,100
57557893231728,15:59:17.893,2.7200,89
57561456404494,15:59:21.456,2.7200,911
57561456404494,15:59:21.456,2.7200,100
57561456404494,15:59:21.456,2.7200,89
57561457074857,15:59:21.457,2.7200,19
57561457074857,15:59:21.457,2.7200,81
57561457348125,15:59:21.457,2.7200,19
57561457348125,15:59:21.457,2.7200,200
57561457348125,15:59:21.457,2.7200,100
57561457348125,15:59:21.457,2.7200,100
57561827188905,15:59:21.827,2.7100,400
57561827188905,15:59:21.827,2.7100,1000
57561827188905,15:59:21.827,2.7100,100
57561827188905,15:59:21.827,2.7100,115
57561827188905,15:59:21.827,2.7100,900
57569536151016,15:59:29.536,2.7100,1000
57569536151016,15:59:29.536,2.7100,600
57569536151016,15:59:29.536,2.7100,100
57569536151016,15:59:29.536,2.7100,300
57569537362683,15:59:29.537,2.7100,867
57569564389379,15:59:29.564,2.7100,133
57574091210330,15:59:34.091,2.7000,1000
57574091210330,15:59:34.091,2.7000,1000
57574091210330,15:59:34.091,2.7000,108
57574091210330,15:59:34.091,2.7000,115
57574091210330,15:59:34.091,2.7000,200
57574091210330,15:59:34.091,2.7000,1000
57574091210330,15:59:34.091,2.7000,300
57574092054269,15:59:34.092,2.7000,400
57574092054269,15:59:34.092,2.7000,700
57574092054269,15:59:34.092,2.7000,1100
57577023320634,15:59:37.023,2.6900,88
57585224662606,15:59:45.224,2.7000,1000
57585224662606,15:59:45.224,2.7000,100
57587759182779,15:59:47.759,2.7000,100
57587759182779,15:59:47.759,2.7000,1000
57587759182779,15:59:47.759,2.7000,200
57589249170033,15:59:49.249,2.7000,200
57591904478922,15:59:51.904,2.7000,378
57592886597386,15:59:52.886,2.6900,912
57592886597386,15:59:52.886,2.6900,115
57592886597386,15:59:52.886,2.6900,108
57592886597386,15:59:52.886,2.6900,1200
57592886597386,15:59:52.886,2.6900,100
57592886597386,15:59:52.886,2.6900,600
57595072637735,15:59:55.072,2.6800,400
57595072637735,15:59:55.072,2.6800,2900
57595072637735,15:59:55.072,2.6800,100
57595072637735,15:59:55.072,2.6800,900
57595072637735,15:59:55.072,2.6800,1200
57595072637735,15:59:55.072,2.6800,1300
57595072637735,15:59:55.072,2.6800,600
57595072637735,15:59:55.072,2.6800,400
57595072637735,15:59:55.072,2.6800,108
57595072637735,15:59:55.072,2.6800,115
57595175111522,15:59:55.175,2.6700,100
57595175111522,15:59:55.175,2.6700,28
57597358653513,15:59:57.358,2.6700,972
57597358653513,15:59:57.358,2.6700,200
57597358653513,15:59:57.358,2.6700,100
57597358653513,15:59:57.358,2.6700,108
57597358653513,15:59:57.358,2.6700,500
57597704288603,15:59:57.704,2.6600,145
57598468152342,15:59:58.468,2.6600,3855
57598468152342,15:59:58.468,2.6600,1700
57598468152342,15:59:58.468,2.6600,3200
57598468152342,15:59:58.468,2.6600,500
57598468592731,15:59:58.468,2.6600,1000
57598470344645,15:59:58.470,2.6600,2400
57598470344645,15:59:58.470,2.6600,1000
57600616440163,16:00:00.616,2.6500,46305
