timestamp,time,price,volume
34199183198547,09:29:59.183,84.9900,100
34199778452386,09:29:59.778,85.2600,100
34200627972097,09:30:00.627,85.2700,1140
34206006472942,09:30:06.006,87.3800,66
34206006534644,09:30:06.006,87.3800,22
34376045606794,09:32:56.045,86.2600,12
34401681124694,09:33:21.681,87.6200,5
34421099136274,09:33:41.099,86.7300,88
34421099136274,09:33:41.099,85.3000,12
34722730577749,09:38:42.730,85.2600,1
34722730577749,09:38:42.730,85.2600,15
34723839998549,09:38:43.839,85.2700,100
34775813099232,09:39:35.813,85.2700,100
34775813165426,09:39:35.813,85.2600,100
34775813165426,09:39:35.813,85.2600,100
34775813355849,09:39:35.813,85.2700,100
34775813357657,09:39:35.813,85.2700,100
35076283315989,09:44:36.283,84.5800,15
35345104373032,09:49:05.104,85.0200,100
35345104373032,09:49:05.104,85.0400,14
35515803208488,09:51:55.803,84.1650,100
35515803295748,09:51:55.803,84.5700,100
35515803295748,09:51:55.803,84.5900,15
36158187564086,10:02:38.187,83.5250,3
36158187673917,10:02:38.187,83.5250,97
36158187673917,10:02:38.187,83.8400,100
36158187673917,10:02:38.187,83.8400,18
36158188227312,10:02:38.188,83.9100,175
36158188227312,10:02:38.188,83.9300,40
36158188228916,10:02:38.188,83.9300,74
36158188228916,10:02:38.188,83.9400,26
36158188321060,10:02:38.188,83.9400,100
36158188321060,10:02:38.188,83.9500,100
36158188321060,10:02:38.188,83.9500,15
36158188330558,10:02:38.188,83.9500,79
36158188333647,10:02:38.188,83.9500,21
36158188333647,10:02:38.188,83.9500,79
36158188360314,10:02:38.188,83.9500,100
36158188402023,10:02:38.188,83.9500,200
36158188405744,10:02:38.188,83.9500,100
36158188514972,10:02:38.188,83.9500,37
36158188755021,10:02:38.188,83.9600,100
36158188920299,10:02:38.188,83.9600,100
36158189169805,10:02:38.189,83.9400,100
36158189558129,10:02:38.189,83.9400,4
36158189574917,10:02:38.189,83.9400,6
36160295447964,10:02:40.295,84.0500,100
36249415852931,10:04:09.415,84.1200,1
36422235822567,10:07:02.235,84.2950,100
36422236278598,10:07:02.236,84.2950,99
36422236278598,10:07:02.236,84.5900,100
36422236278598,10:07:02.236,84.6000,100
36422236278598,10:07:02.236,84.6000,19
36422239219448,10:07:02.239,84.6000,81
36422239219448,10:07:02.239,84.6000,19
36422266623008,10:07:02.266,84.1500,20
36431848124269,10:07:11.848,84.1700,100
36431848727723,10:07:11.848,84.3100,24
36431849115648,10:07:11.849,84.3200,100
36431849193137,10:07:11.849,84.4600,29
36431849193137,10:07:11.849,84.5400,70
36431849552030,10:07:11.849,84.3200,29
36431850077974,10:07:11.850,84.2900,30
36431850207511,10:07:11.850,84.1900,100
36431850366298,10:07:11.850,84.1900,100
36431851667620,10:07:11.851,84.1200,100
36431851715587,10:07:11.851,84.1200,100
36431851715587,10:07:11.851,84.0400,100
36431851715587,10:07:11.851,84.0400,56
36431851724590,10:07:11.851,84.0400,44
36431851724590,10:07:11.851,84.0300,6
36431856685391,10:07:11.856,84.0300,94
36431856721710,10:07:11.856,84.0300,50
36431856745784,10:07:11.856,84.0300,50
36431857317675,10:07:11.857,83.9900,100
36431858424449,10:07:11.858,83.9700,6
36431859105294,10:07:11.859,83.9200,100
36451698559218,10:07:31.698,83.9700,9
36451698653940,10:07:31.698,83.7400,100
36462704953600,10:07:42.704,84.0300,70
36515363419726,10:08:35.363,83.8900,12
36520132163357,10:08:40.132,83.9200,12
36520132197988,10:08:40.132,83.9200,12
36520132208191,10:08:40.132,83.9200,12
36567043679724,10:09:27.043,84.1500,100
36567043735576,10:09:27.043,83.9200,12
36567321520508,10:09:27.321,83.9200,12
36577144996819,10:09:37.144,83.9200,12
36577145103942,10:09:37.145,84.2200,220
36577145103942,10:09:37.145,84.2200,100
36577145103942,10:09:37.145,84.2400,29
36577145168800,10:09:37.145,83.9100,12
36577145229217,10:09:37.145,83.9100,100
36598038742292,10:09:58.038,83.1000,10
36600015392537,10:10:00.015,83.2150,50
36600015475877,10:10:00.015,83.2150,10
36626757470358,10:10:26.757,83.3200,100
36626757493336,10:10:26.757,83.0900,10
36626757521853,10:10:26.757,83.2000,10
36626757799063,10:10:26.757,83.0900,90
36626757816653,10:10:26.757,83.0900,10
36626757891051,10:10:26.757,83.0900,5
36627014832057,10:10:27.014,83.0900,20
36627014832057,10:10:27.014,83.0900,80
36628900674779,10:10:28.900,83.0500,5
36656418797857,10:10:56.418,83.0800,5
36656418797857,10:10:56.418,83.0800,100
36656419263288,10:10:56.419,83.0900,20
36656419263288,10:10:56.419,83.0900,100
36656419288563,10:10:56.419,82.8500,15
36661228697401,10:11:01.228,83.2500,100
36661228697401,10:11:01.228,83.3000,100
36661228846564,10:11:01.228,83.0800,30
36661228978188,10:11:01.228,83.3000,30
36671775200977,10:11:11.775,83.5200,100
36671775286690,10:11:11.775,83.5200,100
36700235543566,10:11:40.235,83.4600,100
36700235651597,10:11:40.235,83.5200,10
36700267961556,10:11:40.267,83.5700,100
36700769639724,10:11:40.769,83.9400,60
36716437067958,10:11:56.437,84.0800,1
37093235466629,10:18:13.235,83.8600,3
37144275713506,10:19:04.275,83.7950,97
37144275713506,10:19:04.275,83.9400,3
37270812552978,10:21:10.812,83.5800,100
37270812884889,10:21:10.812,83.4600,100
37270812976986,10:21:10.812,83.5800,100
37387571912239,10:23:07.571,83.3500,100
37387571980309,10:23:07.571,83.3200,100
37387572064386,10:23:07.572,83.3200,100
37387572094739,10:23:07.572,83.3300,40
37387572244861,10:23:07.572,83.3200,100
37387572251854,10:23:07.572,83.3300,100
37387572318291,10:23:07.572,83.3600,100
37395500055631,10:23:15.500,83.3700,100
37395500055631,10:23:15.500,83.3600,40
37395500113372,10:23:15.500,83.3600,38
37395500113372,10:23:15.500,83.3600,31
37395500113372,10:23:15.500,83.3500,71
37395500178420,10:23:15.500,83.5100,15
37395500203766,10:23:15.500,83.3500,4
37395500203766,10:23:15.500,83.3200,100
37395500203766,10:23:15.500,83.3200,36
37395500204912,10:23:15.500,83.3200,4
37395501949562,10:23:15.501,83.5500,100
37395502200703,10:23:15.502,83.4300,100
37395553945094,10:23:15.553,83.4300,100
37395553979161,10:23:15.553,83.4300,90
37398529084328,10:23:18.529,83.5800,100
37398546543798,10:23:18.546,83.6100,93
37398546543798,10:23:18.546,83.6100,7
37398546613799,10:23:18.546,83.6100,93
37398546613799,10:23:18.546,83.6100,7
37398549101224,10:23:18.549,83.6100,92
37398549165992,10:23:18.549,83.7000,84
37398549206493,10:23:18.549,83.6100,100
37398549880145,10:23:18.549,83.7000,2
37398549900729,10:23:18.549,83.7000,14
37398550157792,10:23:18.550,83.7300,100
37398551832989,10:23:18.551,83.7000,100
37453290626641,10:24:13.290,83.7800,3
37458448463458,10:24:18.448,83.7000,331
37458448505406,10:24:18.448,83.7000,100
37458448559003,10:24:18.448,83.7000,69
37524496714979,10:25:24.496,83.6400,12
37524496993309,10:25:24.496,83.6400,12
37531217951806,10:25:31.217,83.6400,24
37531217977400,10:25:31.217,83.6400,24
37607431498177,10:26:47.431,83.6300,100
37675699571146,10:27:55.699,83.7000,100
37682098582409,10:28:02.098,83.6300,100
37682098679839,10:28:02.098,83.6200,100
37682098682735,10:28:02.098,83.6100,3
37682107328720,10:28:02.107,83.6300,100
37682304059608,10:28:02.304,83.5800,100
37682304093754,10:28:02.304,83.5800,100
37689354547881,10:28:09.354,83.5400,100
37690330934181,10:28:10.330,83.5300,24
37723662855545,10:28:43.662,83.6700,100
37723662855545,10:28:43.662,83.6700,100
37723662975323,10:28:43.662,83.6700,100
37737059633260,10:28:57.059,83.7900,1
37801053858376,10:30:01.053,83.7900,90
37810147805206,10:30:10.147,83.7900,3
37810149195005,10:30:10.149,83.7900,6
37810149195005,10:30:10.149,83.7900,100
37883454605217,10:31:23.454,83.9400,100
37883454605217,10:31:23.454,83.9400,68
37883454605217,10:31:23.454,83.9400,100
37883454673879,10:31:23.454,83.9500,10
37883454774759,10:31:23.454,83.9400,100
37883554626825,10:31:23.554,84.0200,100
37883554626825,10:31:23.554,84.0200,100
37883554706322,10:31:23.554,84.0900,83
37883554709462,10:31:23.554,84.0900,17
37903306274519,10:31:43.306,84.0600,7
37903307378662,10:31:43.307,84.0600,8
37908321253808,10:31:48.321,84.3300,3
37911687916074,10:31:51.687,84.0800,15
37916593776530,10:31:56.593,84.0800,7
37916594787975,10:31:56.594,84.0800,8
37917134066359,10:31:57.134,84.0700,7
37917480600619,10:31:57.480,84.0700,8
37917481668133,10:31:57.481,84.0700,15
37930902101773,10:32:10.902,84.0700,12
37930902184633,10:32:10.902,84.0700,36
37992248105556,10:33:12.248,84.1800,40
37992262130371,10:33:12.262,84.1800,60
37992262130371,10:33:12.262,84.1600,40
37992279267614,10:33:12.279,84.1600,69
38065629873657,10:34:25.629,84.1800,100
38076221135076,10:34:36.221,84.1700,100
38076221135076,10:34:36.221,84.1700,100
38076221177144,10:34:36.221,84.1700,3
38076221183231,10:34:36.221,84.1600,100
38076240555312,10:34:36.240,84.1100,100
38102741355877,10:35:02.741,84.1500,100
38127131861365,10:35:27.131,84.1500,10
38127133205227,10:35:27.133,84.2400,45
38127133205227,10:35:27.133,84.2600,55
38127133301959,10:35:27.133,84.2600,45
38127133301959,10:35:27.133,84.2600,100
38127133301959,10:35:27.133,84.2600,1
38127133301959,10:35:27.133,84.2600,96
38127133342262,10:35:27.133,84.2600,4
38127133437429,10:35:27.133,84.2600,100
38134724112101,10:35:34.724,84.1600,24
38134724192893,10:35:34.724,84.1600,6
38134724252086,10:35:34.724,84.1600,12
38134724331499,10:35:34.724,84.1600,6
38141284442481,10:35:41.284,84.1600,68
38163316633767,10:36:03.316,84.1600,24
38163316717138,10:36:03.316,84.1600,24
38185115908355,10:36:25.115,84.1600,24
38185116008949,10:36:25.116,84.1600,6
38185116121470,10:36:25.116,84.1600,18
38200974520715,10:36:40.974,84.1600,52
38200974654269,10:36:40.974,84.1600,100
38202245032551,10:36:42.245,84.1500,90
38202245032551,10:36:42.245,84.1500,10
38247209494342,10:37:27.209,84.1600,52
38248073725541,10:37:28.073,84.1400,100
38248073725541,10:37:28.073,84.1400,100
38252022354349,10:37:32.022,84.1800,100
38252451649545,10:37:32.451,84.2300,100
38252451649545,10:37:32.451,84.2300,100
38252451649545,10:37:32.451,84.2300,46
38252451653706,10:37:32.451,84.2300,54
38252451711617,10:37:32.451,84.2300,100
38252451717069,10:37:32.451,84.2400,100
38252452512467,10:37:32.452,84.3300,40
38300797315768,10:38:20.797,84.3700,100
38300797315768,10:38:20.797,84.3700,100
38328728597766,10:38:48.728,84.3700,100
38328728597766,10:38:48.728,84.3700,11
38328728597766,10:38:48.728,84.3700,100
38331204201412,10:38:51.204,84.5200,100
38331204201412,10:38:51.204,84.5200,100
38429340197442,10:40:29.340,84.6300,3
38429343641411,10:40:29.343,84.6300,4
38459371222154,10:40:59.371,84.2500,100
38459371298154,10:40:59.371,84.2500,100
38510105820707,10:41:50.105,84.5000,90
38572990689247,10:42:52.990,84.5100,45
38572990689247,10:42:52.990,84.5400,100
38572990689247,10:42:52.990,84.5400,99
38572990689247,10:42:52.990,84.5400,55
38572990810703,10:42:52.990,84.5400,45
38572990868528,10:42:52.990,84.5400,100
38572990877419,10:42:52.990,84.5500,100
38572991022726,10:42:52.991,84.5500,100
38605559186020,10:43:25.559,84.6600,100
38605559186020,10:43:25.559,84.6600,125
38605559245656,10:43:25.559,84.6600,100
38605559680229,10:43:25.559,84.6700,13
38605559682666,10:43:25.559,84.6700,87
38605560878158,10:43:25.560,84.7900,100
38607146504444,10:43:27.146,84.8900,100
38607146504444,10:43:27.146,84.8900,100
38607147134339,10:43:27.147,84.8900,100
38607291334645,10:43:27.291,84.8400,100
38607291391428,10:43:27.291,84.8400,100
38649029648388,10:44:09.029,84.8600,21
38649029648388,10:44:09.029,84.8600,100
38649029648388,10:44:09.029,84.8200,100
38649029648388,10:44:09.029,84.8200,100
38649029648388,10:44:09.029,84.8200,79
38649029754645,10:44:09.029,84.8200,21
38649029819914,10:44:09.029,84.8100,100
38649029819914,10:44:09.029,84.8100,100
38649029863864,10:44:09.029,84.8200,100
38649030048363,10:44:09.030,84.7900,100
38649030139802,10:44:09.030,84.7900,87
38649030183302,10:44:09.030,84.7900,13
38649030664760,10:44:09.030,84.8100,200
38649030973435,10:44:09.030,84.7900,3
38649031120855,10:44:09.031,84.8100,3
38649033510984,10:44:09.033,84.7800,100
38649033510984,10:44:09.033,84.7800,51
38649033574015,10:44:09.033,84.7700,100
38649034770474,10:44:09.034,84.7800,100
38649046562816,10:44:09.046,84.8200,57
38649046583643,10:44:09.046,84.8200,93
38727661538742,10:45:27.661,84.7800,40
38796794619274,10:46:36.794,85.1000,5
38796794619274,10:46:36.794,85.1200,22
38796794619274,10:46:36.794,85.1300,15
38796794619274,10:46:36.794,85.1300,5
38796794619274,10:46:36.794,85.1300,3
38960339926264,10:49:20.339,85.1000,3
38963606770741,10:49:23.606,84.9900,392
38963606770741,10:49:23.606,85.1000,11
38963606770741,10:49:23.606,85.1200,15
38963606770741,10:49:23.606,85.1200,10
38963606770741,10:49:23.606,85.1500,100
38963606770741,10:49:23.606,85.1500,57
38963606782609,10:49:23.606,85.1500,43
38963606782609,10:49:23.606,85.1500,57
38963606801239,10:49:23.606,85.1500,43
38963606801239,10:49:23.606,85.1500,100
38963606801239,10:49:23.606,85.1500,100
38963606801239,10:49:23.606,85.1500,62
38963606801239,10:49:23.606,85.1500,23
38963606801239,10:49:23.606,85.1500,100
38963606802947,10:49:23.606,85.1500,100
38963606853240,10:49:23.606,85.1500,26
38963606853240,10:49:23.606,85.1600,100
38963606853240,10:49:23.606,85.1600,71
38963606872936,10:49:23.606,85.1600,5
38963608192553,10:49:23.608,85.1500,100
38963608468643,10:49:23.608,85.1600,24
38963610112185,10:49:23.610,85.1600,100
39017608440218,10:50:17.608,85.1700,1
39038488395693,10:50:38.488,85.0300,11
39038488395693,10:50:38.488,85.0300,90
39038488395693,10:50:38.488,85.0000,37
39077632162226,10:51:17.632,84.9000,100
39077632162226,10:51:17.632,84.8700,2
39077632162226,10:51:17.632,84.8700,4
39077632162226,10:51:17.632,84.8600,34
39077634181892,10:51:17.634,84.9350,100
39077634731840,10:51:17.634,85.0000,93
39077635984376,10:51:17.635,85.0000,100
39077656195949,10:51:17.656,84.8700,99
39077668365235,10:51:17.668,84.8600,64
39146932270911,10:52:26.932,84.8400,100
39169566414368,10:52:49.566,84.7200,59
39192573582369,10:53:12.573,84.7200,41
39192573734481,10:53:12.573,84.6900,100
39192573734481,10:53:12.573,84.6900,21
39192573739643,10:53:12.573,84.6900,33
39192573941518,10:53:12.573,84.6800,61
39206260105352,10:53:26.260,84.6900,12
39206260594098,10:53:26.260,84.6800,12
39253885324429,10:54:13.885,84.6800,10
39263952878701,10:54:23.952,84.8400,17
39263952878701,10:54:23.952,84.8400,83
39263960421928,10:54:23.960,84.6800,17
39263960421928,10:54:23.960,84.6700,100
39263960421928,10:54:23.960,84.6700,100
39263960421928,10:54:23.960,84.6700,100
39263960421928,10:54:23.960,84.6700,83
39263960503014,10:54:23.960,84.6700,17
39263960763015,10:54:23.960,84.6700,17
39263960825104,10:54:23.960,84.6700,36
39311715029358,10:55:11.715,84.8200,20
39311715029358,10:55:11.715,84.8400,80
39311715055899,10:55:11.715,84.8400,20
39311715120610,10:55:11.715,84.8500,100
39311715120610,10:55:11.715,84.8600,100
39311715124988,10:55:11.715,84.8400,20
39311715128867,10:55:11.715,84.8900,100
39311715172290,10:55:11.715,84.8400,80
39311715585880,10:55:11.715,84.8500,7
39312392789101,10:55:12.392,84.8500,93
39312392789101,10:55:12.392,84.8500,7
39312392815288,10:55:12.392,84.8500,93
39315932541684,10:55:15.932,84.9600,100
39315932594743,10:55:15.932,84.9700,100
39369517854225,10:56:09.517,84.9300,66
39369517938567,10:56:09.517,84.9300,100
39430152969158,10:57:10.152,84.9100,100
39430152969158,10:57:10.152,84.9100,63
39430164695101,10:57:10.164,84.9100,100
39430164695101,10:57:10.164,84.9100,16
39430164788043,10:57:10.164,84.9100,65
39430164788043,10:57:10.164,84.9100,100
39430164788043,10:57:10.164,84.9100,3
39430164862261,10:57:10.164,84.8900,100
39430164863986,10:57:10.164,84.8800,93
39430165019004,10:57:10.165,84.8800,7
39561966192777,10:59:21.966,85.0100,100
39561966192777,10:59:21.966,85.0600,7
39565294492987,10:59:25.294,85.0700,100
39565294567199,10:59:25.294,85.1200,10
39565297392350,10:59:25.297,85.0700,7
39591356647492,10:59:51.356,85.2100,3
39740066365205,11:02:20.066,85.1450,100
39740066470191,11:02:20.066,85.1450,100
39740066470191,11:02:20.066,85.2200,7
39740066496857,11:02:20.066,85.2200,93
39740066496857,11:02:20.066,85.2200,7
39740069793903,11:02:20.069,85.3400,100
39740247489842,11:02:20.247,85.3600,22
39740249943993,11:02:20.249,85.3600,22
39760604009408,11:02:40.604,85.2600,100
39762159693616,11:02:42.159,85.3400,100
39763406032113,11:02:43.406,85.3400,100
39764406317266,11:02:44.406,85.2600,100
39790682296119,11:03:10.682,85.2200,6
39792272062217,11:03:12.272,85.2200,94
39792272062217,11:03:12.272,85.2100,6
39792288659643,11:03:12.288,85.2100,94
39792288728584,11:03:12.288,85.1500,100
39792288787038,11:03:12.288,85.2100,100
39792289632467,11:03:12.289,85.1500,100
39848733604611,11:04:08.733,85.1100,40
39849744604107,11:04:09.744,85.1000,25
39850774780180,11:04:10.774,85.0900,100
39850774923345,11:04:10.774,85.2000,30
39875411320508,11:04:35.411,85.1000,30
40156360181138,11:09:16.360,85.0000,32
40219716283460,11:10:19.716,85.2600,100
40219716283460,11:10:19.716,85.2700,26
40219716283460,11:10:19.716,85.2700,32
40219716283460,11:10:19.716,85.2800,25
40219716283460,11:10:19.716,85.2800,100
40219716283460,11:10:19.716,85.3100,100
40219716283460,11:10:19.716,85.3100,2
40219716283460,11:10:19.716,85.3100,100
40219716283460,11:10:19.716,85.3100,100
40219716283460,11:10:19.716,85.3100,100
40219716608257,11:10:19.716,85.3100,10
40219716622881,11:10:19.716,85.3100,90
40219717011041,11:10:19.717,85.4600,100
40219717011041,11:10:19.717,85.4600,100
40219720462977,11:10:19.720,85.4600,100
40219720531230,11:10:19.720,85.4600,100
40219721803255,11:10:19.721,85.4600,100
40281218463615,11:11:21.218,85.4900,24
40281218546213,11:11:21.218,85.4000,30
40281218699122,11:11:21.218,85.3200,3
40281218699122,11:11:21.218,85.3200,24
40281218699122,11:11:21.218,85.3200,100
40281218723899,11:11:21.218,85.3700,100
40281218765698,11:11:21.218,85.3200,30
40281218848627,11:11:21.218,85.3200,100
40281219315126,11:11:21.219,85.3200,24
40281219814793,11:11:21.219,85.3000,30
40281220577202,11:11:21.220,85.3000,70
40281220577202,11:11:21.220,85.1800,30
40281221056195,11:11:21.221,85.3000,100
40281276687609,11:11:21.276,85.3000,38
40281276687609,11:11:21.276,85.3200,62
40287283021248,11:11:27.283,85.3000,100
40287283021248,11:11:27.283,85.3000,100
40287283085472,11:11:27.283,85.3100,100
40287283385228,11:11:27.283,85.3000,100
40287342115689,11:11:27.342,85.3100,29
40287342115689,11:11:27.342,85.3100,71
40289273243702,11:11:29.273,85.3100,29
40353712418856,11:12:33.712,85.5700,49
40353712418856,11:12:33.712,85.6100,251
40353715298141,11:12:33.715,85.6100,100
40353717528440,11:12:33.717,85.6100,20
40353717556377,11:12:33.717,85.6100,80
40392296621169,11:13:12.296,85.4300,12
40393586527790,11:13:13.586,85.4300,24
40393586612125,11:13:13.586,85.4300,6
40393586648892,11:13:13.586,85.4300,12
40393586753620,11:13:13.586,85.4300,6
40531185013596,11:15:31.185,85.4300,12
40531185254306,11:15:31.185,85.4300,6
40531185439789,11:15:31.185,85.4300,22
40531186020996,11:15:31.186,85.3800,2
40701780593530,11:18:21.780,85.6400,100
40701780593530,11:18:21.780,85.6400,90
40701780593530,11:18:21.780,85.6700,100
40701780593530,11:18:21.780,85.6700,10
40703816752732,11:18:23.816,85.7000,100
40866747816339,11:21:06.747,85.7500,100
40866747816339,11:21:06.747,85.8000,100
40866747816339,11:21:06.747,85.8000,100
40866747816339,11:21:06.747,85.8000,100
40866747816339,11:21:06.747,85.8000,100
40866748501087,11:21:06.748,85.8100,100
40866750979406,11:21:06.750,85.8100,100
40866762778824,11:21:06.762,85.9500,11
40866762812307,11:21:06.762,85.9500,89
40866762813667,11:21:06.762,85.9500,89
40867414780359,11:21:07.414,86.0400,100
40867414780359,11:21:07.414,86.1300,84
40867433467863,11:21:07.433,86.1300,6
40930114415071,11:22:10.114,85.8500,31
40930114488599,11:22:10.114,85.8500,100
40930119461999,11:22:10.119,85.8100,6
40930119491414,11:22:10.119,85.8100,94
40930119491414,11:22:10.119,85.8100,100
40930119581689,11:22:10.119,85.8000,33
40930120307164,11:22:10.120,85.8000,67
40930120307164,11:22:10.120,85.8000,33
40930120502230,11:22:10.120,85.8000,6
40930122302556,11:22:10.122,85.8000,48
40930122371822,11:22:10.122,85.8000,13
40930182389660,11:22:10.182,85.8000,100
40930212006471,11:22:10.212,85.7000,7
41359038501294,11:29:19.038,85.7950,100
41401889030832,11:30:01.889,85.7950,500
41476733793575,11:31:16.733,85.8500,100
41476733793575,11:31:16.733,85.8500,85
41487778679995,11:31:27.778,85.6600,100
41487778679995,11:31:27.778,85.6600,3
41487778679995,11:31:27.778,85.6600,97
41498274758877,11:31:38.274,85.8300,100
41561966777183,11:32:41.966,85.6600,100
41562309203825,11:32:42.309,85.6600,100
41562309340009,11:32:42.309,85.7500,30
41562309546932,11:32:42.309,85.6600,30
41571985742357,11:32:51.985,85.6500,100
41578742771963,11:32:58.742,85.6500,200
41578744237061,11:32:58.744,85.6500,100
41578745519031,11:32:58.745,85.6400,100
41578745596098,11:32:58.745,85.6300,100
41578820137717,11:32:58.820,85.6300,10
41854350402421,11:37:34.350,85.4800,100
41854350402421,11:37:34.350,85.4800,100
41854350402421,11:37:34.350,85.4800,100
41860508409876,11:37:40.508,85.5800,90
41860508409876,11:37:40.508,85.6200,10
41957239949420,11:39:17.239,85.4700,100
41957239974688,11:39:17.239,85.4700,3
41957689602090,11:39:17.689,85.3400,100
42038081812265,11:40:38.081,85.3300,5
42040307553286,11:40:40.307,85.2300,9
42056295084929,11:40:56.295,85.1800,15
42056324205267,11:40:56.324,85.1850,10
42061312869048,11:41:01.312,85.2050,90
42061312869048,11:41:01.312,85.3000,32
42061315282550,11:41:01.315,85.3000,68
42061315282550,11:41:01.315,85.3000,32
42065080522235,11:41:05.080,85.1000,100
42318457260510,11:45:18.457,85.0300,26
42318457337534,11:45:18.457,85.0300,74
42318457337534,11:45:18.457,85.0300,3
42370646828477,11:46:10.646,85.0500,100
42370646866382,11:46:10.646,85.0500,50
42467461160244,11:47:47.461,84.8200,100
42467461303421,11:47:47.461,84.8900,30
42471372644613,11:47:51.372,84.8900,5
42550775669856,11:49:10.775,84.8200,10
42550775669856,11:49:10.775,84.8100,90
42612932283483,11:50:12.932,84.8000,39
42612932362533,11:50:12.932,84.8000,12
42612932468326,11:50:12.932,84.8000,21
42612933071474,11:50:12.933,84.8000,12
42612933109004,11:50:12.933,84.8000,16
42612933109004,11:50:12.933,84.8000,8
42612933225451,11:50:12.933,84.8000,12
42612933335842,11:50:12.933,84.8000,80
42612933335842,11:50:12.933,84.8000,20
42714746294346,11:51:54.746,84.8650,65
42714746294346,11:51:54.746,84.9100,100
42714746294346,11:51:54.746,84.9200,21
42714747592579,11:51:54.747,84.9200,29
42714747592579,11:51:54.747,84.9300,2
42714747592579,11:51:54.747,84.9300,69
42714747619976,11:51:54.747,84.9300,31
42714747619976,11:51:54.747,84.9300,100
42714747619976,11:51:54.747,84.9300,96
42714747621777,11:51:54.747,84.9300,100
42714747664204,11:51:54.747,84.9400,100
42714747688156,11:51:54.747,84.9800,77
42714747889513,11:51:54.747,84.9800,23
42770341574877,11:52:50.341,84.9400,100
42888614482165,11:54:48.614,84.9400,10
42985189597656,11:56:25.189,85.0000,100
42985189744058,11:56:25.189,85.0000,100
42985249607689,11:56:25.249,85.0000,100
43034519448607,11:57:14.519,85.0000,100
43034519448607,11:57:14.519,85.0000,3
43034519536620,11:57:14.519,85.0000,3
43034521160717,11:57:14.521,85.0200,80
43042323224767,11:57:22.323,85.0000,97
43042323224767,11:57:22.323,85.0000,3
43042323319229,11:57:22.323,85.0000,97
43042323319229,11:57:22.323,85.0000,3
43042323417231,11:57:22.323,85.0000,97
43042323453530,11:57:22.323,85.0000,100
43042323555063,11:57:22.323,85.0050,30
43161768152827,11:59:21.768,85.0000,12
43161768229710,11:59:21.768,85.0000,88
43161768229710,11:59:21.768,85.0000,12
43161768252940,11:59:21.768,85.0000,12
43161768614944,11:59:21.768,85.0000,76
43161768614944,11:59:21.768,85.0000,12
43161768715022,11:59:21.768,85.0000,88
43161768715022,11:59:21.768,85.0000,12
43161768743211,11:59:21.768,85.0000,88
43161856155383,11:59:21.856,85.0000,100
43172633110104,11:59:32.633,85.0000,17
43185760509094,11:59:45.760,85.0300,70
43185760509094,11:59:45.760,85.0400,30
43198059070076,11:59:58.059,85.0400,70
43198059171767,11:59:58.059,85.0600,44
43198059399981,11:59:58.059,85.0600,56
43198059399981,11:59:58.059,85.0600,21
43198059403982,11:59:58.059,85.0600,79
43198060197913,11:59:58.060,85.1400,100
43201781639195,12:00:01.781,85.1500,100
43201781639195,12:00:01.781,85.1500,100
43201783454734,12:00:01.783,85.1900,100
43245811157746,12:00:45.811,85.1600,9
43281216308154,12:01:21.216,85.2800,5
43383482283061,12:03:03.482,85.2900,11
43383482336559,12:03:03.482,85.2900,89
43383482336559,12:03:03.482,85.2900,11
43383482382899,12:03:03.482,85.2900,100
43383482419453,12:03:03.482,85.2900,100
43383482766491,12:03:03.482,85.2900,100
43383482778092,12:03:03.482,85.2900,100
43383484891113,12:03:03.484,85.2900,89
43387155050539,12:03:07.155,85.2900,12
43387155136914,12:03:07.155,85.2900,6
43387155333401,12:03:07.155,85.2900,6
43427886322226,12:03:47.886,85.3800,1
43454115262522,12:04:14.115,85.2900,56
43454115262522,12:04:14.115,85.2900,4
43454115262522,12:04:14.115,85.2900,40
43454115290172,12:04:14.115,85.2900,60
43454115290172,12:04:14.115,85.2900,5
43454115290172,12:04:14.115,85.2900,137
43588979521287,12:06:28.979,85.2200,5
43599209204481,12:06:39.209,85.1100,100
43599209204481,12:06:39.209,85.0900,200
43681561037038,12:08:01.561,85.0900,100
43692817867847,12:08:12.817,85.0100,100
43692931692331,12:08:12.931,85.0000,83
43692931692331,12:08:12.931,85.0000,100
43692931692331,12:08:12.931,85.0000,100
43692931870179,12:08:12.931,85.0000,100
43692932200934,12:08:12.932,85.0000,100
43692933799442,12:08:12.933,85.0000,100
43692933799442,12:08:12.933,85.0000,570
43692933799442,12:08:12.933,85.0000,530
43692934100750,12:08:12.934,85.0000,200
43692934234623,12:08:12.934,85.0000,100
43692935242428,12:08:12.935,85.0200,100
43692935645950,12:08:12.935,85.0000,100
43717449791347,12:08:37.449,85.0000,100
43769679537970,12:09:29.679,85.0000,43
43769679562346,12:09:29.679,85.0000,57
43769679566107,12:09:29.679,85.0000,57
43769679587378,12:09:29.679,85.0000,57
43769680099009,12:09:29.680,85.0000,100
43799520501840,12:09:59.520,85.0000,100
43799543371240,12:09:59.543,85.0000,100
43884523481537,12:11:24.523,85.0000,3
43911887190249,12:11:51.887,84.9500,3
44100379429618,12:15:00.379,84.9500,97
44126406888150,12:15:26.406,84.9800,27
44126406994200,12:15:26.406,84.9900,100
44126406994200,12:15:26.406,84.9900,100
44126406994200,12:15:26.406,84.9900,100
44126407324389,12:15:26.407,85.0000,52
44126407445181,12:15:26.407,85.0000,21
44126407471019,12:15:26.407,85.0000,27
44126407471019,12:15:26.407,85.0000,100
44126407477666,12:15:26.407,85.0000,100
44126407486714,12:15:26.407,85.0000,100
44126407491706,12:15:26.407,85.0000,27
44126407492976,12:15:26.407,85.0000,127
44126408155937,12:15:26.408,85.0000,100
44126411412769,12:15:26.411,85.0000,100
44126430550540,12:15:26.430,84.9900,5
44126430565633,12:15:26.430,84.9900,15
44126452747477,12:15:26.452,84.9900,80
44127199629640,12:15:27.199,85.0000,100
44127199629640,12:15:27.199,85.0000,100
44198001247974,12:16:38.001,85.0000,100
44198001349825,12:16:38.001,85.0000,100
44198001349825,12:16:38.001,85.0000,26
44198001663931,12:16:38.001,85.0000,100
44198001664532,12:16:38.001,85.0000,100
44198001665073,12:16:38.001,85.0000,100
44198001832736,12:16:38.001,85.0000,100
44198002717585,12:16:38.002,85.0000,100
44198197860238,12:16:38.197,85.0000,100
44220042153952,12:17:00.042,85.0000,100
44221044683887,12:17:01.044,85.0000,100
44222280615241,12:17:02.280,85.0000,100
44222280750599,12:17:02.280,85.0000,100
44231626504882,12:17:11.626,85.0000,100
44231627619770,12:17:11.627,85.0000,100
44232198258199,12:17:12.198,85.0000,46
44232199011089,12:17:12.199,85.0300,54
44275543239275,12:17:55.543,85.0300,52
44275544888200,12:17:55.544,85.0300,48
44275544888200,12:17:55.544,85.0300,52
44275544915131,12:17:55.544,85.0300,48
44282784982468,12:18:02.784,84.9900,3
44282784982468,12:18:02.784,84.9900,10
44282784982468,12:18:02.784,84.9900,87
44282784983708,12:18:02.784,84.9900,3
44282784987483,12:18:02.784,84.9900,10
44282785105086,12:18:02.785,84.9800,100
44282785122704,12:18:02.785,84.9500,17
44282785416426,12:18:02.785,84.9500,48
44282785465720,12:18:02.785,84.9500,35
44282785465720,12:18:02.785,84.9500,100
44282785658012,12:18:02.785,84.9300,24
44282785788504,12:18:02.785,84.9200,24
44282787784748,12:18:02.787,84.9200,18
44282787826642,12:18:02.787,84.9200,6
44282787897901,12:18:02.787,84.9200,24
44282788468344,12:18:02.788,84.9200,6
44282788545373,12:18:02.788,84.9200,12
44282788588172,12:18:02.788,84.9200,6
44282792535615,12:18:02.792,84.9200,4
44282801902478,12:18:02.801,84.9100,100
44282801902478,12:18:02.801,84.9100,100
44283969209352,12:18:03.969,84.9100,100
44344282997440,12:19:04.282,84.7900,51
44393352671097,12:19:53.352,84.7450,44
44393352873119,12:19:53.352,84.7450,5
44393352873119,12:19:53.352,84.8300,95
44393352874585,12:19:53.352,84.8300,5
44393353617016,12:19:53.353,84.8500,100
44459454613250,12:20:59.454,84.9000,100
44459454755118,12:20:59.454,84.9000,100
44459455166765,12:20:59.455,84.9000,100
44459705252727,12:20:59.705,84.9000,100
44459705297908,12:20:59.705,84.9000,100
44459705433904,12:20:59.705,84.9000,100
44470344696390,12:21:10.344,84.9000,100
44470344766762,12:21:10.344,84.9000,100
44470344837346,12:21:10.344,84.9000,100
44470344856152,12:21:10.344,84.9000,100
44470344857541,12:21:10.344,84.9000,100
44470344861967,12:21:10.344,84.9000,100
44470345703190,12:21:10.345,84.9000,100
44470456426751,12:21:10.456,84.9000,100
44470456566218,12:21:10.456,84.9000,100
44470456566218,12:21:10.456,84.9000,100
44649759323643,12:24:09.759,84.9500,1
44753611298865,12:25:53.611,84.9500,99
44777287291797,12:26:17.287,84.9500,49
44812099172948,12:26:52.099,85.0000,100
44867192049711,12:27:47.192,84.9800,100
44884023051014,12:28:04.023,85.0100,100
44884023051014,12:28:04.023,85.0100,1
44884023077446,12:28:04.023,85.0100,99
44890403820287,12:28:10.403,85.0700,100
44927346524891,12:28:47.346,85.1000,1
44941233409072,12:29:01.233,85.1000,36
44941233445799,12:29:01.233,85.1000,12
44941235140981,12:29:01.235,85.1000,48
45083316045460,12:31:23.316,85.1100,5
45157131350787,12:32:37.131,85.0650,100
45218380509072,12:33:38.380,85.0000,1
45218380509072,12:33:38.380,85.0000,1
45218381049073,12:33:38.381,85.0000,10
45218385573577,12:33:38.385,85.0000,91
45218385576624,12:33:38.385,85.0000,9
45218385576624,12:33:38.385,85.0000,91
45218385583524,12:33:38.385,85.0000,9
45542246528871,12:39:02.246,85.0000,1
45708666310816,12:41:48.666,84.8900,100
45708666310816,12:41:48.666,84.8800,100
45708666310816,12:41:48.666,84.8800,5
45708666310816,12:41:48.666,84.8800,100
45708666310816,12:41:48.666,84.8800,8
45708666555339,12:41:48.666,84.8800,92
45708666555339,12:41:48.666,84.8800,3
45708666555339,12:41:48.666,84.8800,5
45708666568240,12:41:48.666,84.8700,5
45708666650537,12:41:48.666,84.8700,49
45708666660932,12:41:48.666,84.8700,4
45708670713052,12:41:48.670,84.9000,10
45708671258914,12:41:48.671,84.8500,100
45710675303003,12:41:50.675,84.8800,100
45730160490753,12:42:10.160,84.9500,100
45730160555333,12:42:10.160,84.9500,100
45730160577251,12:42:10.160,84.9600,100
45730160639063,12:42:10.160,84.9600,100
45730161026559,12:42:10.161,84.9700,100
45730161026559,12:42:10.161,84.9700,100
45730161026559,12:42:10.161,84.9700,30
45730161675037,12:42:10.161,85.0000,100
45847660091958,12:44:07.660,85.0300,1
45870310861770,12:44:30.310,84.9600,30
45870311098651,12:44:30.311,84.9700,100
45890381030631,12:44:50.381,84.9500,100
46075264726680,12:47:55.264,85.0700,28
46075264752617,12:47:55.264,85.0700,72
46075264752617,12:47:55.264,85.0700,100
46075268878790,12:47:55.268,85.1200,3
46075269135203,12:47:55.269,85.1200,50
46075269144933,12:47:55.269,85.1200,50
46108087873735,12:48:28.087,85.0500,100
46254983758626,12:50:54.983,85.0550,100
46388388473527,12:53:08.388,85.1200,5
46659402405714,12:57:39.402,85.0500,5
46832555552066,13:00:32.555,84.9900,10
46832555552066,13:00:32.555,84.9800,100
46832555552066,13:00:32.555,84.9800,90
46832555620764,13:00:32.555,84.9800,10
46832555620764,13:00:32.555,84.9800,5
46832690359594,13:00:32.690,84.9800,9
46832690731872,13:00:32.690,84.9600,30
46832690731872,13:00:32.690,84.9400,70
46833185013534,13:00:33.185,84.9800,30
46833185270884,13:00:33.185,84.9800,91
46865662342454,13:01:05.662,84.9700,30
46925221301665,13:02:05.221,84.9750,65
46925222720321,13:02:05.222,85.0500,100
46925222720321,13:02:05.222,85.0500,95
46925222801700,13:02:05.222,85.0600,100
46925223323448,13:02:05.223,85.0700,100
46925223606214,13:02:05.223,85.0700,42
46925340863314,13:02:05.340,85.0600,100
47100054749829,13:05:00.054,85.0700,5
47100482828854,13:05:00.482,85.0100,95
47366068736367,13:09:26.068,85.1000,1
47366784560011,13:09:26.784,85.1000,99
47366784871818,13:09:26.784,85.1000,100
47367193839702,13:09:27.193,85.1500,100
47367193920529,13:09:27.193,85.1500,100
47367909192419,13:09:27.909,85.2000,100
47521882689356,13:12:01.882,85.1600,10
47556444545676,13:12:36.444,85.1700,100
47556444545676,13:12:36.444,85.1700,100
47592155868345,13:13:12.155,85.1600,12
47592155879280,13:13:12.155,85.1600,6
47592155928666,13:13:12.155,85.1600,6
47693534747570,13:14:53.534,85.1700,5
47693549627839,13:14:53.549,85.1600,4
47693549627839,13:14:53.549,85.1600,59
47709284492527,13:15:09.284,85.1100,3
47709284492527,13:15:09.284,85.1100,97
47723216739965,13:15:23.216,85.1100,3
47723216739965,13:15:23.216,85.1100,97
47760170931333,13:16:00.170,85.1100,100
47775926211769,13:16:15.926,85.1100,3
48090181272463,13:21:30.181,85.0500,5
48245693696491,13:24:05.693,85.0400,5
48339215655130,13:25:39.215,85.0400,90
48339215655130,13:25:39.215,85.1000,10
48339215655130,13:25:39.215,85.1000,50
48339215655130,13:25:39.215,85.1000,10
48339215714199,13:25:39.215,85.1000,90
48339215714708,13:25:39.215,85.1000,100
48339215763090,13:25:39.215,85.1000,100
48339215786646,13:25:39.215,85.1000,27
48339215799356,13:25:39.215,85.0900,100
48339216058326,13:25:39.216,85.1000,90
48339216127272,13:25:39.216,85.1000,10
48339216153514,13:25:39.216,85.1000,100
48339216507172,13:25:39.216,85.1000,100
48339216531830,13:25:39.216,85.1000,100
48339216584723,13:25:39.216,85.1000,100
48425920440509,13:27:05.920,84.9800,6
48425920440509,13:27:05.920,84.9800,3
48425920440509,13:27:05.920,84.9800,100
48425920440509,13:27:05.920,84.9800,30
48425920440509,13:27:05.920,84.9800,100
48425920440509,13:27:05.920,84.9800,100
48425920553039,13:27:05.920,84.9800,7
48425920554525,13:27:05.920,84.9800,93
48425920831301,13:27:05.920,84.9800,100
48425921452879,13:27:05.921,84.9600,100
48425943230817,13:27:05.943,84.9400,53
48425943292814,13:27:05.943,84.9400,98
48425943326418,13:27:05.943,84.9400,2
48425943367579,13:27:05.943,84.9600,98
48425943774387,13:27:05.943,84.9600,2
48425943964913,13:27:05.943,84.9300,30
48427702229678,13:27:07.702,84.9600,30
48427702229678,13:27:07.702,84.9600,10
48427702229678,13:27:07.702,84.9600,29
48427702291952,13:27:07.702,84.9900,100
48917931494727,13:35:17.931,85.0000,5
49085089008159,13:38:05.089,84.9900,5
49085089008159,13:38:05.089,84.9800,5
49085089008159,13:38:05.089,84.9600,90
49085089011188,13:38:05.089,84.9600,10
49085089011188,13:38:05.089,84.9600,100
49085089011188,13:38:05.089,84.9600,14
49085089011188,13:38:05.089,84.9600,86
49085089011188,13:38:05.089,84.9600,13
49085089392865,13:38:05.089,84.9600,87
49085089718190,13:38:05.089,84.9500,100
49085089718190,13:38:05.089,84.9500,100
49085089718190,13:38:05.089,84.9500,100
49085090145775,13:38:05.090,84.9400,100
49085105181570,13:38:05.105,84.9100,100
49099735843978,13:38:19.735,84.9650,95
49099735843978,13:38:19.735,84.9650,100
49099736902336,13:38:19.736,84.9800,100
49099736902336,13:38:19.736,85.0100,100
49099736902336,13:38:19.736,85.0300,100
49099736902336,13:38:19.736,85.0300,100
49099736980404,13:38:19.736,85.0300,100
49099740356879,13:38:19.740,85.0400,100
49103224991534,13:38:23.224,85.0500,99
49103226058410,13:38:23.226,85.0700,100
49103226058410,13:38:23.226,85.0700,100
49103227579457,13:38:23.227,85.0500,10
49160287189881,13:39:20.287,85.0800,19
49160288736187,13:39:20.288,85.0900,100
49160288770427,13:39:20.288,85.1000,100
49160289544403,13:39:20.289,85.1000,100
49163864823291,13:39:23.864,85.0900,100
49163864823291,13:39:23.864,85.0900,25
49163864823291,13:39:23.864,85.0900,100
49246174706293,13:40:46.174,85.1000,14
49246174865655,13:40:46.174,85.1000,60
49246175279358,13:40:46.175,85.1000,40
49246181669886,13:40:46.181,85.0400,100
49246182369253,13:40:46.182,85.0300,7
49246182369253,13:40:46.182,85.0100,83
49246182452039,13:40:46.182,85.0300,100
49260204760571,13:41:00.204,85.0200,50
49260204900479,13:41:00.204,85.0100,34
49260204903633,13:41:00.204,85.0100,26
49411548898487,13:43:31.548,85.0400,4
49518308128538,13:45:18.308,85.0300,100
49518308157433,13:45:18.308,85.0300,100
49518308157433,13:45:18.308,85.0300,3
49518308157433,13:45:18.308,85.0300,100
49518308254300,13:45:18.308,85.0300,200
49518308265296,13:45:18.308,85.0300,100
49518308446879,13:45:18.308,85.0300,100
49518308450031,13:45:18.308,85.0300,100
49518308541568,13:45:18.308,85.0300,28
49518308545378,13:45:18.308,85.0300,126
49518308550045,13:45:18.308,85.0300,74
49518308564920,13:45:18.308,85.0300,72
49518308564920,13:45:18.308,85.0400,28
49518308575445,13:45:18.308,85.0400,72
49518308649336,13:45:18.308,85.0300,142
49518308865857,13:45:18.308,85.0400,100
49518309231347,13:45:18.309,85.0300,58
49518309231347,13:45:18.309,85.0300,100
49518309231347,13:45:18.309,85.0300,30
49518309750288,13:45:18.309,85.0400,30
49519239885749,13:45:19.239,85.0600,100
49519239885749,13:45:19.239,85.1000,100
49519239885749,13:45:19.239,85.1100,100
49519744631175,13:45:19.744,85.1100,100
49519745395879,13:45:19.745,85.1200,100
49519745464393,13:45:19.745,85.1100,96
49519745552101,13:45:19.745,85.1100,4
49531199792611,13:45:31.199,85.1700,100
49531199792611,13:45:31.199,85.1700,100
49531199792611,13:45:31.199,85.1700,100
49531199792611,13:45:31.199,85.1700,100
49531199861362,13:45:31.199,85.1700,100
49576219239055,13:46:16.219,85.1600,100
49576219263847,13:46:16.219,85.1600,100
49576328319766,13:46:16.328,85.2100,100
49576328380005,13:46:16.328,85.2200,100
49666225009819,13:47:46.225,85.3200,100
49752256444105,13:49:12.256,85.2300,100
49752256449169,13:49:12.256,85.3100,100
49752256449169,13:49:12.256,85.3200,100
49755969207336,13:49:15.969,85.3100,100
49755990485910,13:49:15.990,85.3200,100
49777241106461,13:49:37.241,85.3700,6
49777241106461,13:49:37.241,85.3800,100
49777241106461,13:49:37.241,85.3900,100
49777241106461,13:49:37.241,85.3900,22
49777241106461,13:49:37.241,85.3900,100
49777241961298,13:49:37.241,85.4000,100
49802496497959,13:50:02.496,85.4000,12
49802496558134,13:50:02.496,85.4000,12
49970598808948,13:52:50.598,85.3300,5
49980128780624,13:53:00.128,85.3400,100
49990658899670,13:53:10.658,85.3200,100
49990658899670,13:53:10.658,85.3200,64
49990856071714,13:53:10.856,85.3200,1
49990856071714,13:53:10.856,85.3200,100
50020534353435,13:53:40.534,85.2800,90
50105038156898,13:55:05.038,85.2900,5
50148769693461,13:55:48.769,85.2800,100
50154996573074,13:55:54.996,85.2800,100
50154996573074,13:55:54.996,85.2800,100
50154996669412,13:55:54.996,85.2800,3
50154997509022,13:55:54.997,85.2700,100
50155440638412,13:55:55.440,85.2800,100
50155444946579,13:55:55.444,85.2900,100
50394215560543,13:59:54.215,85.2300,5
50401472020536,14:00:01.472,85.2600,100
50402715467252,14:00:02.715,85.1800,100
50402715467252,14:00:02.715,85.1800,100
50402715467252,14:00:02.715,85.1800,23
50402715467252,14:00:02.715,85.1800,30
50402715467252,14:00:02.715,85.1800,77
50402715538380,14:00:02.715,85.1700,100
50402715538380,14:00:02.715,85.1700,100
50402747416866,14:00:02.747,85.1800,10
50403637321357,14:00:03.637,85.2900,100
50409044492718,14:00:09.044,85.2900,100
50409044550458,14:00:09.044,85.2900,100
50409046306505,14:00:09.046,85.2900,55
50413130879206,14:00:13.130,85.3400,100
50413131113210,14:00:13.131,85.3500,100
50413131165508,14:00:13.131,85.3600,3
50413133377675,14:00:13.133,85.4300,100
50424793961392,14:00:24.793,85.2200,22
50500941416017,14:01:40.941,85.1900,6
50582826281855,14:03:02.826,85.4600,40
50582826281855,14:03:02.826,85.4600,75
50592581684619,14:03:12.581,85.4600,25
50592581684619,14:03:12.581,85.4800,100
50592581684619,14:03:12.581,85.4800,19
50592581684619,14:03:12.581,85.4800,56
50592581730513,14:03:12.581,85.4800,44
50592581730513,14:03:12.581,85.4900,100
50693676868311,14:04:53.676,85.8500,100
50693676956172,14:04:53.676,85.8600,50
50693676979503,14:04:53.676,85.8600,50
50721736873044,14:05:21.736,85.8300,100
50721736936071,14:05:21.736,85.8200,100
50721736939531,14:05:21.736,85.8100,100
50721736941219,14:05:21.736,85.8000,100
50721736975548,14:05:21.736,85.8300,100
50742949507269,14:05:42.949,85.9000,100
50742949507269,14:05:42.949,85.9400,100
50858676735218,14:07:38.676,85.9400,100
50858676762169,14:07:38.676,85.9400,100
50858676822015,14:07:38.676,85.9400,100
50858676848324,14:07:38.676,85.9500,71
51025715481722,14:10:25.715,85.8200,5
51025715481722,14:10:25.715,85.7300,3
51025715481722,14:10:25.715,85.7300,27
51025715483875,14:10:25.715,85.7300,37
51025715496762,14:10:25.715,85.7300,36
51025715496762,14:10:25.715,85.7300,33
51025715513437,14:10:25.715,85.7300,45
51025715523635,14:10:25.715,85.7300,17
51025715575755,14:10:25.715,85.7300,5
51025717810186,14:10:25.717,85.7100,24
51025719927245,14:10:25.719,85.7100,4
51025720069882,14:10:25.720,85.7100,24
51025720276213,14:10:25.720,85.7100,24
51025720570712,14:10:25.720,85.7100,24
51025722430617,14:10:25.722,85.6500,9
51025722573036,14:10:25.722,85.6500,9
51025722628163,14:10:25.722,85.6500,6
51025723055163,14:10:25.723,85.6500,12
51025723127354,14:10:25.723,85.6500,12
51031852116064,14:10:31.852,85.6500,100
51031852198217,14:10:31.852,85.6400,56
51031852382763,14:10:31.852,85.6450,100
51064599458543,14:11:04.599,85.6900,100
51064599485706,14:11:04.599,85.6900,4
51064599485706,14:11:04.599,85.6900,100
51064599485706,14:11:04.599,85.6900,29
51064623520411,14:11:04.623,85.6800,100
51153882409244,14:12:33.882,85.7800,100
51153882866752,14:12:33.882,85.7900,37
51153882870310,14:12:33.882,85.8000,50
51153882871590,14:12:33.882,85.8000,50
51153886435226,14:12:33.886,85.8300,100
51153886435226,14:12:33.886,85.8300,60
51153887070057,14:12:33.887,85.8300,90
51153887094452,14:12:33.887,85.8300,10
51212682013369,14:13:32.682,85.7300,24
51212684594985,14:13:32.684,85.7300,24
51217965183929,14:13:37.965,85.7300,52
51217965183929,14:13:37.965,85.7200,100
51217965183929,14:13:37.965,85.7200,3
51217965183929,14:13:37.965,85.7200,48
51217965421350,14:13:37.965,85.7200,52
51217965421350,14:13:37.965,85.7200,48
51217965427431,14:13:37.965,85.7200,50
51217965669929,14:13:37.965,85.7200,2
51226322389129,14:13:46.322,85.7100,100
51226323134390,14:13:46.323,85.6900,100
51226323153713,14:13:46.323,85.6900,100
51226323398758,14:13:46.323,85.6800,98
51226323612851,14:13:46.323,85.6800,2
51314472423302,14:15:14.472,85.6600,10
51370357004486,14:16:10.357,85.6800,100
51370357004486,14:16:10.357,85.6900,19
51370357067610,14:16:10.357,85.6900,81
51370357067610,14:16:10.357,85.6900,19
51370357139826,14:16:10.357,85.6900,5
51370357177307,14:16:10.357,85.6900,95
51370358261933,14:16:10.358,85.7100,5
51370358289900,14:16:10.358,85.7100,95
51370358749562,14:16:10.358,85.6900,5
51400221271006,14:16:40.221,85.7400,100
51400221363700,14:16:40.221,85.7400,50
51400427323011,14:16:40.427,85.7500,100
51458383314624,14:17:38.383,85.7900,100
51496623769308,14:18:16.623,85.7500,5
51564851031646,14:19:24.851,85.7300,12
51564851138532,14:19:24.851,85.7300,88
51564851138532,14:19:24.851,85.7300,37
51564851620728,14:19:24.851,85.7400,100
51564852698160,14:19:24.852,85.7600,100
51564855136448,14:19:24.855,85.8100,100
51692536128561,14:21:32.536,85.8100,100
51692536561622,14:21:32.536,85.8100,60
51692536623855,14:21:32.536,85.8100,40
51692537765465,14:21:32.537,85.8300,2
51692560103406,14:21:32.560,85.8000,100
51692911300760,14:21:32.911,85.8300,58
51716713804271,14:21:56.713,85.8400,6
51789598325624,14:23:09.598,85.8400,5
51791213549472,14:23:11.213,85.8300,3
51791213641856,14:23:11.213,85.8200,100
51791214088556,14:23:11.214,85.8300,57
51791214088556,14:23:11.214,85.8300,100
51791214397781,14:23:11.214,85.8300,25
51791214421502,14:23:11.214,85.8300,75
51902955314790,14:25:02.955,85.8100,5
51923703021528,14:25:23.703,85.7100,1
51925195698766,14:25:25.195,85.7100,1
51926470999107,14:25:26.470,85.7100,1
51939002282286,14:25:39.002,85.7100,43
51939002286765,14:25:39.002,85.7100,49
51944716223528,14:25:44.716,85.7100,1
51946476230508,14:25:46.476,85.7100,1
51956496584915,14:25:56.496,85.7100,100
51956496729163,14:25:56.496,85.6900,7
51956500290128,14:25:56.500,85.6500,100
51956500683258,14:25:56.500,85.6500,100
51956502552530,14:25:56.502,85.6500,100
51998025910831,14:26:38.025,85.6600,100
51998025999985,14:26:38.025,85.6600,100
52077542192128,14:27:57.542,85.6200,1
52093211198372,14:28:13.211,85.6400,100
52093211198372,14:28:13.211,85.6400,100
52093211773596,14:28:13.211,85.6400,50
52093211779136,14:28:13.211,85.6400,50
52100728198272,14:28:20.728,85.6800,2
52100728225830,14:28:20.728,85.6800,98
52107288059720,14:28:27.288,85.7300,2
52107486611999,14:28:27.486,85.6500,10
52109115272571,14:28:29.115,85.7400,2
52111261400541,14:28:31.261,85.7400,2
52111261499493,14:28:31.261,85.7400,96
52111261499493,14:28:31.261,85.7400,100
52111285882941,14:28:31.285,85.7600,36
52152663241327,14:29:12.663,85.8000,100
52160297156343,14:29:20.297,85.7800,2
52199510652840,14:29:59.510,85.8400,80
52199510803357,14:29:59.510,85.8400,20
52199541617281,14:29:59.541,85.9000,100
52200404259309,14:30:00.404,85.8400,100
52200404673185,14:30:00.404,85.7800,3
52204041986418,14:30:04.041,85.7800,95
52204041986418,14:30:04.041,85.7800,5
52204042532283,14:30:04.042,85.7800,95
52204042659112,14:30:04.042,85.7800,100
52572345193788,14:36:12.345,85.6200,100
52572345193788,14:36:12.345,85.6100,3
52572345584852,14:36:12.345,85.6100,100
52572345613225,14:36:12.345,85.6000,100
52572345648842,14:36:12.345,85.5500,5
52572345688369,14:36:12.345,85.5500,95
52572349829423,14:36:12.349,85.6000,100
52574175440298,14:36:14.175,85.5500,10
52574175440298,14:36:14.175,85.4900,9
52582704754502,14:36:22.704,85.4800,8
52593397950037,14:36:33.397,85.4200,22
52600770869678,14:36:40.770,85.5050,100
52630188278956,14:37:10.188,85.5000,5
52771389778958,14:39:31.389,85.2600,5
52774870232415,14:39:34.870,85.1850,100
52774967154569,14:39:34.967,85.1200,3
52774967241955,14:39:34.967,85.1200,100
52774967265473,14:39:34.967,85.1200,50
52774968083729,14:39:34.968,85.1000,58
52774968112560,14:39:34.968,85.1200,100
52774968137465,14:39:34.968,85.1100,30
52781716642067,14:39:41.716,85.1000,30
52781716642067,14:39:41.716,85.1000,29
52781716642067,14:39:41.716,85.1000,29
52781716642067,14:39:41.716,85.1000,100
52828542842233,14:40:28.542,85.1800,100
52828542926317,14:40:28.542,85.1900,100
52828542951191,14:40:28.542,85.1900,2
52828542951191,14:40:28.542,85.1900,19
52828543015449,14:40:28.543,85.2000,151
52828543017327,14:40:28.543,85.2000,100
52828543020146,14:40:28.543,85.1900,100
52828543024363,14:40:28.543,85.2100,60
52828543342910,14:40:28.543,85.2100,40
52828543487618,14:40:28.543,85.2700,60
52828839610505,14:40:28.839,85.3400,100
52828839610505,14:40:28.839,85.3400,100
52828839610505,14:40:28.839,85.3500,100
52828839610505,14:40:28.839,85.3500,100
52985243707261,14:43:05.243,85.4100,30
52985532512761,14:43:05.532,85.4000,100
52985532512761,14:43:05.532,85.4000,29
52985532562355,14:43:05.532,85.4000,100
52985532851841,14:43:05.532,85.3950,100
52985532883897,14:43:05.532,85.3800,48
52985533000315,14:43:05.533,85.3500,52
52985533055615,14:43:05.533,85.3500,2
52985533084454,14:43:05.533,85.3500,46
52985535533628,14:43:05.535,85.3500,29
52986108225923,14:43:06.108,85.3900,100
52986108799779,14:43:06.108,85.4000,100
52986110617152,14:43:06.110,85.3900,100
52986110617152,14:43:06.110,85.3900,29
53071929384857,14:44:31.929,85.5500,50
53071929386200,14:44:31.929,85.5500,40
53071929433971,14:44:31.929,85.5500,10
53125967878431,14:45:25.967,85.6800,56
53171424455805,14:46:11.424,85.6800,100
53171424624926,14:46:11.424,85.6000,5
53171424624926,14:46:11.424,85.5400,95
53188513217545,14:46:28.513,85.5800,800
53188513493293,14:46:28.513,85.5400,78
53188513509053,14:46:28.513,85.5400,22
53188515340946,14:46:28.515,85.6600,100
53188515340946,14:46:28.515,85.6800,100
53216232014936,14:46:56.232,85.6800,34
53216232078071,14:46:56.232,85.6900,100
53216232118136,14:46:56.232,85.6900,71
53216232120212,14:46:56.232,85.6900,29
53262540999908,14:47:42.540,85.8200,100
53290373034429,14:48:10.373,85.8400,100
53290373034429,14:48:10.373,85.8500,100
53290373116050,14:48:10.373,85.8500,100
53291015364629,14:48:11.015,85.8700,100
53292312452328,14:48:12.312,85.8300,6
53292312510578,14:48:12.312,85.8300,18
53292333032240,14:48:12.333,85.8300,100
53302917987506,14:48:22.917,85.7700,100
53302918041954,14:48:22.918,85.7700,100
53302919746733,14:48:22.919,85.7600,100
53302919827390,14:48:22.919,85.7500,100
53310395273463,14:48:30.395,85.7400,100
53310395471297,14:48:30.395,85.7200,3
53310395471297,14:48:30.395,85.7100,97
53310402608734,14:48:30.402,85.7000,100
53310408998781,14:48:30.408,85.6800,20
53446811756267,14:50:46.811,85.7200,10
53446811756267,14:50:46.811,85.6800,100
53446811756267,14:50:46.811,85.6800,90
53446811785814,14:50:46.811,85.6800,10
53446811813287,14:50:46.811,85.6700,5
53446812012260,14:50:46.812,85.6600,20
53446812013846,14:50:46.812,85.6500,15
53446812043688,14:50:46.812,85.6500,5
53466547783665,14:51:06.547,85.6400,10
53466547783665,14:51:06.547,85.6400,10
53466547783665,14:51:06.547,85.6300,80
53466547904745,14:51:06.547,85.6300,20
53470328337870,14:51:10.328,85.6300,100
53470328337870,14:51:10.328,85.6300,100
53497188041462,14:51:37.188,85.6300,100
53503576329382,14:51:43.576,85.6100,1
53503576344988,14:51:43.576,85.6000,1
53503576344988,14:51:43.576,85.6000,4
53503576423245,14:51:43.576,85.5900,5
53503578587106,14:51:43.578,85.6000,100
53509444427957,14:51:49.444,85.6400,26
53509444427957,14:51:49.444,85.6400,100
53509444427957,14:51:49.444,85.6400,74
53509444456013,14:51:49.444,85.6400,26
53509446099765,14:51:49.446,85.7600,10
53531971780107,14:52:11.971,85.7800,100
53542058170181,14:52:22.058,85.8100,100
53542060907888,14:52:22.060,85.8600,55
53542060938265,14:52:22.060,85.8600,45
53751953776353,14:55:51.953,85.8700,5
53751953815074,14:55:51.953,85.8100,95
53820313329297,14:57:00.313,85.9500,100
53820313329297,14:57:00.313,85.9500,100
53820313329297,14:57:00.313,85.9500,19
53820314406339,14:57:00.314,85.9500,100
53820316070917,14:57:00.316,85.9500,100
53821152138038,14:57:01.152,85.9600,100
53824938956667,14:57:04.938,85.9700,23
53920302754092,14:58:40.302,85.9200,6
53923381494752,14:58:43.381,85.9200,12
53923381694753,14:58:43.381,85.9200,12
53944893262319,14:59:04.893,85.9800,1
53972147204197,14:59:32.147,85.9400,100
53972607359141,14:59:32.607,85.9800,4
53994954093850,14:59:54.954,85.9200,100
53994954093850,14:59:54.954,85.9100,100
53995081697524,14:59:55.081,85.9800,100
53995081770141,14:59:55.081,85.9800,100
54050312624425,15:00:50.312,86.0400,100
54050313079325,15:00:50.313,86.0700,100
54053303765750,15:00:53.303,85.9800,10
54181616287029,15:03:01.616,86.0200,100
54212713095116,15:03:32.713,86.0400,100
54244115716362,15:04:04.115,85.9900,100
54244115716362,15:04:04.115,85.9900,20
54244115716362,15:04:04.115,85.9900,80
54244115769642,15:04:04.115,85.9900,20
54244115844423,15:04:04.115,85.9800,52
54244116162117,15:04:04.116,85.9800,48
54244116565215,15:04:04.116,85.9400,5
54244116565215,15:04:04.116,85.9400,100
54244117308138,15:04:04.117,85.9300,5
54244117308138,15:04:04.117,85.9300,43
54244119797260,15:04:04.119,85.9200,5
54244122124732,15:04:04.122,85.9000,5
54246020794098,15:04:06.020,85.9600,40
54246020824979,15:04:06.020,85.9600,60
54246020824979,15:04:06.020,85.9600,100
54246020824979,15:04:06.020,85.9600,4
54246021648317,15:04:06.021,85.9700,100
54399821902224,15:06:39.821,85.9200,23
54483500180248,15:08:03.500,85.9500,100
54600394249131,15:10:00.394,85.9000,95
54600394249131,15:10:00.394,85.9000,17
54600394249131,15:10:00.394,85.9000,100
54600394249131,15:10:00.394,85.9000,3
54600394483897,15:10:00.394,85.8900,1
54600394487373,15:10:00.394,85.8800,1
54600394490363,15:10:00.394,85.8700,2
54600394492813,15:10:00.394,85.8600,2
54600394493336,15:10:00.394,85.8500,57
54600424704900,15:10:00.424,85.8500,43
54600426258886,15:10:00.426,85.8600,100
54600426448918,15:10:00.426,85.9000,100
54642951749878,15:10:42.951,85.8800,9
54642951749878,15:10:42.951,85.8800,20
54642951749878,15:10:42.951,85.8800,71
54642951800867,15:10:42.951,85.8800,29
54642952328715,15:10:42.952,85.8600,18
54643466686037,15:10:43.466,85.8600,82
54643466686037,15:10:43.466,85.8600,100
54670861769321,15:11:10.861,85.9000,100
54689046197265,15:11:29.046,85.9000,19
54689047944378,15:11:29.047,85.9100,15
54689050003740,15:11:29.050,85.9300,48
54689050550954,15:11:29.050,85.9400,50
54689050550954,15:11:29.050,85.9400,50
54689050552571,15:11:29.050,85.9400,50
54689051860289,15:11:29.051,85.9800,100
54689073402146,15:11:29.073,85.9400,100
54807011130029,15:13:27.011,85.9000,100
54807639329833,15:13:27.639,85.9000,50
54876799548353,15:14:36.799,85.8600,6
54921811430549,15:15:21.811,85.9000,100
54921811430549,15:15:21.811,85.9000,32
54921812915925,15:15:21.812,85.9200,100
54948516371365,15:15:48.516,85.9500,100
54948516475960,15:15:48.516,85.9500,100
54969219883129,15:16:09.219,85.9200,100
54969330828289,15:16:09.330,85.9200,10
55023680777109,15:17:03.680,85.9900,100
55028652875795,15:17:08.652,85.9900,100
55052020646843,15:17:32.020,85.9000,100
55052021191518,15:17:32.021,85.8900,2
55052025109999,15:17:32.025,85.8900,98
55062621473511,15:17:42.621,85.8500,2
55063291686324,15:17:43.291,85.8800,100
55099699051468,15:18:19.699,85.9100,100
55099699053327,15:18:19.699,85.9100,19
55099699710201,15:18:19.699,85.9300,100
55175134230212,15:19:35.134,85.9100,100
55296947016603,15:21:36.947,85.9350,100
55307140839801,15:21:47.140,85.9100,5
55307140839801,15:21:47.140,85.8800,57
55307140839801,15:21:47.140,85.8800,20
55324578798210,15:22:04.578,85.8000,2
55324578798210,15:22:04.578,85.8000,20
55335733702690,15:22:15.733,85.7900,89
55336403239325,15:22:16.403,85.7900,11
55336403605413,15:22:16.403,85.7800,10
55342661085174,15:22:22.661,85.7600,6
55342661126677,15:22:22.661,85.7600,12
55342661213194,15:22:22.661,85.7600,6
55342662758329,15:22:22.662,85.7600,176
55342662758329,15:22:22.662,85.7600,1
55342663149976,15:22:22.663,85.7200,2
55342663149976,15:22:22.663,85.7100,6
55342663149976,15:22:22.663,85.7100,4
55342663149976,15:22:22.663,85.7000,5
55420309508199,15:23:40.309,85.6700,22
55439650687655,15:23:59.650,85.6600,5
55448718604052,15:24:08.718,85.6100,100
55449133124627,15:24:09.133,85.6400,100
55449133149395,15:24:09.133,85.6400,100
55449133211978,15:24:09.133,85.6500,100
55457918205941,15:24:17.918,85.6500,100
55457918207229,15:24:17.918,85.6500,19
55457919052457,15:24:17.919,85.6800,100
55457919052457,15:24:17.919,85.6800,19
55460068956892,15:24:20.068,85.6600,100
55460256619960,15:24:20.256,85.7100,100
55590854933844,15:26:30.854,85.6900,5
55637545152464,15:27:17.545,85.6550,100
55647549326925,15:27:27.549,85.6100,100
55647549326925,15:27:27.549,85.6100,100
55647549389376,15:27:27.549,85.6100,100
55647549594486,15:27:27.549,85.6000,50
55647549621231,15:27:27.549,85.6000,50
55647552904705,15:27:27.552,85.6000,34
55653161683285,15:27:33.161,85.5900,100
55653161683285,15:27:33.161,85.5900,100
55693461972548,15:28:13.461,85.6000,100
55693461972548,15:28:13.461,85.6100,80
55693462061399,15:28:13.462,85.6100,20
55693462061399,15:28:13.462,85.6100,100
55693462061399,15:28:13.462,85.6100,66
55693462348866,15:28:13.462,85.6100,100
55698644339843,15:28:18.644,85.5900,100
55698644491357,15:28:18.644,85.5900,100
55698682264500,15:28:18.682,85.5300,20
55698682264500,15:28:18.682,85.5300,80
55698682303339,15:28:18.682,85.5300,20
55698682380073,15:28:18.682,85.5300,100
55698682380073,15:28:18.682,85.5300,100
55698682477769,15:28:18.682,85.5700,8
55698682570226,15:28:18.682,85.5700,92
55734264631742,15:28:54.264,85.5100,5
55748079623356,15:29:08.079,85.4500,100
55748079647652,15:29:08.079,85.4500,100
55748079690030,15:29:08.079,85.4400,100
55762682843296,15:29:22.682,85.3700,100
55762687810571,15:29:22.687,85.3500,100
55762690558179,15:29:22.690,85.4000,100
55762690558179,15:29:22.690,85.4100,100
55764886588644,15:29:24.886,85.4100,100
55772690880858,15:29:32.690,85.4000,100
55772745821253,15:29:32.745,85.4100,100
55774345281657,15:29:34.345,85.4100,100
55791370390711,15:29:51.370,85.4400,1
55823865969637,15:30:23.865,85.3500,10
55823877723297,15:30:23.877,85.4000,100
55823877723297,15:30:23.877,85.4100,100
55826408464007,15:30:26.408,85.3600,100
55826410662791,15:30:26.410,85.3500,100
55826423969658,15:30:26.423,85.3600,49
55826423994210,15:30:26.423,85.3600,151
55826423994210,15:30:26.423,85.3600,100
55826424642629,15:30:26.424,85.3700,100
55827107430031,15:30:27.107,85.4100,100
55827107430031,15:30:27.107,85.4100,100
55827164962586,15:30:27.164,85.4300,12
55827164962586,15:30:27.164,85.4300,19
55827164962586,15:30:27.164,85.4300,69
55827165039618,15:30:27.165,85.4300,100
55827165045595,15:30:27.165,85.4400,100
55827165070139,15:30:27.165,85.4400,99
55827165825701,15:30:27.165,85.4500,100
55827165825701,15:30:27.165,85.4500,100
55829643715713,15:30:29.643,85.4400,100
55829643715713,15:30:29.643,85.4400,100
55835041974316,15:30:35.041,85.4500,100
55835419558930,15:30:35.419,85.4500,100
55933767919114,15:32:13.767,85.4000,20
55933767919114,15:32:13.767,85.4000,5
55933768294797,15:32:13.768,85.4000,100
55933768729752,15:32:13.768,85.3900,100
55933768793204,15:32:13.768,85.3900,100
55933770318629,15:32:13.770,85.3800,100
55933918131925,15:32:13.918,85.4000,100
55933918131925,15:32:13.918,85.4100,100
55933918131925,15:32:13.918,85.4100,100
55943920857786,15:32:23.920,85.4000,100
55943920857786,15:32:23.920,85.4000,100
55943920857786,15:32:23.920,85.4000,100
55943921139359,15:32:23.921,85.4100,100
55943921139359,15:32:23.921,85.4100,10
55959139140846,15:32:39.139,85.4600,100
55959140095926,15:32:39.140,85.4700,100
55959149204323,15:32:39.149,85.4400,50
56040186872471,15:34:00.186,85.4900,100
56040186876558,15:34:00.186,85.4900,5
56041131906614,15:34:01.131,85.4800,74
56041131906614,15:34:01.131,85.4800,26
56043747171162,15:34:03.747,85.4800,74
56043747171162,15:34:03.747,85.4800,100
56045010227049,15:34:05.010,85.4700,100
56045010311325,15:34:05.010,85.4600,100
56045010906810,15:34:05.010,85.4600,100
56045179208578,15:34:05.179,85.4700,100
56045179579461,15:34:05.179,85.4700,100
56045179922369,15:34:05.179,85.4700,100
56045366410359,15:34:05.366,85.4600,100
56046413848755,15:34:06.413,85.4500,100
56046413848755,15:34:06.413,85.4500,100
56046413848755,15:34:06.413,85.4500,1
56046466335483,15:34:06.466,85.4500,100
56046466335483,15:34:06.466,85.4500,100
56047750188146,15:34:07.750,85.4500,100
56047750212983,15:34:07.750,85.4500,100
56094311824237,15:34:54.311,85.4200,40
56094311859913,15:34:54.311,85.4200,160
56094311859913,15:34:54.311,85.4200,100
56167243512938,15:36:07.243,85.3500,22
56183960574305,15:36:23.960,85.3500,78
56183960574305,15:36:23.960,85.3500,22
56197957166385,15:36:37.957,85.3500,78
56197957166385,15:36:37.957,85.3500,22
56197980550871,15:36:37.980,85.3500,78
56197980550871,15:36:37.980,85.3500,100
56197980550871,15:36:37.980,85.3500,22
56197980579614,15:36:37.980,85.3500,71
56197980673471,15:36:37.980,85.3500,100
56197981045653,15:36:37.981,85.3500,100
56197981431386,15:36:37.981,85.3400,100
56197981653745,15:36:37.981,85.3300,54
56197983417726,15:36:37.983,85.3600,100
56213078384050,15:36:53.078,85.3200,11
56225435525790,15:37:05.435,85.3100,100
56265394372797,15:37:45.394,85.2600,11
56268830092931,15:37:48.830,85.2600,89
56268830092931,15:37:48.830,85.2600,11
56276655507598,15:37:56.655,85.2000,100
56286830364780,15:38:06.830,85.1900,16
56286830364780,15:38:06.830,85.1900,100
56286830364780,15:38:06.830,85.1900,100
56286830364780,15:38:06.830,85.1900,19
56286830364780,15:38:06.830,85.1900,100
56286830364780,15:38:06.830,85.1900,19
56286830443372,15:38:06.830,85.2000,90
56286830649923,15:38:06.830,85.2000,10
56286830654899,15:38:06.830,85.2000,40
56286831729293,15:38:06.831,85.2100,55
56286831754695,15:38:06.831,85.2100,45
56288561208387,15:38:08.561,85.2200,100
56288562892287,15:38:08.562,85.2300,100
56298538491694,15:38:18.538,85.2400,100
56327719054665,15:38:47.719,85.2700,100
56333899634491,15:38:53.899,85.2400,100
56351436245128,15:39:11.436,85.2600,10
56355127884242,15:39:15.127,85.2100,100
56355127884242,15:39:15.127,85.2100,20
56425442158482,15:40:25.442,85.1900,100
56435449826247,15:40:35.449,85.1500,50
56435449827484,15:40:35.449,85.1500,50
56435449829624,15:40:35.449,85.1500,100
56435449838357,15:40:35.449,85.1500,50
56435449884043,15:40:35.449,85.1500,50
56435690749988,15:40:35.690,85.1400,100
56436497827452,15:40:36.497,85.1200,10
56436497854892,15:40:36.497,85.1200,90
56440011624468,15:40:40.011,85.1000,13
56442949610044,15:40:42.949,85.1400,100
56442949628976,15:40:42.949,85.1400,100
56442949663650,15:40:42.949,85.1400,100
56442949663650,15:40:42.949,85.1400,100
56442949664514,15:40:42.949,85.1400,100
56442949668231,15:40:42.949,85.1400,100
56442949673440,15:40:42.949,85.1500,74
56442949729192,15:40:42.949,85.1500,26
56442951517655,15:40:42.951,85.1600,100
56442954228436,15:40:42.954,85.1600,100
56455431896247,15:40:55.431,85.1700,100
56455431896247,15:40:55.431,85.1700,100
56455432451755,15:40:55.432,85.1900,100
56455432680603,15:40:55.432,85.1900,100
56455513102893,15:40:55.513,85.1900,100
56474349047099,15:41:14.349,85.2200,12
56474349047099,15:41:14.349,85.2300,88
56474349135500,15:41:14.349,85.2300,12
56474349135500,15:41:14.349,85.2300,68
56474349174774,15:41:14.349,85.2300,32
56474349821327,15:41:14.349,85.2200,100
56475343779136,15:41:15.343,85.1600,12
56475344104654,15:41:15.344,85.1600,24
56475349010203,15:41:15.349,85.1600,9
56477724653374,15:41:17.724,85.2200,100
56480470302356,15:41:20.470,85.1400,12
56480471670983,15:41:20.471,85.1400,12
56480471671472,15:41:20.471,85.1400,5
56518827285845,15:41:58.827,85.1800,13
56520596801460,15:42:00.596,85.1300,100
56520597911255,15:42:00.597,85.1300,100
56520599207934,15:42:00.599,85.1300,100
56523415080632,15:42:03.415,85.1400,100
56523415080632,15:42:03.415,85.1400,100
56523415080632,15:42:03.415,85.1500,51
56523415083088,15:42:03.415,85.1500,49
56523422920199,15:42:03.422,85.1700,100
56524018959727,15:42:04.018,85.1600,100
56558673884471,15:42:38.673,85.1200,100
56558673959299,15:42:38.673,85.1100,100
56558754296124,15:42:38.754,85.1400,100
56561415931173,15:42:41.415,85.1100,100
56572580588213,15:42:52.580,85.1300,53
56578088532048,15:42:58.088,85.1300,47
56578088532048,15:42:58.088,85.1300,53
56580138313352,15:43:00.138,85.1300,47
56580138313352,15:43:00.138,85.1300,53
56580138623941,15:43:00.138,85.1300,47
56580138623941,15:43:00.138,85.1300,10
56580138626366,15:43:00.138,85.1300,10
56580138626366,15:43:00.138,85.1300,90
56580138666156,15:43:00.138,85.1300,10
56580138666156,15:43:00.138,85.1300,41
56580138994515,15:43:00.138,85.1300,59
56580138994515,15:43:00.138,85.1300,100
56580138994515,15:43:00.138,85.1300,51
56580139053326,15:43:00.139,85.1300,100
56580139176562,15:43:00.139,85.1300,100
56580139185322,15:43:00.139,85.1300,49
56580219500765,15:43:00.219,85.1500,100
56581542556330,15:43:01.542,85.1900,100
56646685557090,15:44:06.685,85.2600,100
56661055410993,15:44:21.055,85.2300,12
56666946793744,15:44:26.946,85.2200,100
56666946793744,15:44:26.946,85.2200,100
56666948293143,15:44:26.948,85.2100,100
56666973036428,15:44:26.973,85.2200,100
56669044977553,15:44:29.044,85.2000,50
56669045003663,15:44:29.045,85.2000,50
56669045003663,15:44:29.045,85.2000,100
56669045005264,15:44:29.045,85.2000,100
56681284121365,15:44:41.284,85.1900,100
56681338142651,15:44:41.338,85.2100,100
56681338142651,15:44:41.338,85.2100,100
56692693228585,15:44:52.693,85.1600,100
56700186244586,15:45:00.186,85.1800,90
56723691530828,15:45:23.691,85.1400,11
56750565274004,15:45:50.565,85.1600,11
56760566214856,15:46:00.566,85.1800,10
56760566214856,15:46:00.566,85.1800,30
56760566214856,15:46:00.566,85.1800,60
56760566274719,15:46:00.566,85.1800,40
56760566274719,15:46:00.566,85.1800,60
56760566325621,15:46:00.566,85.1800,40
56760566325621,15:46:00.566,85.1800,100
56760566325621,15:46:00.566,85.1800,100
56760566325621,15:46:00.566,85.1800,90
56760566448395,15:46:00.566,85.1800,90
56760566455799,15:46:00.566,85.1800,10
56760566455799,15:46:00.566,85.1800,40
56760566474898,15:46:00.566,85.1800,10
56760566539404,15:46:00.566,85.1800,90
56760566539404,15:46:00.566,85.1800,100
56760566540119,15:46:00.566,85.1800,100
56760566540642,15:46:00.566,85.1800,70
56760570785889,15:46:00.570,85.1800,12
56760656762776,15:46:00.656,85.2000,24
56760656762776,15:46:00.656,85.2000,176
56760657216618,15:46:00.657,85.2000,2
56760657216618,15:46:00.657,85.2000,98
56762380255947,15:46:02.380,85.2000,2
56762380255947,15:46:02.380,85.2000,98
56762380291633,15:46:02.380,85.2000,2
56762380476480,15:46:02.380,85.2000,100
56762380786003,15:46:02.380,85.2000,100
56765625104186,15:46:05.625,85.2000,100
56771419907802,15:46:11.419,85.1500,100
56771419907802,15:46:11.419,85.1500,100
56771562753860,15:46:11.562,85.1800,80
56772761512909,15:46:12.761,85.2000,18
56772762652306,15:46:12.762,85.2100,100
56777761903656,15:46:17.761,85.2100,10
56777761903656,15:46:17.761,85.2100,90
56841534729267,15:47:21.534,85.1900,100
56843700689053,15:47:23.700,85.1600,100
56843700689053,15:47:23.700,85.1600,20
56843700689053,15:47:23.700,85.1600,80
56852666558465,15:47:32.666,85.1600,20
56852666558465,15:47:32.666,85.1600,80
56852666595122,15:47:32.666,85.1600,20
56852666598551,15:47:32.666,85.1500,99
56852666659221,15:47:32.666,85.1500,1
56852666659221,15:47:32.666,85.1500,100
56863651138315,15:47:43.651,85.1100,100
56863651852110,15:47:43.651,85.1000,100
56868895748685,15:47:48.895,85.0800,100
56868895748685,15:47:48.895,85.0800,100
56868896202213,15:47:48.896,85.0800,100
56874387152202,15:47:54.387,85.0600,100
56874669384586,15:47:54.669,85.0400,100
56874669384586,15:47:54.669,85.0300,100
56874669384586,15:47:54.669,85.0300,100
56875869909389,15:47:55.869,85.0300,100
56875869909389,15:47:55.869,85.0300,6
56875869909389,15:47:55.869,85.0300,94
56879713460659,15:47:59.713,85.0100,75
56879713537015,15:47:59.713,85.0100,25
56884890260290,15:48:04.890,85.0000,100
56885822822387,15:48:05.822,85.0200,100
56887000251920,15:48:07.000,85.0000,100
56887000793486,15:48:07.000,85.0000,100
56889711595022,15:48:09.711,84.9800,1
56889711595022,15:48:09.711,84.9800,100
56889720930961,15:48:09.720,84.9700,5
56889720930961,15:48:09.720,84.9600,5
56889720930961,15:48:09.720,84.9500,1
56889720930961,15:48:09.720,84.9400,5
56890475756738,15:48:10.475,84.9600,100
56890475822250,15:48:10.475,84.9600,75
56890475896169,15:48:10.475,84.9600,25
56890476722264,15:48:10.476,84.9700,100
56892892959979,15:48:12.892,84.9700,100
56892892959979,15:48:12.892,84.9700,100
56892892959979,15:48:12.892,84.9700,100
56892892959979,15:48:12.892,84.9700,100
56892892959979,15:48:12.892,84.9700,300
56892893923647,15:48:12.893,85.0000,90
56893077556148,15:48:13.077,84.9700,18
56897144408921,15:48:17.144,84.9700,12
56933362658928,15:48:53.362,85.0000,10
56933362658928,15:48:53.362,85.0000,100
56933362658928,15:48:53.362,85.0000,19
56933362658928,15:48:53.362,85.0000,471
56933362903358,15:48:53.362,85.0000,100
56933362906145,15:48:53.362,85.0000,100
56933363043087,15:48:53.363,85.0000,100
56933363756722,15:48:53.363,85.0000,100
56933363979825,15:48:53.363,85.0000,100
56933379299299,15:48:53.379,85.0000,17
56962261568630,15:49:22.261,85.0100,100
56980529098224,15:49:40.529,84.9900,100
56980529102347,15:49:40.529,84.9900,100
56980806753153,15:49:40.806,84.9900,100
56980806753153,15:49:40.806,84.9900,200
56980807291852,15:49:40.807,85.0100,32
56980807291852,15:49:40.807,85.0100,68
56980807296678,15:49:40.807,85.0100,32
56980807296678,15:49:40.807,85.0100,68
56980807327642,15:49:40.807,85.0100,32
56980807470995,15:49:40.807,85.0100,100
56987804184137,15:49:47.804,85.0000,100
56987804425796,15:49:47.804,85.0100,100
56987804425796,15:49:47.804,85.0100,18
56994031765965,15:49:54.031,85.0100,82
56994031866340,15:49:54.031,85.0100,18
57004668411814,15:50:04.668,85.0000,100
57006421696065,15:50:06.421,84.9950,100
57006421696065,15:50:06.421,84.9950,100
57010354907818,15:50:10.354,85.0000,100
57011524963861,15:50:11.524,85.0000,100
57013322957532,15:50:13.322,84.9950,100
57013328659017,15:50:13.328,84.9950,100
57038710271940,15:50:38.710,84.9950,100
57038710271940,15:50:38.710,84.9950,100
57038710271940,15:50:38.710,84.9800,100
57038911915707,15:50:38.911,85.0000,100
57038912083908,15:50:38.912,85.0000,100
57038912191690,15:50:38.912,85.0000,100
57038912325060,15:50:38.912,85.0000,100
57038912325060,15:50:38.912,85.0000,100
57038912325060,15:50:38.912,85.0000,100
57038912439207,15:50:38.912,85.0000,100
57038912505487,15:50:38.912,85.0000,100
57038912875563,15:50:38.912,85.0100,90
57038912910223,15:50:38.912,85.0100,10
57038913311388,15:50:38.913,85.0100,100
57087397597967,15:51:27.397,85.0050,100
57087397597967,15:51:27.397,85.0000,100
57087397597967,15:51:27.397,85.0000,100
57095509515915,15:51:35.509,85.0000,53
57095509515915,15:51:35.509,85.0000,47
57095510420957,15:51:35.510,85.0000,100
57095511746112,15:51:35.511,85.0000,553
57095511746112,15:51:35.511,85.0000,100
57095511770033,15:51:35.511,85.0000,5
57095511770033,15:51:35.511,85.0000,100
57095511770033,15:51:35.511,85.0000,200
57095511787816,15:51:35.511,84.9900,100
57095535310771,15:51:35.535,84.9900,100
57095751317703,15:51:35.751,84.9900,100
57095824780840,15:51:35.824,85.0000,100
57096425692499,15:51:36.425,84.9950,100
57096425692499,15:51:36.425,84.9950,200
57113398840505,15:51:53.398,84.9950,100
57123717419481,15:52:03.717,84.9950,100
57123717419481,15:52:03.717,84.9800,100
57123717419481,15:52:03.717,84.9800,100
57124310635122,15:52:04.310,84.9800,100
57124939836526,15:52:04.939,84.9900,100
57124939836526,15:52:04.939,84.9900,200
57124939836526,15:52:04.939,84.9900,100
57124940032943,15:52:04.940,84.9900,100
57125831938348,15:52:05.831,84.9900,100
57125831938348,15:52:05.831,84.9900,100
57125831938348,15:52:05.831,84.9900,100
57125831938348,15:52:05.831,84.9900,300
57126055777804,15:52:06.055,84.9800,47
57126055777804,15:52:06.055,84.9800,1
57129085764887,15:52:09.085,84.9900,23
57133371945117,15:52:13.371,84.9700,100
57133371945117,15:52:13.371,84.9700,100
57133372768649,15:52:13.372,84.9600,100
57137644939973,15:52:17.644,84.9500,38
57137645676828,15:52:17.645,84.9200,10
57137645676828,15:52:17.645,84.9200,100
57137646876165,15:52:17.646,84.9200,100
57137646892707,15:52:17.646,84.9200,23
57137647054157,15:52:17.647,84.9200,100
57137726612384,15:52:17.726,84.9100,1
57137726612384,15:52:17.726,84.9100,4
57139371585268,15:52:19.371,84.9000,10
57145797977610,15:52:25.797,84.8900,20
57146232615152,15:52:26.232,84.8800,1
57146232615152,15:52:26.232,84.8800,94
57146799920652,15:52:26.799,84.8800,6
57146799920652,15:52:26.799,84.8800,94
57147247414845,15:52:27.247,84.8900,100
57147250105183,15:52:27.250,84.8900,100
57153732244328,15:52:33.732,84.8900,100
57169272587969,15:52:49.272,84.8900,64
57170473452398,15:52:50.473,84.8900,36
57170473452398,15:52:50.473,84.8900,100
57170473517614,15:52:50.473,84.8900,100
57170473629672,15:52:50.473,84.8900,100
57170473629672,15:52:50.473,84.8900,100
57170475861340,15:52:50.475,84.8900,100
57170490482865,15:52:50.490,84.8900,100
57171901464189,15:52:51.901,84.8800,6
57171901464189,15:52:51.901,84.8800,7
57175194731028,15:52:55.194,84.8700,100
57175195237035,15:52:55.195,84.8800,100
57175247781398,15:52:55.247,84.8800,100
57175370481212,15:52:55.370,84.8800,100
57175370481212,15:52:55.370,84.8800,100
57175370634075,15:52:55.370,84.8800,100
57175370634075,15:52:55.370,84.8800,100
57176114732910,15:52:56.114,84.8800,100
57176114870117,15:52:56.114,84.8800,100
57176114870117,15:52:56.114,84.8800,100
57177296009917,15:52:57.296,84.8800,100
57177296158926,15:52:57.296,84.8800,100
57177296158926,15:52:57.296,84.8800,100
57177652446613,15:52:57.652,84.8700,100
57177653997290,15:52:57.653,84.8700,100
57177653997290,15:52:57.653,84.8700,100
57177654039865,15:52:57.654,84.8700,100
57177654063338,15:52:57.654,84.8700,100
57177654279004,15:52:57.654,84.8700,100
57177654413234,15:52:57.654,84.8700,100
57177654465997,15:52:57.654,84.8700,100
57177654567671,15:52:57.654,84.8700,100
57177655152792,15:52:57.655,84.8700,100
57178248314746,15:52:58.248,84.8700,70
57180097165221,15:53:00.097,84.8700,30
57180097165221,15:53:00.097,84.8700,70
57180097205191,15:53:00.097,84.8700,30
57180132899804,15:53:00.132,84.8700,90
57180934316242,15:53:00.934,84.8700,10
57180934316242,15:53:00.934,84.8700,100
57180934316242,15:53:00.934,84.8700,50
57180934316242,15:53:00.934,84.8700,40
57180937810293,15:53:00.937,84.8600,10
57180959460302,15:53:00.959,84.8700,100
57181621061592,15:53:01.621,84.8700,11
57182248104939,15:53:02.248,84.8700,89
57182248104939,15:53:02.248,84.8700,11
57182248147303,15:53:02.248,84.8700,70
57183790069122,15:53:03.790,84.8700,19
57183790069122,15:53:03.790,84.8700,81
57183790094628,15:53:03.790,84.8700,19
57185935339381,15:53:05.935,84.8700,100
57185938809797,15:53:05.938,84.8700,100
57191333621843,15:53:11.333,84.8700,100
57191333621843,15:53:11.333,84.8700,100
57191333705755,15:53:11.333,84.8700,52
57191339595374,15:53:11.339,84.8700,48
57191339595374,15:53:11.339,84.8700,100
57191339595374,15:53:11.339,84.8700,100
57191339595374,15:53:11.339,84.8700,52
57191340296204,15:53:11.340,84.8700,100
57191391874609,15:53:11.391,84.8700,100
57191421872870,15:53:11.421,84.8700,100
57193616353531,15:53:13.616,84.8500,10
57193873250529,15:53:13.873,84.8700,100
57193873250529,15:53:13.873,84.8700,81
57193880068020,15:53:13.880,84.8700,119
57196455631905,15:53:16.455,84.8700,100
57196633106706,15:53:16.633,84.8700,81
57199431919724,15:53:19.431,84.9400,100
57247143067333,15:54:07.143,84.9100,7
57247143523205,15:54:07.143,84.9100,9
57247143625979,15:54:07.143,84.9100,20
57247144112933,15:54:07.144,84.9100,64
57247144112933,15:54:07.144,84.9100,36
57247144370473,15:54:07.144,84.9100,64
57247144370473,15:54:07.144,84.9100,100
57247144370473,15:54:07.144,84.9100,36
57247144410762,15:54:07.144,84.9100,64
57247148532561,15:54:07.148,84.9000,3
57247247261616,15:54:07.247,84.9200,100
57247537249694,15:54:07.537,84.9100,100
57247537314112,15:54:07.537,84.9200,113
57248948814804,15:54:08.948,84.9300,36
57248949168708,15:54:08.949,84.9300,64
57248949168708,15:54:08.949,84.9300,36
57248949229386,15:54:08.949,84.9300,64
57248949307466,15:54:08.949,84.9300,100
57248949476566,15:54:08.949,84.9300,100
57250119903758,15:54:10.119,84.9300,100
57250120080262,15:54:10.120,84.9300,100
57250247408026,15:54:10.247,84.9300,100
57250507965241,15:54:10.507,84.9100,8
57250508188393,15:54:10.508,84.9100,4
57250508699556,15:54:10.508,84.9100,9
57250508911144,15:54:10.508,84.9100,1
57250511785217,15:54:10.511,84.9100,48
57250583546542,15:54:10.583,84.9100,30
57251556393520,15:54:11.556,84.9300,22
57253442078570,15:54:13.442,84.9400,100
57253442078570,15:54:13.442,84.9400,22
57253442116583,15:54:13.442,84.9400,100
57253444270023,15:54:13.444,84.9500,100
57270833384341,15:54:30.833,85.0000,100
57270833384341,15:54:30.833,85.0000,100
57273949726551,15:54:33.949,85.0100,100
57274224167512,15:54:34.224,84.9800,100
57274224167512,15:54:34.224,84.9600,100
57274225044767,15:54:34.225,84.9500,100
57283441666778,15:54:43.441,84.9300,100
57283441723326,15:54:43.441,84.9300,100
57283442141096,15:54:43.442,84.9300,100
57283443301643,15:54:43.443,84.9300,100
57300233186438,15:55:00.233,84.8700,4
57300233186438,15:55:00.233,84.8400,100
57300233186438,15:55:00.233,84.8400,5
57300233186438,15:55:00.233,84.8300,100
57300234420351,15:55:00.234,84.8800,100
57300270716935,15:55:00.270,84.8400,100
57301070197341,15:55:01.070,84.8400,100
57302047549150,15:55:02.047,84.8400,100
57302047549150,15:55:02.047,84.8400,100
57303712190862,15:55:03.712,84.8550,100
57304403094339,15:55:04.403,84.8600,100
57304497835066,15:55:04.497,84.8500,100
57304678284159,15:55:04.678,84.8600,100
57304685551664,15:55:04.685,84.8600,100
57304724924525,15:55:04.724,84.8600,100
57304724924525,15:55:04.724,84.8700,376
57305040325057,15:55:05.040,84.8700,100
57305040767239,15:55:05.040,84.8700,100
57305844611855,15:55:05.844,84.8700,100
57306360480364,15:55:06.360,84.8700,100
57307874248574,15:55:07.874,84.8700,21
57307874248574,15:55:07.874,84.8700,79
57308247537220,15:55:08.247,84.8700,100
57309496245852,15:55:09.496,84.8700,21
57309496245852,15:55:09.496,84.8700,35
57309496245852,15:55:09.496,84.8700,100
57309496245852,15:55:09.496,84.8700,200
57309496245852,15:55:09.496,84.8700,8
57309496245852,15:55:09.496,84.8700,100
57309496245852,15:55:09.496,84.8700,7
57309496245852,15:55:09.496,84.8700,2
57309496245852,15:55:09.496,84.8700,100
57309496245852,15:55:09.496,84.8700,227
57309496325986,15:55:09.496,84.8700,26
57309496438286,15:55:09.496,84.8700,100
57309533138728,15:55:09.533,84.8900,100
57309706478457,15:55:09.706,84.8900,47
57309706478457,15:55:09.706,84.8900,53
57313199234501,15:55:13.199,84.8700,100
57313248354224,15:55:13.248,84.8900,7
57313248354224,15:55:13.248,84.8900,92
57329120877867,15:55:29.120,84.8500,100
57331724896989,15:55:31.724,84.8700,64
57331725209279,15:55:31.725,84.8700,36
57331725209279,15:55:31.725,84.8700,8
57331725209279,15:55:31.725,84.8700,60
57331725209279,15:55:31.725,84.8700,64
57331725630139,15:55:31.725,84.8700,36
57332015107707,15:55:32.015,84.8700,100
57332021800026,15:55:32.021,84.8700,100
57332022694188,15:55:32.022,84.8700,100
57332191635141,15:55:32.191,84.8600,20
57332191635141,15:55:32.191,84.8700,80
57334167559491,15:55:34.167,84.8500,100
57334167559491,15:55:34.167,84.8500,100
57334179836783,15:55:34.179,84.8500,100
57334621226347,15:55:34.621,84.8700,120
57334621226347,15:55:34.621,84.8700,80
57345247642042,15:55:45.247,84.8700,20
57345247642042,15:55:45.247,84.8700,12
57345247642042,15:55:45.247,84.8700,40
57345247642042,15:55:45.247,84.8700,24
57345247769688,15:55:45.247,84.8700,76
57345247769688,15:55:45.247,84.8700,175
57345247769688,15:55:45.247,84.8700,186
57345247769688,15:55:45.247,84.8700,12
57345247769688,15:55:45.247,84.8700,1
57345247769688,15:55:45.247,84.8700,64
57345247809396,15:55:45.247,84.8700,36
57345247809396,15:55:45.247,84.8700,64
57345248019732,15:55:45.248,84.8700,35
57362360668950,15:56:02.360,84.8800,100
57365127505557,15:56:05.127,84.8600,100
57365127505557,15:56:05.127,84.8600,100
57365127505557,15:56:05.127,84.8600,100
57365129781361,15:56:05.129,84.8500,52
57365238051389,15:56:05.238,84.8500,100
57365238051389,15:56:05.238,84.8600,100
57365238949234,15:56:05.238,84.8600,100
57365249661251,15:56:05.249,84.8500,48
57365249661251,15:56:05.249,84.8300,36
57367043667107,15:56:07.043,84.8600,120
57367043667107,15:56:07.043,84.8600,80
57367043759634,15:56:07.043,84.8600,5
57367044081576,15:56:07.044,84.8600,15
57367044081576,15:56:07.044,84.8600,85
57367190981503,15:56:07.190,84.8600,100
57367191153811,15:56:07.191,84.8600,15
57368508424038,15:56:08.508,84.8700,100
57368508499588,15:56:08.508,84.8700,100
57368508499588,15:56:08.508,84.8700,100
57368509319315,15:56:08.509,84.8700,100
57368556425355,15:56:08.556,84.8700,100
57368556425355,15:56:08.556,84.8700,20
57368556425355,15:56:08.556,84.8700,80
57368557119766,15:56:08.557,84.8700,20
57368736161527,15:56:08.736,84.8800,2
57369247736825,15:56:09.247,84.8700,96
57369759601188,15:56:09.759,84.8700,100
57369759604671,15:56:09.759,84.8700,56
57370158778603,15:56:10.158,84.8800,30
57370158779945,15:56:10.158,84.8800,30
57370158874284,15:56:10.158,84.8800,38
57372296427157,15:56:12.296,84.8600,15
57372591282410,15:56:12.591,84.8850,100
57381958061944,15:56:21.958,84.8650,100
57381999920671,15:56:21.999,84.8700,100
57382017831740,15:56:22.017,84.8800,13
57382017831740,15:56:22.017,84.8800,87
57384295699833,15:56:24.295,84.8600,15
57395177578592,15:56:35.177,84.8600,100
57395177578592,15:56:35.177,84.8600,100
57395177578592,15:56:35.177,84.8600,100
57395181029829,15:56:35.181,84.8550,100
57395182268794,15:56:35.182,84.8600,100
57395247363225,15:56:35.247,84.8700,60
57395247363225,15:56:35.247,84.8700,36
57395567041385,15:56:35.567,84.8700,64
57395567041385,15:56:35.567,84.8700,6
57395567041385,15:56:35.567,84.8700,100
57395567041385,15:56:35.567,84.8700,30
57395597849576,15:56:35.597,84.8700,70
57395597849576,15:56:35.597,84.8700,30
57396297831262,15:56:36.297,84.8400,15
57398316161091,15:56:38.316,84.8500,96
57398316216709,15:56:38.316,84.8500,100
57398316282936,15:56:38.316,84.8500,174
57398322216881,15:56:38.322,84.8500,100
57398357595402,15:56:38.357,84.8500,100
57398359220332,15:56:38.359,84.8500,100
57399248335136,15:56:39.248,84.8600,96
57399248363576,15:56:39.248,84.8600,4
57399248363576,15:56:39.248,84.8600,267
57399248363576,15:56:39.248,84.8600,20
57399249186255,15:56:39.249,84.8600,100
57399252337038,15:56:39.252,84.8700,100
57399252337038,15:56:39.252,84.8700,100
57408298931106,15:56:48.298,84.8700,15
57408502202483,15:56:48.502,84.8900,150
57408502202483,15:56:48.502,84.8900,50
57408812327857,15:56:48.812,84.8900,17
57419206181304,15:56:59.206,84.8800,1
57420299792730,15:57:00.299,84.8700,15
57420299821105,15:57:00.299,84.8700,14
57421808108415,15:57:01.808,84.8750,99
57423481696104,15:57:03.481,84.8800,70
57423481696104,15:57:03.481,84.8800,98
57423481696104,15:57:03.481,84.8800,9
57423481696104,15:57:03.481,84.8800,100
57423481696104,15:57:03.481,84.8800,100
57423481696104,15:57:03.481,84.8800,123
57423482149684,15:57:03.482,84.8800,100
57423486617710,15:57:03.486,84.8800,100
57423486617710,15:57:03.486,84.8800,99
57424249061137,15:57:04.249,84.8800,78
57424249061137,15:57:04.249,84.8800,18
57429329807892,15:57:09.329,84.8800,2
57429329807892,15:57:09.329,84.8800,148
57429329807892,15:57:09.329,84.8800,11
57429329807892,15:57:09.329,84.8800,100
57432301674649,15:57:12.301,84.8700,15
57437329663668,15:57:17.329,84.8700,38
57437330211535,15:57:17.330,84.8800,100
57437330211535,15:57:17.330,84.8800,100
57437331252175,15:57:17.331,84.8800,15
57437331252175,15:57:17.331,84.8800,81
57441176375448,15:57:21.176,84.8800,7
57444247315497,15:57:24.247,84.8800,12
57444247315497,15:57:24.247,84.8800,40
57444302951623,15:57:24.302,84.8700,3
57444302951623,15:57:24.302,84.8700,12
57444947714458,15:57:24.947,84.8800,20
57444947714458,15:57:24.947,84.8800,80
57451930825861,15:57:31.930,84.8700,1
57451930825861,15:57:31.930,84.8700,99
57451931080036,15:57:31.931,84.8700,1
57451931080036,15:57:31.931,84.8700,99
57451931097224,15:57:31.931,84.8700,1
57451931097224,15:57:31.931,84.8700,100
57451931097224,15:57:31.931,84.8700,100
57451931097224,15:57:31.931,84.8700,100
57451933236058,15:57:31.933,84.8700,10
57451934372275,15:57:31.934,84.8700,5
57451934372275,15:57:31.934,84.8700,91
57452370262353,15:57:32.370,84.8700,100
57452512774512,15:57:32.512,84.8700,100
57452876880706,15:57:32.876,84.8700,100
57457200881093,15:57:37.200,84.8700,100
57457207168126,15:57:37.207,84.8700,13
57457207168126,15:57:37.207,84.8700,100
57457207168126,15:57:37.207,84.8700,100
57457207168126,15:57:37.207,84.8700,67
57457207168126,15:57:37.207,84.8700,100
57457207168126,15:57:37.207,84.8700,15
57457248138250,15:57:37.248,84.8700,96
57457264026974,15:57:37.264,84.8700,4
57457264026974,15:57:37.264,84.8700,60
57457264026974,15:57:37.264,84.8700,85
57457828472503,15:57:37.828,84.8800,33
57457842292799,15:57:37.842,84.8800,132
57457848129275,15:57:37.848,84.8900,100
57457848129275,15:57:37.848,84.8900,20
57458045723217,15:57:38.045,84.8800,12
57458604558951,15:57:38.604,84.9200,69
57458604558951,15:57:38.604,84.9400,31
57459929152662,15:57:39.929,84.9500,13
57460187094083,15:57:40.187,84.9500,20
57460218279461,15:57:40.218,84.9500,80
57460219843079,15:57:40.219,84.9500,87
57469719253839,15:57:49.719,84.9100,100
57474992942120,15:57:54.992,84.9100,100
57474992942120,15:57:54.992,84.9100,100
57474992942120,15:57:54.992,84.9100,100
57474992942120,15:57:54.992,84.9100,19
57475750956749,15:57:55.750,84.9000,20
57475750956749,15:57:55.750,84.9000,80
57476146949867,15:57:56.146,84.8900,100
57476552328418,15:57:56.552,84.9100,100
57476552328418,15:57:56.552,84.9100,100
57476607701274,15:57:56.607,84.8900,48
57476613062505,15:57:56.613,84.8900,48
57476613086623,15:57:56.613,84.8900,1
57480305933118,15:58:00.305,84.8900,15
57482247659312,15:58:02.247,84.9100,96
57482248093799,15:58:02.248,84.9100,4
57482248093799,15:58:02.248,84.9100,92
57486559756472,15:58:06.559,84.9100,8
57486559756472,15:58:06.559,84.9100,14
57486559756472,15:58:06.559,84.9100,22
57486559855338,15:58:06.559,84.9100,1
57486560177092,15:58:06.560,84.9100,77
57486560177092,15:58:06.560,84.9100,93
57486560177972,15:58:06.560,84.9100,7
57486560177972,15:58:06.560,84.9100,93
57486560236042,15:58:06.560,84.9100,100
57486560245284,15:58:06.560,84.9100,100
57487496368411,15:58:07.496,84.9100,100
57492306866603,15:58:12.306,84.9100,15
57494243989564,15:58:14.243,84.9100,12
57503536887174,15:58:23.536,84.9400,24
57504315018211,15:58:24.315,84.9200,15
57509340138597,15:58:29.340,84.9500,86
57509340315142,15:58:29.340,84.9500,100
57509340386391,15:58:29.340,84.9500,1
57509340386391,15:58:29.340,84.9500,100
57509340635232,15:58:29.340,84.9500,96
57509340797810,15:58:29.340,84.9500,4
57509340797810,15:58:29.340,84.9500,96
57510247473296,15:58:30.247,84.9500,4
57510247473296,15:58:30.247,84.9500,92
57510489833866,15:58:30.489,84.9500,8
57510489833866,15:58:30.489,84.9500,36
57510497556599,15:58:30.497,84.9500,100
57516316239594,15:58:36.316,84.9200,15
57516334390522,15:58:36.334,84.9350,5
57526139604781,15:58:46.139,84.9350,95
57537269505027,15:58:57.269,84.9400,100
57537351005633,15:58:57.351,84.9500,45
57537351005633,15:58:57.351,84.9500,55
57537351032965,15:58:57.351,84.9500,45
57537351032965,15:58:57.351,84.9500,14
57537351172128,15:58:57.351,84.9500,100
57537364366734,15:58:57.364,84.9500,100
57537364366734,15:58:57.364,84.9400,30
57537364366734,15:58:57.364,84.9400,70
57539849797330,15:58:59.849,84.9600,32
57549843028864,15:59:09.843,84.9500,20
57549843028864,15:59:09.843,84.9500,80
57549843134514,15:59:09.843,84.9500,12
57549844046369,15:59:09.844,84.9500,8
57549844046369,15:59:09.844,84.9500,92
57549844168961,15:59:09.844,84.9500,8
57549844168961,15:59:09.844,84.9300,89
57549875662950,15:59:09.875,84.9250,3
57549875662950,15:59:09.875,84.9500,9
57549875662950,15:59:09.875,84.9500,10
57549876590885,15:59:09.876,84.9100,20
57550202861736,15:59:10.202,84.9500,5
57550202861736,15:59:10.202,84.9500,100
57550202861736,15:59:10.202,84.9500,203
57550202861736,15:59:10.202,84.9500,47
57550202861736,15:59:10.202,84.9500,23
57550203165193,15:59:10.203,84.9500,77
57550203165193,15:59:10.203,84.9500,23
57550247483238,15:59:10.247,84.9500,96
57551259273263,15:59:11.259,84.9400,77
57552900682663,15:59:12.900,84.9100,20
57555494004718,15:59:15.494,84.9100,9
57560201506848,15:59:20.201,84.9400,1
57560216285152,15:59:20.216,84.9200,100
57560227538859,15:59:20.227,84.9400,40
57560228674678,15:59:20.228,84.9400,77
57560228674678,15:59:20.228,84.9400,23
57560246326217,15:59:20.246,84.9200,100
57560246326217,15:59:20.246,84.9100,2
57560246326217,15:59:20.246,84.9100,198
57560494579348,15:59:20.494,84.9000,9
57565495451518,15:59:25.495,84.9000,9
57568133463830,15:59:28.133,84.9400,100
57568133463830,15:59:28.133,84.9400,100
57568133463830,15:59:28.133,84.9400,20
57568133463830,15:59:28.133,84.9400,80
57568133921139,15:59:28.133,84.9400,100
57568245652632,15:59:28.245,84.9400,100
57568245652632,15:59:28.245,84.9400,20
57568245652632,15:59:28.245,84.9600,9
57568245652632,15:59:28.245,84.9700,55
57568247139690,15:59:28.247,84.9900,55
57568281575482,15:59:28.281,84.9900,100
57568281575482,15:59:28.281,84.9900,400
57568286661081,15:59:28.286,85.0000,50
57568286975067,15:59:28.286,85.0000,50
57568306012113,15:59:28.306,85.0000,99
57568313726411,15:59:28.313,85.0000,1
57568313726411,15:59:28.313,85.0000,99
57569250276827,15:59:29.250,85.0000,100
57569980901869,15:59:29.980,85.0200,100
57570645053477,15:59:30.645,85.0300,42
57573981595172,15:59:33.981,85.0300,100
57574065398849,15:59:34.065,85.0000,100
57574065398849,15:59:34.065,85.0000,50
57574065398849,15:59:34.065,85.0000,50
57575506317730,15:59:35.506,85.0000,9
57580514251281,15:59:40.514,85.0000,9
57582025630483,15:59:42.025,85.0000,82
57582025630483,15:59:42.025,85.0000,9
57582025630483,15:59:42.025,85.0000,9
57583146022414,15:59:43.146,85.0000,91
57583146022414,15:59:43.146,85.0000,109
57583156791973,15:59:43.156,85.0000,91
57583156791973,15:59:43.156,85.0000,9
57583156791973,15:59:43.156,85.0000,6
57583156791973,15:59:43.156,85.0000,85
57585515537017,15:59:45.515,85.0000,9
57586233231255,15:59:46.233,85.0000,4
57587040784752,15:59:47.040,85.0000,2
57587914944947,15:59:47.914,85.0000,24
57589559615824,15:59:49.559,85.0000,48
57590046264696,15:59:50.046,85.0100,100
57590060531556,15:59:50.060,85.0000,13
57590060531556,15:59:50.060,85.0000,9
57590060531556,15:59:50.060,85.0000,4
57590060531556,15:59:50.060,85.0000,2
57590060531556,15:59:50.060,85.0000,10
57590060531556,15:59:50.060,85.0000,14
57590060531556,15:59:50.060,85.0000,48
57590077462085,15:59:50.077,85.0000,38
57590077462085,15:59:50.077,85.0000,62
57590101179302,15:59:50.101,84.9700,100
57590101179302,15:59:50.101,84.9700,100
57590516178617,15:59:50.516,85.0000,9
57590712096769,15:59:50.712,85.0000,91
57590712096769,15:59:50.712,85.0000,9
57594057645603,15:59:54.057,85.0100,100
57594057645603,15:59:54.057,85.0100,72
57595824698745,15:59:55.824,85.0100,9
57596378182693,15:59:56.378,85.0100,12
57598024367898,15:59:58.024,85.0700,100
57598405401484,15:59:58.405,85.0900,4
57599032748814,15:59:59.032,85.0900,23
57599680499746,15:59:59.680,85.1100,100
57599701144757,15:59:59.701,85.0900,9
57600259957246,16:00:00.259,85.0900,4723
57600259957246,16:00:00.259,85.0900,21113
