timestamp,time,price,volume
32449629139487,09:00:49.629,0.4150,492
32449629139487,09:00:49.629,0.4150,500
34200811746765,09:30:00.811,0.4220,16627
34200814324548,09:30:00.814,0.4221,303
34201027028858,09:30:01.027,0.4220,100
34361887212804,09:32:41.887,0.4223,4000
34361893377168,09:32:41.893,0.4220,16748
34402970076658,09:33:22.970,0.4210,500
34402977011881,09:33:22.977,0.4300,81
34402979063701,09:33:22.979,0.4335,30
34402982214362,09:33:22.982,0.4350,1235
34470614415089,09:34:30.614,0.4201,1000
34470614415089,09:34:30.614,0.4200,2730
34470614415089,09:34:30.614,0.4200,270
34602352860501,09:36:42.352,0.4295,100
34714716757521,09:38:34.716,0.4218,62
35279180711200,09:47:59.180,0.4290,4165
35279180711200,09:47:59.180,0.4298,3000
35279180711200,09:47:59.180,0.4300,35
35279192780877,09:47:59.192,0.4300,545
35594458301414,09:53:14.458,0.4250,18000
36085140586613,10:01:25.140,0.4251,420
36215887465839,10:03:35.887,0.4251,80
36215887465839,10:03:35.887,0.4251,100
36215919876966,10:03:35.919,0.4251,100
36215919876966,10:03:35.919,0.4251,100
36215945419623,10:03:35.945,0.4250,4548
36579999182296,10:09:39.999,0.4300,100
37066520359649,10:17:46.520,0.4296,100
37066520359649,10:17:46.520,0.4300,700
37544908500905,10:25:44.908,0.4300,600
37853915507595,10:30:53.915,0.4300,100
39137657531660,10:52:17.657,0.4261,100
39587395795642,10:59:47.395,0.4233,300
39587400069284,10:59:47.400,0.4228,500
39587404650454,10:59:47.404,0.4229,400
39587413060427,10:59:47.413,0.4210,200
39587423218336,10:59:47.423,0.4210,100
39587423218336,10:59:47.423,0.4210,100
39587430673240,10:59:47.430,0.4210,300
39587430673240,10:59:47.430,0.4210,300
39587439552389,10:59:47.439,0.4210,200
39587439552389,10:59:47.439,0.4210,200
39587445910100,10:59:47.445,0.4210,200
39587445910100,10:59:47.445,0.4210,200
39587454203688,10:59:47.454,0.4210,300
39587454203688,10:59:47.454,0.4210,300
39587461887047,10:59:47.461,0.4210,200
39587461887047,10:59:47.461,0.4210,200
39587468548917,10:59:47.468,0.4210,200
39587476086449,10:59:47.476,0.4209,100
39587487867571,10:59:47.487,0.4210,200
39587487867571,10:59:47.487,0.4210,200
39721933943919,11:02:01.933,0.4210,500
39721933943919,11:02:01.933,0.4210,300
39721933943919,11:02:01.933,0.4210,100
39877526623883,11:04:37.526,0.4270,400
39877550391053,11:04:37.550,0.4270,400
39877568264786,11:04:37.568,0.4270,400
39877586290555,11:04:37.586,0.4270,400
39877604146549,11:04:37.604,0.4270,400
40036817026601,11:07:16.817,0.4270,1000
40036817026601,11:07:16.817,0.4278,2200
40325082506169,11:12:05.082,0.4279,5500
40325082506169,11:12:05.082,0.4280,1500
40325082506169,11:12:05.082,0.4290,4870
40325092236483,11:12:05.092,0.4299,150
40325092236483,11:12:05.092,0.4300,300
40325092236483,11:12:05.092,0.4300,10
40325092236483,11:12:05.092,0.4300,301
40325092236483,11:12:05.092,0.4300,3
40325092236483,11:12:05.092,0.4300,500
40325092236483,11:12:05.092,0.4300,1009
40325092236483,11:12:05.092,0.4300,250
40325092236483,11:12:05.092,0.4300,1100
40325092236483,11:12:05.092,0.4300,3507
40325137380647,11:12:05.137,0.4300,1824
40325137380647,11:12:05.137,0.4300,4482
40325137380647,11:12:05.137,0.4300,427
40598699377169,11:16:38.699,0.4300,613
40598699377169,11:16:38.699,0.4300,2687
40883517157767,11:21:23.517,0.4300,300
41150343920971,11:25:50.343,0.4290,100
41266280794715,11:27:46.280,0.4290,50
41266280794715,11:27:46.280,0.4300,1713
41266280794715,11:27:46.280,0.4300,26
41266280794715,11:27:46.280,0.4300,100
41266280794715,11:27:46.280,0.4300,1400
41266280794715,11:27:46.280,0.4300,280
41266280794715,11:27:46.280,0.4300,496
41758247251395,11:35:58.247,0.4305,100
41971508510702,11:39:31.508,0.4320,100
41971508510702,11:39:31.508,0.4321,100
41971508510702,11:39:31.508,0.4325,19
41971508510702,11:39:31.508,0.4350,81
42085231004731,11:41:25.231,0.4317,50
42119284288913,11:41:59.284,0.4317,100
42183915838153,11:43:03.915,0.4317,50
42249198341032,11:44:09.198,0.4308,100
42410510457156,11:46:50.510,0.4310,100
42410510457156,11:46:50.510,0.4310,100
42461809621018,11:47:41.809,0.4315,500
42557040434036,11:49:17.040,0.4329,100
42615538178539,11:50:15.538,0.4329,100
42752905950283,11:52:32.905,0.4330,600
43103619749190,11:58:23.619,0.4329,100
43460182137696,12:04:20.182,0.4329,100
44619866790191,12:23:39.866,0.4313,100
44774441868528,12:26:14.441,0.4313,13
44774441868528,12:26:14.441,0.4330,687
44858788560475,12:27:38.788,0.4330,1064
45043827191842,12:30:43.827,0.4310,30
45127901869380,12:32:07.901,0.4329,500
45505921699045,12:38:25.921,0.4329,2100
45849884613912,12:44:09.884,0.4329,300
47924995107909,13:18:44.995,0.4324,100
48137714931209,13:22:17.714,0.4306,100
48432588711838,13:27:12.588,0.4324,10700
48711108606036,13:31:51.108,0.4320,1200
48711108606036,13:31:51.108,0.4320,200
48844206783500,13:34:04.206,0.4318,100
48844206803843,13:34:04.206,0.4318,100
48905181872093,13:35:05.181,0.4319,200
50344733359269,13:59:04.733,0.4300,4
50371986570458,13:59:31.986,0.4300,100
50372898943653,13:59:32.898,0.4300,100
50374504839867,13:59:34.504,0.4300,100
50414221744119,14:00:14.221,0.4300,100
50440487559674,14:00:40.487,0.4308,100
50585450056323,14:03:05.450,0.4300,1
50725639140748,14:05:25.639,0.4309,100
50725639140748,14:05:25.639,0.4309,100
50725639140748,14:05:25.639,0.4309,152
50725639140748,14:05:25.639,0.4309,100
50725645663283,14:05:25.645,0.4310,152
50725656827602,14:05:25.656,0.4311,148
51031625383223,14:10:31.625,0.4324,400
51080259107852,14:11:20.259,0.4324,210
51371295540355,14:16:11.295,0.4328,300
51552537896674,14:19:12.537,0.4329,300
51726753986340,14:22:06.753,0.4320,100
52326888588601,14:32:06.888,0.4324,100
52326888588601,14:32:06.888,0.4324,300
52326893097802,14:32:06.893,0.4320,51
52326919936050,14:32:06.919,0.4311,100
52326944742833,14:32:06.944,0.4311,200
52326944742833,14:32:06.944,0.4311,200
52703325720825,14:38:23.325,0.4300,1000
52703342953786,14:38:23.342,0.4301,100
52703342953786,14:38:23.342,0.4301,100
52760225054637,14:39:20.225,0.4300,100
52760291188554,14:39:20.291,0.4300,100
52760311397262,14:39:20.311,0.4300,100
52760332559263,14:39:20.332,0.4300,100
52760353169938,14:39:20.353,0.4300,100
52760375250554,14:39:20.375,0.4300,100
52760394083135,14:39:20.394,0.4300,100
52760413974163,14:39:20.413,0.4300,100
52760434467087,14:39:20.434,0.4300,100
52760453007392,14:39:20.453,0.4300,100
52760472401456,14:39:20.472,0.4300,100
52760492401801,14:39:20.492,0.4300,100
52760504416541,14:39:20.504,0.4300,100
52760513005033,14:39:20.513,0.4300,100
52760544209713,14:39:20.544,0.4300,100
52760559534197,14:39:20.559,0.4300,100
52770716534252,14:39:30.716,0.4300,100
53128670636116,14:45:28.670,0.4319,100
53456871309780,14:50:56.871,0.4308,100
53550027144448,14:52:30.027,0.4308,100
53639667775774,14:53:59.667,0.4300,100
53663118725136,14:54:23.118,0.4307,100
53710185063103,14:55:10.185,0.4300,100
54161706413876,15:02:41.706,0.4260,100
54639198308812,15:10:39.198,0.4273,100
54639198308812,15:10:39.198,0.4273,100
54913796061289,15:15:13.796,0.4251,100
54991231242711,15:16:31.231,0.4251,400
55012757656790,15:16:52.757,0.4251,100
55039785524316,15:17:19.785,0.4251,100
55352360724976,15:22:32.360,0.4252,100
55352360724976,15:22:32.360,0.4252,100
55803451177542,15:30:03.451,0.4252,500
56010232271484,15:33:30.232,0.4251,400
56480871571455,15:41:20.871,0.4252,600
56916416081890,15:48:36.416,0.4251,3200
56999331583332,15:49:59.331,0.4251,1399
57017358775048,15:50:17.358,0.4235,505
57033769353561,15:50:33.769,0.4230,1136
57252570548717,15:54:12.570,0.4222,2500
57325659736890,15:55:25.659,0.4220,3000
57383587718076,15:56:23.587,0.4210,700
57383603464311,15:56:23.603,0.4208,500
57504655806482,15:58:24.655,0.4214,100
57504678784178,15:58:24.678,0.4214,100
57538248424140,15:58:58.248,0.4215,300
57564316232968,15:59:24.316,0.4215,100
57600339965627,16:00:00.339,0.4298,982
57600339965627,16:00:00.339,0.4298,1695
