timestamp,time,price,volume
22548002704645,06:15:48.002,32.7400,100
22548281913899,06:15:48.281,32.7500,100
22548350033979,06:15:48.350,32.7500,100
22548445793454,06:15:48.445,32.7500,100
31590331880979,08:46:30.331,32.6100,100
33914462163088,09:25:14.462,32.6800,89
33914557999543,09:25:14.557,32.6800,11
34080140782009,09:28:00.140,32.6600,100
34080140782009,09:28:00.140,32.6600,200
34080140782009,09:28:00.140,32.6600,300
34080140783575,09:28:00.140,32.6200,100
34080140784818,09:28:00.140,32.6200,100
34080141726246,09:28:00.141,32.6300,100
34080141787751,09:28:00.141,32.6600,200
34080142600834,09:28:00.142,32.6600,100
34080142631694,09:28:00.142,32.6600,199
34080142633390,09:28:00.142,32.6600,1
34080144588542,09:28:00.144,32.6700,100
34080145627312,09:28:00.145,32.6800,100
34080145627312,09:28:00.145,32.6900,31
34080145719564,09:28:00.145,32.6700,31
34080149366899,09:28:00.149,32.6800,100
34080149393553,09:28:00.149,32.6800,169
34080149869859,09:28:00.149,32.6600,100
34080149869859,09:28:00.149,32.6600,130
34080150832910,09:28:00.150,32.6600,69
34080150832910,09:28:00.150,32.6600,31
34080151660203,09:28:00.151,32.6600,69
34080153203410,09:28:00.153,32.6700,100
34080157259998,09:28:00.157,32.6700,100
34080161469771,09:28:00.161,32.6700,100
34080238643282,09:28:00.238,32.6700,100
34080443562446,09:28:00.443,32.6700,23
34154133042189,09:29:14.133,32.6700,100
34154133042189,09:29:14.133,32.6700,100
34154147666192,09:29:14.147,32.6700,100
34154152097891,09:29:14.152,32.6700,100
34154175089463,09:29:14.175,32.6700,100
34154180091329,09:29:14.180,32.6700,100
34154200090214,09:29:14.200,32.6700,100
34154297326055,09:29:14.297,32.6700,100
34154316811358,09:29:14.316,32.6700,100
34154418153134,09:29:14.418,32.6700,100
34170894718508,09:29:30.894,32.6800,100
34200552634771,09:30:00.552,32.7400,1
34200574355096,09:30:00.574,32.6800,100
34200574355096,09:30:00.574,32.6800,47
34200574355096,09:30:00.574,32.6800,15891
34201296570076,09:30:01.296,32.7200,100
34201471335338,09:30:01.471,32.7200,24
34202550183797,09:30:02.550,32.7200,100
34205788125679,09:30:05.788,32.7000,1
34205788125679,09:30:05.788,32.7000,100
34205791802074,09:30:05.791,32.7200,100
34205791836655,09:30:05.791,32.7200,100
34206172396481,09:30:06.172,32.7300,100
34206173232535,09:30:06.173,32.7400,100
34206176572481,09:30:06.176,32.7500,10
34206176572481,09:30:06.176,32.7500,400
34206176572481,09:30:06.176,32.7500,90
34206177078080,09:30:06.177,32.7500,400
34206177078080,09:30:06.177,32.7500,10
34206177614052,09:30:06.177,32.7500,100
34206177662319,09:30:06.177,32.7500,90
34207185204817,09:30:07.185,32.7700,100
34207511469584,09:30:07.511,32.7900,100
34207511788212,09:30:07.511,32.7900,100
34207513152968,09:30:07.513,32.7900,63
34207607580512,09:30:07.607,32.7900,37
34207607580512,09:30:07.607,32.7900,100
34207666985947,09:30:07.666,32.8000,100
34207666985947,09:30:07.666,32.8000,100
34208630025075,09:30:08.630,32.8200,100
34213701077661,09:30:13.701,32.8000,100
34218957577750,09:30:18.957,32.7800,100
34228269883660,09:30:28.269,32.7500,100
34228269883660,09:30:28.269,32.7500,100
34228269883660,09:30:28.269,32.7500,100
34228269883660,09:30:28.269,32.7500,1
34228269953897,09:30:28.269,32.7500,1
34228269987740,09:30:28.269,32.7500,99
34228269996886,09:30:28.269,32.7500,100
34228270003267,09:30:28.270,32.7500,26
34228270033568,09:30:28.270,32.7500,74
34228270033568,09:30:28.270,32.7500,25
34228270070329,09:30:28.270,32.7500,100
34228270369862,09:30:28.270,32.7500,99
34228270399081,09:30:28.270,32.7500,1
34228270549023,09:30:28.270,32.7500,75
34228274803920,09:30:28.274,32.7600,100
34228297762463,09:30:28.297,32.7500,100
34230534394514,09:30:30.534,32.7200,100
34230633487179,09:30:30.633,32.7100,100
34234555822487,09:30:34.555,32.7000,100
34251291479606,09:30:51.291,32.6800,100
34251292981109,09:30:51.292,32.6900,100
34251293058329,09:30:51.293,32.6900,100
34251293058329,09:30:51.293,32.6900,100
34251299055084,09:30:51.299,32.7000,100
34251299055084,09:30:51.299,32.7000,50
34251299096054,09:30:51.299,32.7000,50
34251390494615,09:30:51.390,32.7300,200
34251390494615,09:30:51.390,32.7300,100
34251392123654,09:30:51.392,32.7400,100
34251496360233,09:30:51.496,32.7800,100
34252124777703,09:30:52.124,32.7700,100
34254292180435,09:30:54.292,32.7600,100
34254292207472,09:30:54.292,32.7600,1
34262294220237,09:31:02.294,32.7100,100
34262294220237,09:31:02.294,32.7100,100
34262296625062,09:31:02.296,32.7200,100
34262297168748,09:31:02.297,32.7200,100
34265292442889,09:31:05.292,32.7100,100
34265293795916,09:31:05.293,32.7200,100
34265293795916,09:31:05.293,32.7200,100
34266669121368,09:31:06.669,32.7400,100
34266669927639,09:31:06.669,32.7400,24
34266669954886,09:31:06.669,32.7400,76
34266670248214,09:31:06.670,32.7400,100
34266955078815,09:31:06.955,32.7400,100
34268695754589,09:31:08.695,32.7500,100
34268867237132,09:31:08.867,32.7400,100
34269352724732,09:31:09.352,32.7400,100
34273292305620,09:31:13.292,32.7300,100
34273292305620,09:31:13.292,32.7300,100
34273292331644,09:31:13.292,32.7300,100
34273292351063,09:31:13.292,32.7300,100
34273292383158,09:31:13.292,32.7300,100
34273292392143,09:31:13.292,32.7300,100
34273292392143,09:31:13.292,32.7300,26
34273292570362,09:31:13.292,32.7300,100
34273886006935,09:31:13.886,32.7400,100
34275814664168,09:31:15.814,32.7300,74
34275814932398,09:31:15.814,32.7300,26
34278292740177,09:31:18.292,32.7300,74
34303560310383,09:31:43.560,32.7600,100
34303560310383,09:31:43.560,32.7600,100
34303560310383,09:31:43.560,32.7600,100
34305804144393,09:31:45.804,32.7800,100
34305804144393,09:31:45.804,32.7800,100
34305805468116,09:31:45.805,32.7900,100
34308637227785,09:31:48.637,32.8000,100
34310982107179,09:31:50.982,32.8100,100
34355009843367,09:32:35.009,32.7950,100
34368286518003,09:32:48.286,32.8100,200
34368286613879,09:32:48.286,32.8200,100
34368286613879,09:32:48.286,32.8200,100
34368902575194,09:32:48.902,32.8400,100
34369070024789,09:32:49.070,32.8500,400
34369070024789,09:32:49.070,32.8500,50
34369070024789,09:32:49.070,32.8500,50
34369070091805,09:32:49.070,32.8500,50
34369070091805,09:32:49.070,32.8500,50
34369070628612,09:32:49.070,32.8500,100
34369070966470,09:32:49.070,32.8500,250
34369071041370,09:32:49.071,32.8500,100
34369073345715,09:32:49.073,32.8500,100
34369073420925,09:32:49.073,32.8400,3
34369764547269,09:32:49.764,32.8500,100
34371779335178,09:32:51.779,32.8600,100
34371783237392,09:32:51.783,32.8700,100
34372874475734,09:32:52.874,32.8500,100
34373792416977,09:32:53.792,32.8500,200
34373792839296,09:32:53.792,32.8400,100
34373792839296,09:32:53.792,32.8400,26
34375210591835,09:32:55.210,32.8400,74
34417563388415,09:33:37.563,32.8000,100
34417564357859,09:33:37.564,32.8100,100
34417564772532,09:33:37.564,32.8000,100
34417564772532,09:33:37.564,32.8000,100
34417566044006,09:33:37.566,32.8100,18
34417566845008,09:33:37.566,32.8100,100
34417566845008,09:33:37.566,32.8100,100
34417566845008,09:33:37.566,32.8100,100
34417580061718,09:33:37.580,32.8200,100
34417580061718,09:33:37.580,32.8200,26
34417580087585,09:33:37.580,32.8200,74
34417580087585,09:33:37.580,32.8200,100
34417668615312,09:33:37.668,32.8400,100
34417668639346,09:33:37.668,32.8400,100
34417684759758,09:33:37.684,32.8500,61
34417769752111,09:33:37.769,32.8600,61
34417769752111,09:33:37.769,32.8600,39
34417792019128,09:33:37.792,32.8500,2
34417995344265,09:33:37.995,32.8500,100
34417996099009,09:33:37.996,32.8600,100
34418154637234,09:33:38.154,32.8700,100
34418154637234,09:33:38.154,32.8700,100
34418156334963,09:33:38.156,32.8800,100
34418156358979,09:33:38.156,32.8800,100
34418156616126,09:33:38.156,32.8800,100
34418156616126,09:33:38.156,32.8800,100
34418159717830,09:33:38.159,32.8600,100
34418718080684,09:33:38.718,32.8600,100
34422859265965,09:33:42.859,32.8500,100
34422859649611,09:33:42.859,32.8500,100
34482088895561,09:34:42.088,32.8500,100
34482088895561,09:34:42.088,32.8500,100
34482124591679,09:34:42.124,32.8600,100
34482124591679,09:34:42.124,32.8600,100
34482124591679,09:34:42.124,32.8600,100
34482140823563,09:34:42.140,32.8600,100
34482554065784,09:34:42.554,32.8700,100
34484108562572,09:34:44.108,32.8700,100
34484299637290,09:34:44.299,32.8600,2
34484923632755,09:34:44.923,32.8600,100
34490010862737,09:34:50.010,32.8700,100
34490423089390,09:34:50.423,32.8800,100
34490423147562,09:34:50.423,32.8800,100
34503774544621,09:35:03.774,32.8900,22
34537899695157,09:35:37.899,32.8500,1
34537899695157,09:35:37.899,32.8500,1
34537899695157,09:35:37.899,32.8500,128
34538017026062,09:35:38.017,32.8200,100
34538017026062,09:35:38.017,32.8200,100
34544442344374,09:35:44.442,32.8400,100
34544442344374,09:35:44.442,32.8400,200
34544442344374,09:35:44.442,32.8400,100
34554561176848,09:35:54.561,32.8100,30
34608449167898,09:36:48.449,32.8300,100
34608449229422,09:36:48.449,32.8300,100
34608449284194,09:36:48.449,32.8300,5
34608449284194,09:36:48.449,32.8300,95
34608449728610,09:36:48.449,32.8300,100
34608449768574,09:36:48.449,32.8300,5
34615299220514,09:36:55.299,32.8100,100
34615299220514,09:36:55.299,32.8100,1
34615299220514,09:36:55.299,32.8100,100
34615299220514,09:36:55.299,32.8100,100
34615299220514,09:36:55.299,32.8100,1
34615302489415,09:36:55.302,32.8000,100
34615756394530,09:36:55.756,32.8100,100
34615756394530,09:36:55.756,32.8100,100
34616536952034,09:36:56.536,32.8050,200
34617580596473,09:36:57.580,32.8100,100
34617759271540,09:36:57.759,32.8100,100
34617759271540,09:36:57.759,32.8000,100
34618106897408,09:36:58.106,32.8000,100
34618577032596,09:36:58.577,32.7900,100
34620721057948,09:37:00.721,32.8200,1
34623194077260,09:37:03.194,32.8100,100
34623257910548,09:37:03.257,32.8200,100
34623257922728,09:37:03.257,32.8200,99
34623257922728,09:37:03.257,32.8200,300
34623257922728,09:37:03.257,32.8200,26
34623257929967,09:37:03.257,32.8200,74
34623259923456,09:37:03.259,32.8300,5
34623265878508,09:37:03.265,32.8300,100
34623265878508,09:37:03.265,32.8300,100
34623265878508,09:37:03.265,32.8300,100
34623290953846,09:37:03.290,32.8200,100
34623290985175,09:37:03.290,32.8200,100
34623290985175,09:37:03.290,32.8200,300
34623290985175,09:37:03.290,32.8200,100
34623376486616,09:37:03.376,32.8200,100
34625196596006,09:37:05.196,32.8100,100
34625196596006,09:37:05.196,32.8100,100
34625196596006,09:37:05.196,32.8100,100
34627245175367,09:37:07.245,32.8000,100
34627245175367,09:37:07.245,32.8000,100
34627245175367,09:37:07.245,32.8000,95
34627245201468,09:37:07.245,32.8000,5
34627245301585,09:37:07.245,32.8000,95
34628309285634,09:37:08.309,32.8000,200
34628309285634,09:37:08.309,32.8000,200
34628309450711,09:37:08.309,32.8000,100
34638292298416,09:37:18.292,32.8000,100
34638293976998,09:37:18.293,32.7900,100
34638304525584,09:37:18.304,32.7800,100
34638304525584,09:37:18.304,32.7800,100
34638339499027,09:37:18.339,32.7800,100
34638357937984,09:37:18.357,32.7900,100
34638897406950,09:37:18.897,32.8000,100
34638897597463,09:37:18.897,32.8000,100
34638897597463,09:37:18.897,32.8000,100
34638897628237,09:37:18.897,32.8000,100
34638897628237,09:37:18.897,32.8000,100
34638902324854,09:37:18.902,32.8000,100
34638902324854,09:37:18.902,32.8000,89
34639463976061,09:37:19.463,32.8100,100
34640024327170,09:37:20.024,32.8000,100
34640031290684,09:37:20.031,32.8000,100
34640031290684,09:37:20.031,32.8000,100
34640031290684,09:37:20.031,32.8000,100
34640321679973,09:37:20.321,32.8000,100
34641291532609,09:37:21.291,32.7900,100
34641291558204,09:37:21.291,32.7900,100
34641291558204,09:37:21.291,32.7900,100
34641291558204,09:37:21.291,32.7900,100
34641291716896,09:37:21.291,32.7900,100
34641291716896,09:37:21.291,32.7900,100
34641291775885,09:37:21.291,32.7900,100
34641291775885,09:37:21.291,32.7900,100
34644688964807,09:37:24.688,32.7950,100
34644689351096,09:37:24.689,32.7950,97
34644689351096,09:37:24.689,32.7900,29
34646291729515,09:37:26.291,32.7900,71
34646291729515,09:37:26.291,32.7900,29
34650026664869,09:37:30.026,32.8000,100
34650457934398,09:37:30.457,32.8000,100
34650457972661,09:37:30.457,32.8000,200
34650457987971,09:37:30.457,32.8000,100
34650457987971,09:37:30.457,32.8000,100
34650457990858,09:37:30.457,32.8000,100
34653068302508,09:37:33.068,32.8000,1
34653068302508,09:37:33.068,32.8000,99
34653068327982,09:37:33.068,32.8000,1
34653068333059,09:37:33.068,32.8000,1
34653068363375,09:37:33.068,32.8000,1
34653068364625,09:37:33.068,32.8000,69
34653068480338,09:37:33.068,32.8000,100
34654292248632,09:37:34.292,32.7800,100
34654292248632,09:37:34.292,32.7800,100
34654292571240,09:37:34.292,32.7800,100
34655024285795,09:37:35.024,32.7800,100
34656473639310,09:37:36.473,32.7800,26
34660796877306,09:37:40.796,32.7700,100
34660796877306,09:37:40.796,32.7700,100
34662292225094,09:37:42.292,32.7600,100
34670291893499,09:37:50.291,32.7500,100
34670291893499,09:37:50.291,32.7500,100
34670291893499,09:37:50.291,32.7500,100
34673291569600,09:37:53.291,32.7300,100
34673291594627,09:37:53.291,32.7300,100
34673291594627,09:37:53.291,32.7300,100
34673291594627,09:37:53.291,32.7300,14
34673291650064,09:37:53.291,32.7300,86
34686287731763,09:38:06.287,32.7500,100
34686338253014,09:38:06.338,32.7600,5
34686607308009,09:38:06.607,32.7800,74
34686645762521,09:38:06.645,32.7800,100
34686645762521,09:38:06.645,32.7800,100
34686645762521,09:38:06.645,32.7800,1
34688050065809,09:38:08.050,32.7800,100
34690024476740,09:38:10.024,32.8000,100
34698931079122,09:38:18.931,32.7900,100
34698931112463,09:38:18.931,32.7900,100
34699028767955,09:38:19.028,32.7800,100
34699843547655,09:38:19.843,32.7800,100
34700026018757,09:38:20.026,32.7900,100
34701858148925,09:38:21.858,32.7900,100
34701858713512,09:38:21.858,32.7900,100
34701858713512,09:38:21.858,32.7900,100
34701858713512,09:38:21.858,32.7900,100
34701858713512,09:38:21.858,32.7900,100
34705274206483,09:38:25.274,32.7800,100
34709190389399,09:38:29.190,32.7700,100
34709190389399,09:38:29.190,32.7700,1
34721009936159,09:38:41.009,32.7600,100
34726867271995,09:38:46.867,32.7600,100
34734883969789,09:38:54.883,32.7800,100
34734934127307,09:38:54.934,32.7900,200
34734934127307,09:38:54.934,32.7900,100
34734934127307,09:38:54.934,32.7900,100
34734934838542,09:38:54.934,32.7900,100
34734934872494,09:38:54.934,32.7900,26
34734934876241,09:38:54.934,32.7900,74
34734934876241,09:38:54.934,32.7900,26
34734935051367,09:38:54.935,32.7900,74
34735120588959,09:38:55.120,32.8300,61
34735166958142,09:38:55.166,32.8300,100
34745109656030,09:39:05.109,32.8100,100
34771195328457,09:39:31.195,32.8100,1
34771195328457,09:39:31.195,32.8100,100
34771195328457,09:39:31.195,32.8100,100
34771195328457,09:39:31.195,32.8100,1
34771195328457,09:39:31.195,32.8100,100
34771239166939,09:39:31.239,32.8100,100
34771239289176,09:39:31.239,32.8200,100
34771259924052,09:39:31.259,32.8200,100
34771259924052,09:39:31.259,32.8200,100
34771259924052,09:39:31.259,32.8200,100
34771259924052,09:39:31.259,32.8200,100
34771261151028,09:39:31.261,32.8100,100
34771261151028,09:39:31.261,32.8100,100
34782678397027,09:39:42.678,32.8000,100
34782678397027,09:39:42.678,32.8000,100
34782679738506,09:39:42.679,32.8000,100
34782679738506,09:39:42.679,32.8000,100
34786704717908,09:39:46.704,32.8100,100
34798562433486,09:39:58.562,32.8100,51
34798562478412,09:39:58.562,32.8100,49
34798562563400,09:39:58.562,32.8100,51
34798562563400,09:39:58.562,32.8100,49
34798562583614,09:39:58.562,32.8100,51
34798562590600,09:39:58.562,32.8100,49
34807349557780,09:40:07.349,32.8100,27
34827485182023,09:40:27.485,32.8000,1
34828001292446,09:40:28.001,32.7900,100
34828031703517,09:40:28.031,32.7900,100
34828794511030,09:40:28.794,32.7900,100
34834075813056,09:40:34.075,32.7800,400
34834075813056,09:40:34.075,32.7800,100
34842231974214,09:40:42.231,32.7600,100
34842231974214,09:40:42.231,32.7600,1
34852514378440,09:40:52.514,32.7600,100
34852514378440,09:40:52.514,32.7600,300
34852514539796,09:40:52.514,32.7600,100
34852514905869,09:40:52.514,32.7700,100
34852514905869,09:40:52.514,32.7700,100
34852514905869,09:40:52.514,32.7700,10
34852514905869,09:40:52.514,32.7700,100
34852514905869,09:40:52.514,32.7700,100
34852515399454,09:40:52.515,32.7700,100
34858490014180,09:40:58.490,32.7700,133
34858490017700,09:40:58.490,32.7700,67
34886589217471,09:41:26.589,32.7500,100
34886589608616,09:41:26.589,32.7400,100
34894275841753,09:41:34.275,32.7400,100
34941292687238,09:42:21.292,32.7200,1
34941292687238,09:42:21.292,32.7200,99
34941292715071,09:42:21.292,32.7200,1
34941292715071,09:42:21.292,32.7200,100
34941292715071,09:42:21.292,32.7200,100
34941292715071,09:42:21.292,32.7200,100
34941292715071,09:42:21.292,32.7200,1
34949292193888,09:42:29.292,32.7100,60
34979418387964,09:42:59.418,32.7100,87
34983430671541,09:43:03.430,32.7100,1
34984175359975,09:43:04.175,32.7100,26
34987946308635,09:43:07.946,32.7150,100
34987946308635,09:43:07.946,32.7200,100
34987946308635,09:43:07.946,32.7200,100
34987946308635,09:43:07.946,32.7200,100
34987946308635,09:43:07.946,32.7200,92
34987946363147,09:43:07.946,32.7200,8
34987946363147,09:43:07.946,32.7200,92
34987946394226,09:43:07.946,32.7200,8
35001746393554,09:43:21.746,32.7500,100
35019637516336,09:43:39.637,32.7500,1
35019637516336,09:43:39.637,32.7500,99
35019637574296,09:43:39.637,32.7500,1
35019963246169,09:43:39.963,32.7400,100
35039042494412,09:43:59.042,32.7500,100
35039042494412,09:43:59.042,32.7500,100
35084574327424,09:44:44.574,32.7300,1
35084574327424,09:44:44.574,32.7300,1
35084574327424,09:44:44.574,32.7300,100
35084574327424,09:44:44.574,32.7300,200
35084574327424,09:44:44.574,32.7300,100
35085026005954,09:44:45.026,32.7300,100
35087699590892,09:44:47.699,32.7200,100
35087699663784,09:44:47.699,32.7200,100
35087699663784,09:44:47.699,32.7200,26
35087700175136,09:44:47.700,32.7200,74
35098308145861,09:44:58.308,32.7400,100
35098308145861,09:44:58.308,32.7400,100
35104894419211,09:45:04.894,32.7500,60
35104894419211,09:45:04.894,32.7500,100
35104894419211,09:45:04.894,32.7500,100
35104894419211,09:45:04.894,32.7500,36
35104894532470,09:45:04.894,32.7500,100
35105818420126,09:45:05.818,32.7600,100
35105818470278,09:45:05.818,32.7600,100
35107666692579,09:45:07.666,32.7600,100
35119700417627,09:45:19.700,32.7800,100
35119767809238,09:45:19.767,32.7900,100
35130361213854,09:45:30.361,32.7800,1
35130361213854,09:45:30.361,32.7800,72
35191161790718,09:46:31.161,32.7600,74
35191161799618,09:46:31.161,32.7600,26
35191161799618,09:46:31.161,32.7600,100
35191161799618,09:46:31.161,32.7600,1
35191161799618,09:46:31.161,32.7600,1
35201624319171,09:46:41.624,32.7300,26
35205112686872,09:46:45.112,32.7200,100
35215346123048,09:46:55.346,32.7400,100
35215346123048,09:46:55.346,32.7400,100
35216950062088,09:46:56.950,32.7400,100
35218001237537,09:46:58.001,32.7400,48
35241429756676,09:47:21.429,32.7400,100
35241429822257,09:47:21.429,32.7400,100
35245971880993,09:47:25.971,32.7400,100
35245971880993,09:47:25.971,32.7400,100
35245971880993,09:47:25.971,32.7400,100
35245971880993,09:47:25.971,32.7400,100
35249959679360,09:47:29.959,32.7500,5
35249959679360,09:47:29.959,32.7500,100
35257722618265,09:47:37.722,32.7600,100
35257722618265,09:47:37.722,32.7600,100
35268169848026,09:47:48.169,32.7500,1
35268169848026,09:47:48.169,32.7500,15
35268169880766,09:47:48.169,32.7500,85
35268169950128,09:47:48.169,32.7500,100
35286663583676,09:48:06.663,32.7400,1
35286663583676,09:48:06.663,32.7400,100
35286664565901,09:48:06.664,32.7300,100
35286664675376,09:48:06.664,32.7300,100
35286664682157,09:48:06.664,32.7300,100
35286664741637,09:48:06.664,32.7300,100
35291295232996,09:48:11.295,32.7300,100
35292129700370,09:48:12.129,32.7300,100
35292129700370,09:48:12.129,32.7300,100
35293799197836,09:48:13.799,32.7200,100
35293850337611,09:48:13.850,32.7100,100
35293947752717,09:48:13.947,32.7100,100
35293947752717,09:48:13.947,32.7100,100
35293947752717,09:48:13.947,32.7100,100
35293947752717,09:48:13.947,32.7100,100
35294118659403,09:48:14.118,32.6900,100
35294118659403,09:48:14.118,32.6900,100
35294155361837,09:48:14.155,32.6900,100
35294501114569,09:48:14.501,32.6900,35
35294501114569,09:48:14.501,32.6900,100
35298506044847,09:48:18.506,32.6800,100
35304911530504,09:48:24.911,32.6800,100
35308263931815,09:48:28.263,32.6800,100
35308263931815,09:48:28.263,32.6800,100
35308263979442,09:48:28.263,32.6800,100
35308263999625,09:48:28.263,32.6800,100
35308264011504,09:48:28.264,32.6800,100
35330638048488,09:48:50.638,32.6800,1
35330731695323,09:48:50.731,32.6700,79
35330731743234,09:48:50.731,32.6700,21
35330883533406,09:48:50.883,32.6600,100
35331194872438,09:48:51.194,32.6600,100
35353004483109,09:49:13.004,32.6400,2
35380647235629,09:49:40.647,32.6400,1
35402043725453,09:50:02.043,32.6300,100
35402043725453,09:50:02.043,32.6300,24
35402043755278,09:50:02.043,32.6300,176
35402045287883,09:50:02.045,32.6400,100
35402046963867,09:50:02.046,32.6400,100
35404553319153,09:50:04.553,32.6300,100
35404553319153,09:50:04.553,32.6300,1
35405028717822,09:50:05.028,32.6300,100
35406680884707,09:50:06.680,32.6400,200
35407692255767,09:50:07.692,32.6500,100
35407692255767,09:50:07.692,32.6500,100
35407692255767,09:50:07.692,32.6500,200
35407692255767,09:50:07.692,32.6500,200
35411702928727,09:50:11.702,32.6500,100
35413706479384,09:50:13.706,32.6600,100
35415027217818,09:50:15.027,32.6600,100
35423373555156,09:50:23.373,32.6700,100
35434979240102,09:50:34.979,32.6900,100
35434979240102,09:50:34.979,32.6900,1
35434979240102,09:50:34.979,32.6900,100
35436541922885,09:50:36.541,32.6900,100
35455093801011,09:50:55.093,32.6900,31
35455093829806,09:50:55.093,32.6900,69
35461198505903,09:51:01.198,32.6800,30
35461198505903,09:51:01.198,32.6800,100
35461198517563,09:51:01.198,32.6800,76
35469102351184,09:51:09.102,32.6800,100
35469102351184,09:51:09.102,32.6800,400
35469384942933,09:51:09.384,32.7000,69
35476390911825,09:51:16.390,32.7100,100
35477293077257,09:51:17.293,32.7100,100
35477293108022,09:51:17.293,32.7100,100
35477293108022,09:51:17.293,32.7100,1
35477293108022,09:51:17.293,32.7100,100
35482293211977,09:51:22.293,32.6900,100
35482293211977,09:51:22.293,32.6900,100
35482293211977,09:51:22.293,32.6900,170
35483701263395,09:51:23.701,32.6800,26
35483701303359,09:51:23.701,32.6800,74
35528185874873,09:52:08.185,32.6600,100
35528185924284,09:52:08.185,32.6600,1
35528185939885,09:52:08.185,32.6600,11
35528185969205,09:52:08.185,32.6600,11
35599200426451,09:53:19.200,32.6200,1
35631197815209,09:53:51.197,32.6150,99
35631197815209,09:53:51.197,32.6200,17
35631198193036,09:53:51.198,32.6200,83
35631198193036,09:53:51.198,32.6200,200
35631212778488,09:53:51.212,32.6300,171
35631212817224,09:53:51.212,32.6300,29
35631212817224,09:53:51.212,32.6300,100
35635861128601,09:53:55.861,32.6200,50
35641558825710,09:54:01.558,32.6300,2
35664460579137,09:54:24.460,32.6250,98
35664460579137,09:54:24.460,32.6300,100
35664460579137,09:54:24.460,32.6300,102
35664460925945,09:54:24.460,32.6300,98
35664465418466,09:54:24.465,32.6300,16
35685446826015,09:54:45.446,32.6300,100
35685447240854,09:54:45.447,32.6300,100
35706561616765,09:55:06.561,32.6300,1
35706561616765,09:55:06.561,32.6300,100
35706561616765,09:55:06.561,32.6300,104
35706561621482,09:55:06.561,32.6300,8
35706561621482,09:55:06.561,32.6300,1
35706561630641,09:55:06.561,32.6200,17
35710105184467,09:55:10.105,32.6300,9
35734488140433,09:55:34.488,32.6400,100
35756240884807,09:55:56.240,32.6300,100
35756240884807,09:55:56.240,32.6300,1
35756241332668,09:55:56.241,32.6200,99
35767060898350,09:56:07.060,32.6100,10
35767060898350,09:56:07.060,32.6100,100
35767060898350,09:56:07.060,32.6100,200
35767112105930,09:56:07.112,32.6000,100
35770072058533,09:56:10.072,32.5900,100
35770072058533,09:56:10.072,32.5900,21
35770072089846,09:56:10.072,32.5900,79
35794833997442,09:56:34.833,32.6000,200
35794833997442,09:56:34.833,32.6000,1
35835054161367,09:57:15.054,32.5800,300
35835054161367,09:57:15.054,32.5800,1
35858578315753,09:57:38.578,32.5800,100
35858578696466,09:57:38.578,32.5800,22
35858579324745,09:57:38.579,32.5900,100
35862898024607,09:57:42.898,32.5900,1
35888844586349,09:58:08.844,32.5900,2
35896886926083,09:58:16.886,32.5800,1
35930239010997,09:58:50.239,32.5600,100
35930239239987,09:58:50.239,32.5600,100
35955661284915,09:59:15.661,32.5600,100
35955662754204,09:59:15.662,32.5700,100
35955663441315,09:59:15.663,32.5700,1
35955687421538,09:59:15.687,32.5700,4
35969770052663,09:59:29.770,32.5700,100
35969787258339,09:59:29.787,32.5600,100
35979849519627,09:59:39.849,32.5500,100
36022964184939,10:00:22.964,32.5300,1
36064836885736,10:01:04.836,32.5300,200
36064836885736,10:01:04.836,32.5300,100
36064836885736,10:01:04.836,32.5300,100
36072544035053,10:01:12.544,32.5400,100
36072544035053,10:01:12.544,32.5400,60
36072544035053,10:01:12.544,32.5400,100
36072544035053,10:01:12.544,32.5400,40
36072544078023,10:01:12.544,32.5400,60
36072544432316,10:01:12.544,32.5500,100
36072544432316,10:01:12.544,32.5500,40
36072544435735,10:01:12.544,32.5500,60
36084970711224,10:01:24.970,32.5600,100
36084971483112,10:01:24.971,32.5700,100
36084971648886,10:01:24.971,32.5700,100
36084972351799,10:01:24.972,32.5800,1
36084972351799,10:01:24.972,32.5800,1
36084972363292,10:01:24.972,32.5800,100
36086873345502,10:01:26.873,32.5700,100
36086873345502,10:01:26.873,32.5700,100
36091219861644,10:01:31.219,32.5700,100
36091219861644,10:01:31.219,32.5700,100
36105038777220,10:01:45.038,32.5700,100
36107269962881,10:01:47.269,32.5900,100
36107269962881,10:01:47.269,32.5900,100
36107273666743,10:01:47.273,32.6000,100
36107278508465,10:01:47.278,32.5900,100
36112561902106,10:01:52.561,32.5900,100
36112561902106,10:01:52.561,32.5900,100
36112561902106,10:01:52.561,32.5900,100
36112561902106,10:01:52.561,32.5900,100
36112562338059,10:01:52.562,32.5900,100
36112839538634,10:01:52.839,32.5900,100
36113036972870,10:01:53.036,32.6000,100
36113037183509,10:01:53.037,32.6000,100
36113938516519,10:01:53.938,32.6000,100
36113938516519,10:01:53.938,32.6000,100
36114299139824,10:01:54.299,32.6000,100
36114299170948,10:01:54.299,32.6000,100
36114299318569,10:01:54.299,32.6000,100
36114299462683,10:01:54.299,32.6000,100
36114304364780,10:01:54.304,32.6000,100
36115198822484,10:01:55.198,32.6000,200
36115198822484,10:01:55.198,32.6000,100
36115441168481,10:01:55.441,32.6000,100
36115441168481,10:01:55.441,32.6000,100
36116916805774,10:01:56.916,32.6000,100
36116916805774,10:01:56.916,32.6000,100
36116916805774,10:01:56.916,32.6000,100
36116925231565,10:01:56.925,32.6100,100
36116925231565,10:01:56.925,32.6100,100
36117107736731,10:01:57.107,32.6100,100
36117206870093,10:01:57.206,32.6100,100
36117206870093,10:01:57.206,32.6100,100
36117206870093,10:01:57.206,32.6100,100
36117206870093,10:01:57.206,32.6100,100
36117206870093,10:01:57.206,32.6100,100
36117209482674,10:01:57.209,32.6200,100
36119331269980,10:01:59.331,32.6100,100
36119636431979,10:01:59.636,32.6100,100
36121232463082,10:02:01.232,32.6200,100
36121232463082,10:02:01.232,32.6200,300
36121232463082,10:02:01.232,32.6200,100
36121232463082,10:02:01.232,32.6200,437
36121233161756,10:02:01.233,32.6200,63
36121233161756,10:02:01.233,32.6200,24
36121233700998,10:02:01.233,32.6200,76
36121233700998,10:02:01.233,32.6200,100
36121498784934,10:02:01.498,32.6200,100
36121498784934,10:02:01.498,32.6200,100
36121498784934,10:02:01.498,32.6200,100
36122026561936,10:02:02.026,32.6300,100
36122026561936,10:02:02.026,32.6300,100
36122026561936,10:02:02.026,32.6300,100
36122026561936,10:02:02.026,32.6300,100
36122295703859,10:02:02.295,32.6300,200
36122295703859,10:02:02.295,32.6300,100
36122329155728,10:02:02.329,32.6300,100
36122774753501,10:02:02.774,32.6200,100
36122774753501,10:02:02.774,32.6200,100
36123125343881,10:02:03.125,32.6200,100
36123125343881,10:02:03.125,32.6200,100
36123125343881,10:02:03.125,32.6200,100
36123125343881,10:02:03.125,32.6200,100
36123125343881,10:02:03.125,32.6200,100
36123396562803,10:02:03.396,32.6200,6
36123433756339,10:02:03.433,32.6200,81
36123433798523,10:02:03.433,32.6200,100
36123433846427,10:02:03.433,32.6200,19
36123433892876,10:02:03.433,32.6200,100
36123433931174,10:02:03.433,32.6200,100
36123442608948,10:02:03.442,32.6200,100
36123442608948,10:02:03.442,32.6200,100
36123442608948,10:02:03.442,32.6200,100
36123442608948,10:02:03.442,32.6200,100
36123442608948,10:02:03.442,32.6200,100
36123442608948,10:02:03.442,32.6200,100
36124295022519,10:02:04.295,32.6100,100
36124295054479,10:02:04.295,32.6100,100
36124345593047,10:02:04.345,32.6000,100
36128200022819,10:02:08.200,32.6050,400
36128811014193,10:02:08.811,32.6100,100
36128811014193,10:02:08.811,32.6100,100
36128811014193,10:02:08.811,32.6100,200
36128832806479,10:02:08.832,32.6200,100
36128832806479,10:02:08.832,32.6200,100
36128832806479,10:02:08.832,32.6200,100
36129062241015,10:02:09.062,32.6200,100
36131291773146,10:02:11.291,32.6000,5
36157343894721,10:02:37.343,32.6100,100
36157343894721,10:02:37.343,32.6100,100
36157343972036,10:02:37.343,32.6100,100
36157343972036,10:02:37.343,32.6100,100
36157344160147,10:02:37.344,32.6100,100
36157344160147,10:02:37.344,32.6100,100
36157344160147,10:02:37.344,32.6100,100
36157344160147,10:02:37.344,32.6100,100
36157344160147,10:02:37.344,32.6100,100
36158434475076,10:02:38.434,32.6100,100
36158434475076,10:02:38.434,32.6100,100
36158909923777,10:02:38.909,32.6200,100
36159533720236,10:02:39.533,32.6300,1
36159533779374,10:02:39.533,32.6200,200
36159533779374,10:02:39.533,32.6200,100
36166651604086,10:02:46.651,32.6100,100
36166691810221,10:02:46.691,32.6000,100
36166691810221,10:02:46.691,32.6000,100
36166691810221,10:02:46.691,32.6000,100
36166730333522,10:02:46.730,32.5950,26
36166733590454,10:02:46.733,32.5950,74
36166733590454,10:02:46.733,32.5950,26
36167152658427,10:02:47.152,32.5900,74
36167152661637,10:02:47.152,32.5900,26
36167152661637,10:02:47.152,32.5900,100
36167152661637,10:02:47.152,32.5900,74
36167152743075,10:02:47.152,32.5900,26
36167152743075,10:02:47.152,32.5900,100
36182607941156,10:03:02.607,32.5900,100
36182607941156,10:03:02.607,32.5900,100
36197605848695,10:03:17.605,32.5600,1
36197605848695,10:03:17.605,32.5600,100
36199690760772,10:03:19.690,32.5500,100
36201799023317,10:03:21.799,32.5500,98
36227843094373,10:03:47.843,32.5400,100
36254308337636,10:04:14.308,32.5200,4
36273094812982,10:04:33.094,32.5200,100
36273094812982,10:04:33.094,32.5200,100
36273094812982,10:04:33.094,32.5200,29
36273094812982,10:04:33.094,32.5200,100
36273094826767,10:04:33.094,32.5200,200
36273256235031,10:04:33.256,32.5100,13
36274528303247,10:04:34.528,32.5150,100
36284029903683,10:04:44.029,32.5100,39
36284029907993,10:04:44.029,32.5100,135
36284029917661,10:04:44.029,32.5100,113
36284029944005,10:04:44.029,32.5100,248
36284029947939,10:04:44.029,32.5100,52
36284030401956,10:04:44.030,32.5000,800
36284030401956,10:04:44.030,32.5000,100
36284146726257,10:04:44.146,32.5000,100
36284146726257,10:04:44.146,32.5000,100
36284146726257,10:04:44.146,32.5000,100
36284148466158,10:04:44.148,32.5000,100
36284148466158,10:04:44.148,32.5000,100
36284148466158,10:04:44.148,32.5000,100
36309550034259,10:05:09.550,32.5050,100
36309550034259,10:05:09.550,32.5050,100
36309550034259,10:05:09.550,32.5100,15
36309550034259,10:05:09.550,32.5100,200
36309550034259,10:05:09.550,32.5100,7
36309550075999,10:05:09.550,32.5100,200
36309551132564,10:05:09.551,32.5200,100
36309551768466,10:05:09.551,32.5200,100
36309551911864,10:05:09.551,32.5200,100
36310054466157,10:05:10.054,32.5200,100
36310054466157,10:05:10.054,32.5200,100
36314099380484,10:05:14.099,32.5000,100
36314099380484,10:05:14.099,32.5000,54
36314099413954,10:05:14.099,32.5000,56
36314099744971,10:05:14.099,32.5000,100
36314100035737,10:05:14.100,32.5000,100
36314100526120,10:05:14.100,32.5000,150
36317203017344,10:05:17.203,32.4900,100
36317203030556,10:05:17.203,32.4900,200
36320063874621,10:05:20.063,32.4900,100
36320063874621,10:05:20.063,32.4900,200
36320063874621,10:05:20.063,32.4900,100
36320064065050,10:05:20.064,32.4900,100
36327440790896,10:05:27.440,32.4900,100
36327440790896,10:05:27.440,32.4900,300
36337296240312,10:05:37.296,32.4900,41
36337296600228,10:05:37.296,32.4900,41
36337296791844,10:05:37.296,32.4900,18
36337296791844,10:05:37.296,32.4900,23
36337296882478,10:05:37.296,32.4900,41
36337296959121,10:05:37.296,32.4900,36
36337296959121,10:05:37.296,32.4900,5
36337297016251,10:05:37.297,32.4900,41
36339542721738,10:05:39.542,32.4900,54
36339542721738,10:05:39.542,32.4900,100
36339543001588,10:05:39.543,32.4900,100
36339543001588,10:05:39.543,32.4900,100
36339543369993,10:05:39.543,32.4900,100
36340825082375,10:05:40.825,32.4900,100
36367667642500,10:06:07.667,32.4900,100
36367668111915,10:06:07.668,32.4900,100
36367668114347,10:06:07.668,32.4900,100
36367668114347,10:06:07.668,32.4900,7
36373856890285,10:06:13.856,32.5000,100
36373856890285,10:06:13.856,32.5000,100
36373857166582,10:06:13.857,32.5100,80
36373857168450,10:06:13.857,32.5100,20
36373858449660,10:06:13.858,32.5100,15
36373901287657,10:06:13.901,32.5100,15
36373901287657,10:06:13.901,32.5100,85
36373901733276,10:06:13.901,32.5100,15
36386702146269,10:06:26.702,32.5200,100
36386702146269,10:06:26.702,32.5200,100
36386702146269,10:06:26.702,32.5200,17
36386702192885,10:06:26.702,32.5200,126
36386702223957,10:06:26.702,32.5200,57
36388719177086,10:06:28.719,32.5300,100
36388731221026,10:06:28.731,32.5300,100
36390027930210,10:06:30.027,32.5400,100
36391603431964,10:06:31.603,32.5400,100
36391859592158,10:06:31.859,32.5300,100
36391859592158,10:06:31.859,32.5300,100
36393643099790,10:06:33.643,32.5300,100
36432256162024,10:07:12.256,32.5500,100
36432256162024,10:07:12.256,32.5500,25
36432256169841,10:07:12.256,32.5500,75
36432256169841,10:07:12.256,32.5500,100
36432256169841,10:07:12.256,32.5500,100
36432256169841,10:07:12.256,32.5500,10
36432256171362,10:07:12.256,32.5500,90
36456738775677,10:07:36.738,32.5200,200
36459206937916,10:07:39.206,32.5200,100
36459206937916,10:07:39.206,32.5200,100
36459206937916,10:07:39.206,32.5200,100
36459206937916,10:07:39.206,32.5200,100
36492385877772,10:08:12.385,32.5400,100
36492385877772,10:08:12.385,32.5400,100
36492385877772,10:08:12.385,32.5400,100
36492385877772,10:08:12.385,32.5400,7
36513791608727,10:08:33.791,32.5500,100
36513791608727,10:08:33.791,32.5500,100
36513791608727,10:08:33.791,32.5500,300
36513791608727,10:08:33.791,32.5500,100
36513791907244,10:08:33.791,32.5500,100
36513791907244,10:08:33.791,32.5500,74
36513791942711,10:08:33.791,32.5500,100
36513791946270,10:08:33.791,32.5500,26
36513792026118,10:08:33.792,32.5500,100
36526323505626,10:08:46.323,32.5500,100
36526323505626,10:08:46.323,32.5500,100
36526323505626,10:08:46.323,32.5500,200
36526458905644,10:08:46.458,32.5600,100
36526458905644,10:08:46.458,32.5600,100
36526458905644,10:08:46.458,32.5600,119
36528158299581,10:08:48.158,32.5600,81
36528158299581,10:08:48.158,32.5600,50
36528158299581,10:08:48.158,32.5600,100
36528158299581,10:08:48.158,32.5700,100
36528158299581,10:08:48.158,32.5700,100
36528158299581,10:08:48.158,32.5700,100
36554963450174,10:09:14.963,32.5700,100
36554963450174,10:09:14.963,32.5700,200
36554963450174,10:09:14.963,32.5700,100
36554963450174,10:09:14.963,32.5700,100
36554964197237,10:09:14.964,32.5600,100
36571537515088,10:09:31.537,32.5600,100
36571537515088,10:09:31.537,32.5600,100
36571537515088,10:09:31.537,32.5600,100
36571539602767,10:09:31.539,32.5700,100
36571669525505,10:09:31.669,32.5700,100
36571669525505,10:09:31.669,32.5700,100
36574116026798,10:09:34.116,32.5800,300
36574166147843,10:09:34.166,32.5800,22
36574635305275,10:09:34.635,32.5700,100
36574635305275,10:09:34.635,32.5700,100
36574635674807,10:09:34.635,32.5700,122
36574635870504,10:09:34.635,32.5700,100
36574635870504,10:09:34.635,32.5700,26
36574636830424,10:09:34.636,32.5700,100
36579778940238,10:09:39.778,32.5700,74
36603483028719,10:10:03.483,32.5900,100
36603483028719,10:10:03.483,32.5900,100
36603483028719,10:10:03.483,32.5900,200
36603483028719,10:10:03.483,32.5900,100
36603483028719,10:10:03.483,32.5900,7
36603525216990,10:10:03.525,32.6000,100
36632491445408,10:10:32.491,32.6050,800
36632491794991,10:10:32.491,32.6000,72
36632491828204,10:10:32.491,32.6000,28
36632491828204,10:10:32.491,32.6000,98
36632491832465,10:10:32.491,32.6000,401
36632491855154,10:10:32.491,32.6050,800
36632491870116,10:10:32.491,32.6000,1
36632491870116,10:10:32.491,32.6000,100
36632491870116,10:10:32.491,32.6000,100
36634500901441,10:10:34.500,32.6000,201
36634500901441,10:10:34.500,32.6000,100
36634500901441,10:10:34.500,32.6000,100
36638968147488,10:10:38.968,32.6200,100
36664282038211,10:11:04.282,32.6200,35
36664282087493,10:11:04.282,32.6200,65
36664284471433,10:11:04.284,32.6000,100
36664284501167,10:11:04.284,32.6000,100
36671660679173,10:11:11.660,32.6100,100
36671660679173,10:11:11.660,32.6100,200
36691937106759,10:11:31.937,32.6300,100
36698621780116,10:11:38.621,32.6400,100
36698621780116,10:11:38.621,32.6400,100
36698621807761,10:11:38.621,32.6400,100
36698621821761,10:11:38.621,32.6400,95
36698621829111,10:11:38.621,32.6400,5
36700092573374,10:11:40.092,32.6400,100
36707094855389,10:11:47.094,32.6500,100
36707095011049,10:11:47.095,32.6500,200
36708697339053,10:11:48.697,32.6600,30
36708697447648,10:11:48.697,32.6600,70
36708697447648,10:11:48.697,32.6600,100
36708791549847,10:11:48.791,32.6700,6
36709725548290,10:11:49.725,32.6700,100
36709725589806,10:11:49.725,32.6700,100
36710445670954,10:11:50.445,32.6600,181
36758987245936,10:12:38.987,32.6600,8
36759058263754,10:12:39.058,32.6800,100
36764829831390,10:12:44.829,32.6700,100
36783129277852,10:13:03.129,32.6800,100
36783129707849,10:13:03.129,32.6800,100
36783159688557,10:13:03.159,32.6800,100
36801345895175,10:13:21.345,32.6800,1
36802010705280,10:13:22.010,32.6800,99
36802010705280,10:13:22.010,32.6800,100
36802010705280,10:13:22.010,32.6800,1
36802010739480,10:13:22.010,32.6800,99
36802011231387,10:13:22.011,32.6800,200
36802011231387,10:13:22.011,32.6800,99
36841532914583,10:14:01.532,32.6800,400
36841532914583,10:14:01.532,32.6800,100
36842529759444,10:14:02.529,32.6800,46
36851719707477,10:14:11.719,32.6800,81
36851719771971,10:14:11.719,32.6800,19
36851719771971,10:14:11.719,32.6800,81
36851719809451,10:14:11.719,32.6800,19
36851719809451,10:14:11.719,32.6800,8
36873649830383,10:14:33.649,32.6900,100
36873649830383,10:14:33.649,32.6900,68
36881882973079,10:14:41.882,32.6850,100
36890394803584,10:14:50.394,32.6800,100
36890395683574,10:14:50.395,32.6800,100
36890397625427,10:14:50.397,32.6900,5
36891557119899,10:14:51.557,32.6900,100
36891557119899,10:14:51.557,32.6900,100
36891563620169,10:14:51.563,32.7000,30
36891563620169,10:14:51.563,32.7000,100
36892501135758,10:14:52.501,32.7000,100
36892501195688,10:14:52.501,32.7000,39
36902648569500,10:15:02.648,32.6850,95
36902648570522,10:15:02.648,32.6850,5
36902648570522,10:15:02.648,32.6800,100
36902649160955,10:15:02.649,32.6800,100
36902655985650,10:15:02.655,32.6700,100
36904619062331,10:15:04.619,32.6800,100
36904619062331,10:15:04.619,32.6800,100
36931194481599,10:15:31.194,32.6700,100
36931194640534,10:15:31.194,32.6700,100
36931194935604,10:15:31.194,32.6700,100
36931195116776,10:15:31.195,32.6700,100
36931195327212,10:15:31.195,32.6700,74
36931195327212,10:15:31.195,32.6700,100
36931198424322,10:15:31.198,32.6700,100
36931198424322,10:15:31.198,32.6700,100
36940406003136,10:15:40.406,32.6800,100
36940406003136,10:15:40.406,32.6800,100
36940406003136,10:15:40.406,32.6800,100
36940406003136,10:15:40.406,32.6800,100
36940406229173,10:15:40.406,32.6800,93
36940908720150,10:15:40.908,32.6900,100
36940909461326,10:15:40.909,32.7000,100
36974040670536,10:16:14.040,32.7000,100
36974040712505,10:16:14.040,32.7000,9
36974041018844,10:16:14.041,32.7000,100
36974041018844,10:16:14.041,32.7000,100
36974041018844,10:16:14.041,32.7000,100
36974041018844,10:16:14.041,32.7000,100
36974041152042,10:16:14.041,32.7000,33
37019765301486,10:16:59.765,32.7000,100
37019765301486,10:16:59.765,32.7000,53
37019765670361,10:16:59.765,32.7000,147
37021775719960,10:17:01.775,32.7000,100
37021776551488,10:17:01.776,32.6900,100
37021776551488,10:17:01.776,32.6900,26
37033298711448,10:17:13.298,32.6900,100
37033298742648,10:17:13.298,32.6900,274
37033298742648,10:17:13.298,32.6900,100
37033298742648,10:17:13.298,32.6900,19
37033299794445,10:17:13.299,32.6800,200
37043688552690,10:17:23.688,32.6600,100
37080084236019,10:18:00.084,32.6400,100
37118655333854,10:18:38.655,32.6250,26
37150037910420,10:19:10.037,32.6200,100
37172774641391,10:19:32.774,32.6250,74
37172774641391,10:19:32.774,32.6300,100
37172774641391,10:19:32.774,32.6300,100
37172774641391,10:19:32.774,32.6300,26
37172774680976,10:19:32.774,32.6300,74
37172774680976,10:19:32.774,32.6300,58
37172774698592,10:19:32.774,32.6300,142
37172774698592,10:19:32.774,32.6300,9
37206111910343,10:20:06.111,32.6300,100
37206112033948,10:20:06.112,32.6300,100
37206112101952,10:20:06.112,32.6300,63
37206112125890,10:20:06.112,32.6300,37
37206112125890,10:20:06.112,32.6300,63
37206113127245,10:20:06.113,32.6300,100
37206113127245,10:20:06.113,32.6350,25
37206113129997,10:20:06.113,32.6350,75
37206113129997,10:20:06.113,32.6400,100
37206113129997,10:20:06.113,32.6400,95
37206113140971,10:20:06.113,32.6400,100
37206113715046,10:20:06.113,32.6400,5
37206113715046,10:20:06.113,32.6400,100
37206113715046,10:20:06.113,32.6400,9
37206213320735,10:20:06.213,32.6400,100
37206213320735,10:20:06.213,32.6400,100
37206213320735,10:20:06.213,32.6400,100
37206213361995,10:20:06.213,32.6400,100
37206213400203,10:20:06.213,32.6400,100
37206213513476,10:20:06.213,32.6400,200
37206213513476,10:20:06.213,32.6400,100
37206215107298,10:20:06.215,32.6400,100
37211352894692,10:20:11.352,32.6500,100
37221307885333,10:20:21.307,32.6700,49
37221307911644,10:20:21.307,32.6700,51
37221307911644,10:20:21.307,32.6700,100
37221406095317,10:20:21.406,32.6700,200
37222799136702,10:20:22.799,32.6700,100
37222799163583,10:20:22.799,32.6700,100
37224218895292,10:20:24.218,32.6600,100
37224218895292,10:20:24.218,32.6600,100
37224229690510,10:20:24.229,32.6600,100
37224229690510,10:20:24.229,32.6600,100
37224229690510,10:20:24.229,32.6600,100
37224229690510,10:20:24.229,32.6600,100
37224229690510,10:20:24.229,32.6600,21
37224229798608,10:20:24.229,32.6600,79
37224351688288,10:20:24.351,32.6700,67
37224351688288,10:20:24.351,32.6700,33
37224351730854,10:20:24.351,32.6700,267
37224447098171,10:20:24.447,32.6700,100
37225527477236,10:20:25.527,32.6700,21
37225527518070,10:20:25.527,32.6700,79
37234035268589,10:20:34.035,32.6700,200
37257067848163,10:20:57.067,32.6500,100
37257067876434,10:20:57.067,32.6500,100
37277615952018,10:21:17.615,32.6200,100
37278729997759,10:21:18.729,32.6200,100
37278729997759,10:21:18.729,32.6200,100
37278729997759,10:21:18.729,32.6200,100
37278729997759,10:21:18.729,32.6200,100
37278729997759,10:21:18.729,32.6200,200
37284220253483,10:21:24.220,32.6200,100
37284220253483,10:21:24.220,32.6200,80
37284220253483,10:21:24.220,32.6200,20
37304520225129,10:21:44.520,32.6250,100
37304520225129,10:21:44.520,32.6300,200
37304520225129,10:21:44.520,32.6300,10
37304520225129,10:21:44.520,32.6300,100
37304520279157,10:21:44.520,32.6300,100
37304522049624,10:21:44.522,32.6300,100
37316019418953,10:21:56.019,32.6400,200
37316019418953,10:21:56.019,32.6400,100
37316037154756,10:21:56.037,32.6500,200
37316037154756,10:21:56.037,32.6500,100
37356029621624,10:22:36.029,32.6550,100
37356034835055,10:22:36.034,32.6550,100
37356069684694,10:22:36.069,32.6600,200
37356070021260,10:22:36.070,32.6600,65
37356070232783,10:22:36.070,32.6600,26
37356070509826,10:22:36.070,32.6600,9
37356070547062,10:22:36.070,32.6700,9
37363045582411,10:22:43.045,32.6900,100
37363056015282,10:22:43.056,32.6900,200
37364752895706,10:22:44.752,32.7000,100
37373868643036,10:22:53.868,32.7000,100
37373868643036,10:22:53.868,32.7000,1500
37373868899120,10:22:53.868,32.6900,74
37373869098265,10:22:53.869,32.6900,26
37373869098265,10:22:53.869,32.6900,40
37373869101116,10:22:53.869,32.6900,60
37373872877370,10:22:53.872,32.6900,100
37373872942191,10:22:53.872,32.6900,100
37373873000261,10:22:53.873,32.6900,100
37375716068058,10:22:55.716,32.7000,100
37375716068058,10:22:55.716,32.7000,100
37398629087226,10:23:18.629,32.7000,1
37402055805847,10:23:22.055,32.6900,100
37402055805847,10:23:22.055,32.6900,100
37402055830631,10:23:22.055,32.6900,15
37402055838151,10:23:22.055,32.6900,13
37402057865713,10:23:22.057,32.6800,100
37402059313457,10:23:22.059,32.6700,100
37402059336433,10:23:22.059,32.6700,7
37402175608223,10:23:22.175,32.6700,93
37402175608223,10:23:22.175,32.6700,7
37402175661614,10:23:22.175,32.6700,93
37402175729076,10:23:22.175,32.6700,100
37402175729076,10:23:22.175,32.6700,100
37402175729076,10:23:22.175,32.6700,100
37415152260231,10:23:35.152,32.6700,99
37417768212813,10:23:37.768,32.6900,100
37417768264704,10:23:37.768,32.6900,26
37417768344935,10:23:37.768,32.6800,200
37417768344935,10:23:37.768,32.6800,100
37417768344935,10:23:37.768,32.6800,100
37417768615841,10:23:37.768,32.6800,100
37417768615841,10:23:37.768,32.6800,100
37455497269207,10:24:15.497,32.6500,100
37455966839465,10:24:15.966,32.6600,9
37468745044629,10:24:28.745,32.6600,100
37468745084149,10:24:28.745,32.6600,200
37468745236229,10:24:28.745,32.6600,100
37468745236229,10:24:28.745,32.6600,100
37468745236229,10:24:28.745,32.6600,100
37468745236229,10:24:28.745,32.6600,100
37470137479327,10:24:30.137,32.6600,100
37470188854768,10:24:30.188,32.6600,50
37471846908386,10:24:31.846,32.6500,50
37471846908386,10:24:31.846,32.6500,50
37471847017854,10:24:31.847,32.6500,50
37478739103207,10:24:38.739,32.6600,100
37511099987471,10:25:11.099,32.6650,100
37511099987471,10:25:11.099,32.6700,100
37511099987471,10:25:11.099,32.6700,100
37511100366550,10:25:11.100,32.6700,100
37518912271254,10:25:18.912,32.6800,100
37532880124012,10:25:32.880,32.6900,100
37542701800969,10:25:42.701,32.6900,100
37549991456863,10:25:49.991,32.7000,100
37549991456863,10:25:49.991,32.7000,100
37550020153497,10:25:50.020,32.7100,100
37550020153497,10:25:50.020,32.7100,100
37550023929508,10:25:50.023,32.7100,100
37550028211214,10:25:50.028,32.7100,100
37555682179603,10:25:55.682,32.7000,100
37555682179603,10:25:55.682,32.7000,100
37555682179603,10:25:55.682,32.7000,100
37584044926006,10:26:24.044,32.6900,52
37590117080021,10:26:30.117,32.6900,100
37665200259080,10:27:45.200,32.6800,100
37669159585744,10:27:49.159,32.6800,100
37694815227921,10:28:14.815,32.6850,2
37706341561522,10:28:26.341,32.6850,98
37706341561522,10:28:26.341,32.6850,2
37724674360522,10:28:44.674,32.6850,98
37724674360522,10:28:44.674,32.6850,2
37730594791819,10:28:50.594,32.6800,100
37730594791819,10:28:50.594,32.6800,100
37730594791819,10:28:50.594,32.6800,100
37730594791819,10:28:50.594,32.6800,40
37730594791819,10:28:50.594,32.6800,100
37730594791819,10:28:50.594,32.6800,134
37730594791819,10:28:50.594,32.6800,100
37730596212227,10:28:50.596,32.6700,100
37735149072170,10:28:55.149,32.6600,98
37735149072170,10:28:55.149,32.6600,2
37748488454871,10:29:08.488,32.6550,98
37748488454871,10:29:08.488,32.6550,32
37776522949033,10:29:36.522,32.6500,100
37776523033130,10:29:36.523,32.6500,31
37827216617484,10:30:27.216,32.6400,100
37827217313391,10:30:27.217,32.6400,48
37827217313391,10:30:27.217,32.6400,8
37827381134415,10:30:27.381,32.6450,100
37827381283565,10:30:27.381,32.6450,100
37827381283565,10:30:27.381,32.6450,46
37845335770473,10:30:45.335,32.6550,100
37845335770473,10:30:45.335,32.6550,100
37845335770473,10:30:45.335,32.6550,54
37846140903966,10:30:46.140,32.6550,12
37846141133877,10:30:46.141,32.6550,88
37846141133877,10:30:46.141,32.6600,100
37846141133877,10:30:46.141,32.6600,100
37893193205124,10:31:33.193,32.6800,17
37893193586621,10:31:33.193,32.6800,83
37911743491988,10:31:51.743,32.6800,54
37911743537792,10:31:51.743,32.6800,46
37911743537792,10:31:51.743,32.6800,80
37911743560102,10:31:51.743,32.6800,54
37911743567249,10:31:51.743,32.6800,266
37927084642863,10:32:07.084,32.6700,100
37927084671567,10:32:07.084,32.6700,9
37935019481003,10:32:15.019,32.6700,100
37940746575155,10:32:20.746,32.6800,100
37949751795628,10:32:29.751,32.6900,126
37949751795628,10:32:29.751,32.6900,174
37949751858937,10:32:29.751,32.6900,26
37955811109924,10:32:35.811,32.7000,100
37955811109924,10:32:35.811,32.7000,100
37956180692978,10:32:36.180,32.7100,100
37956180692978,10:32:36.180,32.7100,96
37956180694435,10:32:36.180,32.7100,4
37956287959784,10:32:36.287,32.7100,100
37956287959784,10:32:36.287,32.7100,100
37959842966370,10:32:39.842,32.7000,100
37959842966370,10:32:39.842,32.7000,100
37959900179217,10:32:39.900,32.7000,100
37961196128211,10:32:41.196,32.7100,36
37961207727054,10:32:41.207,32.7100,64
37968426496924,10:32:48.426,32.7000,100
37968426496924,10:32:48.426,32.7000,100
37968426496924,10:32:48.426,32.7000,60
37968428486917,10:32:48.428,32.7000,100
37968428486917,10:32:48.428,32.7000,100
37968429719863,10:32:48.429,32.6900,100
37978102345983,10:32:58.102,32.6900,33
37987782710758,10:33:07.782,32.6900,100
37987794392195,10:33:07.794,32.6900,100
37987794392195,10:33:07.794,32.6900,43
37997921481741,10:33:17.921,32.6900,100
37997921481741,10:33:17.921,32.6900,100
37997921481741,10:33:17.921,32.6900,100
37997922096302,10:33:17.922,32.6900,100
37999866731576,10:33:19.866,32.6800,100
37999866731576,10:33:19.866,32.6800,26
37999866759752,10:33:19.866,32.6800,74
38006176925324,10:33:26.176,32.6900,100
38027424273014,10:33:47.424,32.6900,100
38130239658331,10:35:30.239,32.6750,100
38130239658331,10:35:30.239,32.6800,100
38130239714353,10:35:30.239,32.6800,100
38148190665639,10:35:48.190,32.6900,100
38167592933350,10:36:07.592,32.6900,100
38167592933350,10:36:07.592,32.6900,100
38167592933350,10:36:07.592,32.6900,7
38167593802094,10:36:07.593,32.7000,100
38167593802094,10:36:07.593,32.7000,100
38167597746850,10:36:07.597,32.7100,200
38167597746850,10:36:07.597,32.7100,100
38167598799373,10:36:07.598,32.7100,11
38167598848172,10:36:07.598,32.7100,89
38167598848172,10:36:07.598,32.7100,100
38167598848172,10:36:07.598,32.7100,100
38167695642707,10:36:07.695,32.6900,100
38167695642707,10:36:07.695,32.6900,100
38181647576753,10:36:21.647,32.7000,100
38181647620848,10:36:21.647,32.7000,150
38181647652167,10:36:21.647,32.7000,100
38181647664411,10:36:21.647,32.7000,50
38181647664411,10:36:21.647,32.7000,50
38181647709861,10:36:21.647,32.7000,50
38181647939848,10:36:21.647,32.7000,100
38181647939848,10:36:21.647,32.7000,300
38181648113416,10:36:21.648,32.7000,200
38181648113416,10:36:21.648,32.7000,100
38181648113416,10:36:21.648,32.7000,100
38181648113416,10:36:21.648,32.7000,100
38181648113416,10:36:21.648,32.7000,100
38181841236238,10:36:21.841,32.7000,100
38218203443867,10:36:58.203,32.7000,32
38218203470891,10:36:58.203,32.7000,168
38218301767283,10:36:58.301,32.7100,100
38222264544220,10:37:02.264,32.7200,300
38222264544220,10:37:02.264,32.7200,100
38222264614409,10:37:02.264,32.7200,26
38222265027666,10:37:02.265,32.7200,74
38226258376466,10:37:06.258,32.7200,100
38226258376466,10:37:06.258,32.7200,100
38233415879472,10:37:13.415,32.7200,100
38233456592285,10:37:13.456,32.7300,100
38233456592285,10:37:13.456,32.7300,64
38233520642160,10:37:13.520,32.7300,36
38233554384737,10:37:13.554,32.7300,100
38233616335788,10:37:13.616,32.7300,300
38233616366040,10:37:13.616,32.7300,100
38233616366040,10:37:13.616,32.7300,100
38233617056876,10:37:13.617,32.7100,100
38233667247269,10:37:13.667,32.7200,100
38233991713005,10:37:13.991,32.7200,100
38234861608754,10:37:14.861,32.7200,26
38234861641168,10:37:14.861,32.7200,74
38244762916860,10:37:24.762,32.7000,100
38244762916860,10:37:24.762,32.7000,100
38253446064849,10:37:33.446,32.6900,100
38271138157083,10:37:51.138,32.6750,100
38271138507000,10:37:51.138,32.6700,100
38288448250831,10:38:08.448,32.6700,100
38288448339369,10:38:08.448,32.6700,100
38288448411968,10:38:08.448,32.6700,9
38288450871355,10:38:08.450,32.6800,100
38288450871355,10:38:08.450,32.6800,100
38289573593685,10:38:09.573,32.6800,100
38289573593685,10:38:09.573,32.6800,100
38290787195481,10:38:10.787,32.6800,100
38293127529083,10:38:13.127,32.6900,100
38293319109505,10:38:13.319,32.6900,100
38293375329530,10:38:13.375,32.6800,100
38293375329530,10:38:13.375,32.6800,100
38293451179277,10:38:13.451,32.6700,100
38293451179277,10:38:13.451,32.6700,100
38317202203802,10:38:37.202,32.6800,200
38317202203802,10:38:37.202,32.6800,100
38325858555029,10:38:45.858,32.6900,100
38325954257320,10:38:45.954,32.6900,100
38325954287551,10:38:45.954,32.6900,68
38343906975703,10:39:03.906,32.6900,100
38343924002469,10:39:03.924,32.7000,97
38343924610361,10:39:03.924,32.7000,3
38344003125888,10:39:04.003,32.7000,46
38344003196140,10:39:04.003,32.7000,46
38344040750414,10:39:04.040,32.6900,100
38362730804407,10:39:22.730,32.6700,56
38388140274187,10:39:48.140,32.6800,100
38388142164991,10:39:48.142,32.6900,350
38388142164991,10:39:48.142,32.6900,100
38388143910825,10:39:48.143,32.7000,100
38388143910825,10:39:48.143,32.7000,100
38388143910825,10:39:48.143,32.7000,50
38408222859464,10:40:08.222,32.6900,92
38408246200632,10:40:08.246,32.7000,100
38408246243279,10:40:08.246,32.7000,8
38453087304192,10:40:53.087,32.7100,40
38453087304192,10:40:53.087,32.7100,100
38453087304192,10:40:53.087,32.7100,100
38465409168937,10:41:05.409,32.7100,100
38465410260603,10:41:05.410,32.7100,100
38465410296789,10:41:05.410,32.7100,100
38465410296789,10:41:05.410,32.7100,100
38465410360093,10:41:05.410,32.7100,100
38465410360093,10:41:05.410,32.7100,100
38481991729081,10:41:21.991,32.7100,200
38520850656795,10:42:00.850,32.7200,100
38544297709934,10:42:24.297,32.7100,32
38544297753566,10:42:24.297,32.7100,68
38544297753566,10:42:24.297,32.7100,135
38544297753566,10:42:24.297,32.7100,4
38544297791594,10:42:24.297,32.7100,32
38544297854606,10:42:24.297,32.7100,100
38544297856144,10:42:24.297,32.7100,32
38544297919965,10:42:24.297,32.7100,32
38544297989033,10:42:24.297,32.7100,32
38544298074781,10:42:24.298,32.7100,32
38544298101355,10:42:24.298,32.7100,36
38544298101355,10:42:24.298,32.7100,100
38544298101355,10:42:24.298,32.7100,100
38544799270319,10:42:24.799,32.7000,100
38605771862158,10:43:25.771,32.6900,100
38605771981635,10:43:25.771,32.7000,100
38605771981635,10:43:25.771,32.7000,100
38605771981635,10:43:25.771,32.7000,200
38605772013701,10:43:25.772,32.7000,9
38605772028036,10:43:25.772,32.7000,9
38605772048424,10:43:25.772,32.7000,91
38605772048424,10:43:25.772,32.7000,35
38610490384034,10:43:30.490,32.7200,100
38610490425855,10:43:30.490,32.7200,100
38610583558193,10:43:30.583,32.7300,9
38611519151848,10:43:31.519,32.7300,91
38656847408734,10:44:16.847,32.7300,86
38656847526505,10:44:16.847,32.7300,14
38656847526505,10:44:16.847,32.7300,100
38656847526505,10:44:16.847,32.7300,8
38660728866840,10:44:20.728,32.7500,400
38667616956857,10:44:27.616,32.7650,100
38667616956857,10:44:27.616,32.7600,100
38667616956857,10:44:27.616,32.7600,105
38667617025812,10:44:27.617,32.7600,95
38667617036407,10:44:27.617,32.7600,95
38667617460170,10:44:27.617,32.7700,100
38667618406560,10:44:27.618,32.7700,100
38667618406560,10:44:27.618,32.7700,5
38696752990007,10:44:56.752,32.7700,100
38696752990007,10:44:56.752,32.7700,100
38697780404817,10:44:57.780,32.7800,100
38705745926287,10:45:05.745,32.7800,100
38705745926287,10:45:05.745,32.7800,400
38705746266383,10:45:05.746,32.7800,200
38705746294747,10:45:05.746,32.7800,400
38705749436735,10:45:05.749,32.7700,100
38722134989712,10:45:22.134,32.7700,300
38782058839198,10:46:22.058,32.7700,100
38782058839198,10:46:22.058,32.7800,8
38782059213063,10:46:22.059,32.7800,92
38782059213063,10:46:22.059,32.7800,8
38782060119165,10:46:22.060,32.7900,300
38782060119165,10:46:22.060,32.7900,100
38782060448388,10:46:22.060,32.7900,100
38782060511554,10:46:22.060,32.7900,100
38784384803177,10:46:24.384,32.7900,100
38784384803177,10:46:24.384,32.7900,16
38784384848270,10:46:24.384,32.7900,28
38784384858645,10:46:24.384,32.7900,56
38829752748597,10:47:09.752,32.7700,100
38829765410472,10:47:09.765,32.7700,100
38885662963225,10:48:05.662,32.7750,2
38896089729780,10:48:16.089,32.7700,86
38896089758225,10:48:16.089,32.7700,14
38896089758225,10:48:16.089,32.7700,38
38896089758225,10:48:16.089,32.7700,100
38896089758225,10:48:16.089,32.7700,100
38914259296309,10:48:34.259,32.7650,98
38914259296309,10:48:34.259,32.7700,100
38914259296309,10:48:34.259,32.7700,100
38914340162486,10:48:34.340,32.7800,100
38948872350853,10:49:08.872,32.7700,98
38955094838131,10:49:15.094,32.7650,2
38955094838131,10:49:15.094,32.7700,100
38955094838131,10:49:15.094,32.7700,24
38955094869999,10:49:15.094,32.7700,76
38974748095171,10:49:34.748,32.7700,100
39004747182605,10:50:04.747,32.7600,100
39004747182605,10:50:04.747,32.7600,100
39004747182605,10:50:04.747,32.7600,100
39007512301905,10:50:07.512,32.7300,10
39007512301905,10:50:07.512,32.7300,44
39010855900030,10:50:10.855,32.7250,46
39010855900030,10:50:10.855,32.7300,40
39010855940274,10:50:10.855,32.7300,60
39010855940274,10:50:10.855,32.7300,100
39050397938409,10:50:50.397,32.7300,100
39050397938409,10:50:50.397,32.7300,100
39050601224885,10:50:50.601,32.7300,100
39055041140944,10:50:55.041,32.7300,100
39055041629948,10:50:55.041,32.7300,100
39055041629948,10:50:55.041,32.7300,10
39055041629948,10:50:55.041,32.7300,100
39060846239331,10:51:00.846,32.7200,200
39060846247625,10:51:00.846,32.7200,100
39073189947995,10:51:13.189,32.7100,100
39073189947995,10:51:13.189,32.7100,200
39073189947995,10:51:13.189,32.7100,100
39100676538169,10:51:40.676,32.7200,100
39100676538169,10:51:40.676,32.7200,100
39100676538169,10:51:40.676,32.7200,100
39100676585002,10:51:40.676,32.7200,100
39100722072210,10:51:40.722,32.7200,100
39103373138525,10:51:43.373,32.7400,100
39123571891619,10:52:03.571,32.7500,100
39123571930919,10:52:03.571,32.7500,100
39123571998100,10:52:03.571,32.7500,100
39123572199291,10:52:03.572,32.7500,100
39150458294585,10:52:30.458,32.7500,100
39151619915247,10:52:31.619,32.7600,100
39152045232290,10:52:32.045,32.7600,100
39153206886970,10:52:33.206,32.7700,100
39153206911765,10:52:33.206,32.7700,8
39153208269307,10:52:33.208,32.7800,51
39179319842091,10:52:59.319,32.7700,100
39179319870651,10:52:59.319,32.7700,39
39179319870651,10:52:59.319,32.7700,100
39191205435505,10:53:11.205,32.7400,28
39191205442858,10:53:11.205,32.7400,72
39278366060139,10:54:38.366,32.7200,100
39278366060139,10:54:38.366,32.7200,100
39278501724687,10:54:38.501,32.7300,8
39278501724687,10:54:38.501,32.7300,100
39317428606360,10:55:17.428,32.7400,100
39317428606360,10:55:17.428,32.7400,100
39317428620347,10:55:17.428,32.7500,100
39338113495808,10:55:38.113,32.7600,100
39338113503048,10:55:38.113,32.7700,100
39338113503638,10:55:38.113,32.7700,85
39338113504287,10:55:38.113,32.7700,54
39338113504287,10:55:38.113,32.7700,46
39338114620247,10:55:38.114,32.7700,54
39338114620247,10:55:38.114,32.7700,40
39338143944329,10:55:38.143,32.7800,100
39351941729620,10:55:51.941,32.7700,100
39351941731206,10:55:51.941,32.7700,100
39351944190725,10:55:51.944,32.7800,100
39365171560975,10:56:05.171,32.7700,100
39365171595706,10:56:05.171,32.7700,100
39365171614166,10:56:05.171,32.7700,100
39365171624036,10:56:05.171,32.7700,100
39365171675420,10:56:05.171,32.7700,100
39365171675420,10:56:05.171,32.7700,100
39365173685817,10:56:05.173,32.7700,100
39365173685817,10:56:05.173,32.7800,100
39365173685817,10:56:05.173,32.7800,200
39365173685817,10:56:05.173,32.7800,10
39365173819288,10:56:05.173,32.7800,10
39367979645314,10:56:07.979,32.7800,100
39367981372491,10:56:07.981,32.7800,100
39367981427049,10:56:07.981,32.7800,100
39367981475117,10:56:07.981,32.7800,100
39367981523261,10:56:07.981,32.7800,100
39367981572309,10:56:07.981,32.7800,100
39367981737919,10:56:07.981,32.7800,26
39367981990607,10:56:07.981,32.7800,174
39411919746256,10:56:51.919,32.7900,140
39411919918309,10:56:51.919,32.7900,60
39411919918309,10:56:51.919,32.7900,300
39411919918309,10:56:51.919,32.7900,63
39411919918309,10:56:51.919,32.7900,100
39411919918309,10:56:51.919,32.7900,100
39411919918309,10:56:51.919,32.7900,78
39411919966758,10:56:51.919,32.7900,22
39411919966758,10:56:51.919,32.7900,78
39411919968460,10:56:51.919,32.7900,22
39411920251236,10:56:51.920,32.8000,60
39411920588974,10:56:51.920,32.8000,15
39413204410146,10:56:53.204,32.8000,100
39416897995521,10:56:56.897,32.8100,100
39423174451420,10:57:03.174,32.8200,100
39426673178549,10:57:06.673,32.8300,200
39426673178549,10:57:06.673,32.8300,100
39426673178549,10:57:06.673,32.8300,100
39430668169136,10:57:10.668,32.8100,90
39430668174882,10:57:10.668,32.8100,10
39430668174882,10:57:10.668,32.8100,100
39430668220765,10:57:10.668,32.8000,100
39430668232002,10:57:10.668,32.8000,4
39430668232002,10:57:10.668,32.8000,96
39435025813517,10:57:15.025,32.8000,91
39435906421970,10:57:15.906,32.7900,100
39467008436742,10:57:47.008,32.7800,2
39467008500996,10:57:47.008,32.7800,98
39474897626729,10:57:54.897,32.7800,100
39486512911007,10:58:06.512,32.7900,100
39486512911007,10:58:06.512,32.7900,100
39486512911007,10:58:06.512,32.7900,11
39523330404828,10:58:43.330,32.8100,100
39527330512239,10:58:47.330,32.8100,100
39546150664063,10:59:06.150,32.8200,100
39550151267221,10:59:10.151,32.8300,100
39552629600422,10:59:12.629,32.8300,100
39554149675273,10:59:14.149,32.8400,100
39564150171100,10:59:24.150,32.8500,100
39572910081406,10:59:32.910,32.8500,27
39572910081406,10:59:32.910,32.8500,73
39572910260926,10:59:32.910,32.8500,27
39572910260926,10:59:32.910,32.8500,100
39572910260926,10:59:32.910,32.8500,200
39572910260926,10:59:32.910,32.8500,100
39572910335574,10:59:32.910,32.8500,100
39572910365182,10:59:32.910,32.8500,100
39572910376434,10:59:32.910,32.8500,200
39582518325606,10:59:42.518,32.8400,47
39582518350178,10:59:42.518,32.8400,53
39601233774898,11:00:01.233,32.8400,100
39601233774898,11:00:01.233,32.8400,12
39601234091509,11:00:01.234,32.8400,88
39601234091509,11:00:01.234,32.8400,100
39601238432394,11:00:01.238,32.8500,100
39601238475773,11:00:01.238,32.8500,8
39601238479818,11:00:01.238,32.8500,13
39601261550492,11:00:01.261,32.8500,100
39601261579077,11:00:01.261,32.8500,100
39601261579077,11:00:01.261,32.8500,100
39601261579077,11:00:01.261,32.8500,100
39627102781721,11:00:27.102,32.8400,100
39627102781721,11:00:27.102,32.8400,100
39632895210226,11:00:32.895,32.8300,26
39632895559455,11:00:32.895,32.8300,1
39632895643087,11:00:32.895,32.8300,100
39632896422630,11:00:32.896,32.8300,100
39632896792053,11:00:32.896,32.8300,100
39632896888180,11:00:32.896,32.8300,100
39632896939703,11:00:32.896,32.8300,100
39632898153570,11:00:32.898,32.8400,100
39632898205158,11:00:32.898,32.8400,100
39632898255311,11:00:32.898,32.8400,100
39632898303512,11:00:32.898,32.8400,100
39633238334909,11:00:33.238,32.8400,98
39633238430157,11:00:33.238,32.8400,102
39633238430157,11:00:33.238,32.8400,100
39662803615777,11:01:02.803,32.8400,100
39662803883341,11:01:02.803,32.8400,100
39662889269731,11:01:02.889,32.8500,100
39662889639707,11:01:02.889,32.8500,100
39663311209501,11:01:03.311,32.8600,200
39663311349344,11:01:03.311,32.8600,100
39663466239997,11:01:03.466,32.8800,100
39663466239997,11:01:03.466,32.8800,100
39663496124025,11:01:03.496,32.8900,52
39663496494019,11:01:03.496,32.8900,26
39663496494019,11:01:03.496,32.8900,26
39663496851142,11:01:03.496,32.8900,52
39663529391004,11:01:03.529,32.8900,22
39663529391004,11:01:03.529,32.8900,200
39663529391004,11:01:03.529,32.8900,100
39663529391004,11:01:03.529,32.8900,100
39663529391004,11:01:03.529,32.8900,100
39663529391004,11:01:03.529,32.8900,4
39664357804649,11:01:04.357,32.8700,100
39664357871544,11:01:04.357,32.8700,36
39664358450997,11:01:04.358,32.8600,100
39664358450997,11:01:04.358,32.8600,100
39664358450997,11:01:04.358,32.8600,100
39664573294951,11:01:04.573,32.8500,10
39664573374254,11:01:04.573,32.8500,90
39667033061685,11:01:07.033,32.8400,100
39668538131450,11:01:08.538,32.8400,100
39669996230036,11:01:09.996,32.8500,200
39669996230036,11:01:09.996,32.8500,52
39669996299115,11:01:09.996,32.8500,48
39671153540986,11:01:11.153,32.8400,100
39674524247547,11:01:14.524,32.8400,100
39674524247547,11:01:14.524,32.8400,100
39687150761587,11:01:27.150,32.8500,12
39687150761587,11:01:27.150,32.8500,100
39726282690539,11:02:06.282,32.8550,100
39726282690539,11:02:06.282,32.8600,332
39726282690539,11:02:06.282,32.8600,100
39726282690539,11:02:06.282,32.8600,68
39726282735116,11:02:06.282,32.8600,32
39726282735116,11:02:06.282,32.8600,100
39726282735116,11:02:06.282,32.8600,11
39727049924320,11:02:07.049,32.8700,100
39727050000814,11:02:07.050,32.8700,100
39727126627951,11:02:07.126,32.8800,100
39732088188264,11:02:12.088,32.8800,100
39732088283278,11:02:12.088,32.8800,100
39732088283278,11:02:12.088,32.8800,100
39732088283278,11:02:12.088,32.8800,100
39732088363260,11:02:12.088,32.8800,200
39732088363260,11:02:12.088,32.8800,100
39732114292121,11:02:12.114,32.8800,100
39732114292121,11:02:12.114,32.8800,100
39732114292121,11:02:12.114,32.8900,100
39732114292121,11:02:12.114,32.8900,200
39732114292121,11:02:12.114,32.8900,100
39732114292121,11:02:12.114,32.8900,100
39732114292121,11:02:12.114,32.8900,100
39732114292121,11:02:12.114,32.8900,100
39732114292121,11:02:12.114,32.8900,600
39732114292121,11:02:12.114,32.9000,100
39732114292121,11:02:12.114,32.9000,40
39732118935415,11:02:12.118,32.9100,100
39732118935415,11:02:12.118,32.9100,100
39732118935415,11:02:12.118,32.9100,1000
39732122693842,11:02:12.122,32.9000,55
39732122693842,11:02:12.122,32.9000,100
39732122693842,11:02:12.122,32.9000,45
39732122693842,11:02:12.122,32.9100,100
39732122693842,11:02:12.122,32.9100,100
39732122693842,11:02:12.122,32.9100,100
39732608605160,11:02:12.608,32.9100,100
39732608605160,11:02:12.608,32.9100,100
39732614507754,11:02:12.614,32.9100,24
39732614531067,11:02:12.614,32.9100,76
39732614531067,11:02:12.614,32.9100,11
39732614560724,11:02:12.614,32.9100,89
39732614560724,11:02:12.614,32.9100,100
39732654182980,11:02:12.654,32.9100,100
39732654182980,11:02:12.654,32.9100,100
39732654182980,11:02:12.654,32.9100,100
39732654182980,11:02:12.654,32.9100,10
39732676313021,11:02:12.676,32.9100,66
39732676313021,11:02:12.676,32.9100,34
39733390316593,11:02:13.390,32.8900,24
39743150829989,11:02:23.150,32.9200,100
39743151055863,11:02:23.151,32.9200,100
39748150415795,11:02:28.150,32.9200,100
39748150612146,11:02:28.150,32.9200,100
39756254871858,11:02:36.254,32.9200,100
39758150087169,11:02:38.150,32.9200,100
39758301414040,11:02:38.301,32.9200,100
39763150021034,11:02:43.150,32.9300,100
39768149147300,11:02:48.149,32.9300,100
39768149507874,11:02:48.149,32.9300,100
39769409301565,11:02:49.409,32.9500,131
39792264699130,11:03:12.264,32.9300,100
39792264699130,11:03:12.264,32.9300,100
39792264699130,11:03:12.264,32.9300,75
39792264706778,11:03:12.264,32.9300,25
39792401229184,11:03:12.401,32.9300,100
39794051646699,11:03:14.051,32.9300,25
39801083475179,11:03:21.083,32.9200,55
39801083507610,11:03:21.083,32.9200,45
39801083507610,11:03:21.083,32.9200,100
39804904394669,11:03:24.904,32.9000,100
39804904427794,11:03:24.904,32.9000,100
39809221247720,11:03:29.221,32.9000,100
39817020214505,11:03:37.020,32.9050,100
39817020214505,11:03:37.020,32.9100,100
39817020214505,11:03:37.020,32.9100,100
39817020214505,11:03:37.020,32.9100,100
39827821116632,11:03:47.821,32.9100,100
39827920877862,11:03:47.920,32.9200,200
39827920877862,11:03:47.920,32.9200,100
39827920877862,11:03:47.920,32.9200,100
39827920877862,11:03:47.920,32.9200,200
39830620799238,11:03:50.620,32.9200,100
39830620799238,11:03:50.620,32.9200,100
39830620799238,11:03:50.620,32.9200,100
39830620799238,11:03:50.620,32.9200,100
39889224451743,11:04:49.224,32.9200,100
39889224451743,11:04:49.224,32.9200,100
39889224451743,11:04:49.224,32.9200,100
39898578907746,11:04:58.578,32.9300,100
39898578907746,11:04:58.578,32.9300,200
39898578907746,11:04:58.578,32.9300,14
39898578907746,11:04:58.578,32.9300,100
39898578952455,11:04:58.578,32.9400,100
39898578952455,11:04:58.578,32.9400,100
39898578954279,11:04:58.578,32.9400,100
39901250264122,11:05:01.250,32.9500,100
39904150074826,11:05:04.150,32.9500,100
39904150074826,11:05:04.150,32.9500,100
39926148373966,11:05:26.148,32.9500,20
39926148814965,11:05:26.148,32.9500,80
39926148814965,11:05:26.148,32.9500,200
39926291261277,11:05:26.291,32.9600,196
39926291463615,11:05:26.291,32.9600,4
39926385242736,11:05:26.385,32.9800,25
39926385242736,11:05:26.385,32.9800,141
39926385622494,11:05:26.385,32.9800,259
39926390577866,11:05:26.390,32.9800,100
39928954094030,11:05:28.954,32.9600,30
39939535285111,11:05:39.535,32.9800,400
39939535285111,11:05:39.535,32.9800,100
39939535285111,11:05:39.535,32.9800,200
39939535285111,11:05:39.535,32.9900,25
39939535285111,11:05:39.535,32.9900,100
39939535285111,11:05:39.535,32.9900,100
39939535285111,11:05:39.535,32.9900,100
39939535285111,11:05:39.535,32.9900,400
39939535285111,11:05:39.535,32.9900,100
39939543354569,11:05:39.543,33.0000,81
39939543354569,11:05:39.543,33.0000,19
39939543394336,11:05:39.543,33.0000,81
39939543394336,11:05:39.543,33.0000,19
39939543451457,11:05:39.543,33.0000,100
39939543483916,11:05:39.543,33.0000,6
39939543483916,11:05:39.543,33.0000,7500
39939543483916,11:05:39.543,33.0000,2500
39939543483916,11:05:39.543,33.0000,12500
39939543483916,11:05:39.543,33.0000,2000
39939543483916,11:05:39.543,33.0000,2000
39939543483916,11:05:39.543,33.0000,2
39939543483916,11:05:39.543,33.0000,100
39939543483916,11:05:39.543,33.0000,200
39939543483916,11:05:39.543,33.0000,100
39939543483916,11:05:39.543,33.0000,142
39939543483916,11:05:39.543,33.0000,125
39939543483916,11:05:39.543,33.0000,30
39939543483916,11:05:39.543,33.0000,200
39939543483916,11:05:39.543,33.0000,100
39939543483916,11:05:39.543,33.0000,300
39939543483916,11:05:39.543,33.0000,119
39939543522543,11:05:39.543,33.0000,181
39939547567159,11:05:39.547,33.0000,200
39939547567159,11:05:39.547,33.0000,300
39939547567159,11:05:39.547,33.0000,200
39939577570469,11:05:39.577,33.0000,100
39939644973210,11:05:39.644,33.0000,100
39939647791304,11:05:39.647,33.0000,24
39939727089200,11:05:39.727,32.9900,100
39939727089200,11:05:39.727,33.0000,200
39939727089200,11:05:39.727,33.0000,100
39940454598673,11:05:40.454,32.9800,100
39940454598673,11:05:40.454,32.9800,100
39940454598673,11:05:40.454,32.9800,100
39940454598673,11:05:40.454,32.9800,100
39940454598673,11:05:40.454,32.9800,200
39940454598673,11:05:40.454,32.9800,200
39940454721571,11:05:40.454,32.9800,200
39940455374129,11:05:40.455,32.9800,200
39940455374129,11:05:40.455,32.9800,100
39940455374129,11:05:40.455,32.9800,100
39940455548298,11:05:40.455,32.9800,400
39940455548298,11:05:40.455,32.9800,200
39940455548298,11:05:40.455,32.9800,100
39940455860505,11:05:40.455,32.9800,76
39940668701251,11:05:40.668,32.9800,100
39940668701251,11:05:40.668,32.9800,100
39941726900128,11:05:41.726,32.9800,100
39942078525117,11:05:42.078,32.9900,100
39942078525117,11:05:42.078,32.9900,200
39942081480340,11:05:42.081,32.9900,200
39942081530360,11:05:42.081,32.9900,200
39942081578145,11:05:42.081,32.9900,200
39942090574553,11:05:42.090,32.9900,200
39942090574553,11:05:42.090,32.9900,100
39942105698617,11:05:42.105,33.0000,200
39942105698617,11:05:42.105,33.0000,200
39942115495121,11:05:42.115,33.0100,150
39942115521212,11:05:42.115,33.0100,50
39942115521212,11:05:42.115,33.0100,100
39942115521212,11:05:42.115,33.0100,100
39942804574201,11:05:42.804,33.0200,100
39942804613869,11:05:42.804,33.0200,200
39943088713676,11:05:43.088,33.0200,100
39943463700930,11:05:43.463,33.0200,100
39943465108405,11:05:43.465,33.0200,100
39943585174932,11:05:43.585,33.0200,91
39943827256809,11:05:43.827,33.0200,100
39943828456548,11:05:43.828,33.0200,100
39943828480950,11:05:43.828,33.0200,100
39946018870376,11:05:46.018,33.0100,100
39946018895135,11:05:46.018,33.0100,100
39946327091388,11:05:46.327,33.0100,100
39946327091388,11:05:46.327,33.0100,100
39948827628450,11:05:48.827,33.0000,200
39948827628450,11:05:48.827,33.0000,200
39951127471121,11:05:51.127,33.0100,100
39953227685033,11:05:53.227,33.0000,100
39953227685033,11:05:53.227,33.0000,200
39953227810440,11:05:53.227,33.0000,100
39953227873021,11:05:53.227,33.0000,100
39955427772330,11:05:55.427,33.0000,100
39955427772330,11:05:55.427,33.0000,100
39955427772330,11:05:55.427,33.0000,100
39955427772330,11:05:55.427,33.0000,100
39955428458735,11:05:55.428,33.0100,100
39955428458735,11:05:55.428,33.0100,100
39958628075065,11:05:58.628,33.0000,100
39958628075065,11:05:58.628,33.0000,100
39959737917591,11:05:59.737,33.0100,100
39960927884942,11:06:00.927,33.0100,200
39960927884942,11:06:00.927,33.0100,100
39960927884942,11:06:00.927,33.0100,100
39960927884942,11:06:00.927,33.0100,101
39962928348728,11:06:02.928,33.0100,100
39962928348728,11:06:02.928,33.0100,100
39962928348728,11:06:02.928,33.0100,100
39962928348728,11:06:02.928,33.0100,100
39962928847944,11:06:02.928,33.0100,100
39962928847944,11:06:02.928,33.0100,100
39962928847944,11:06:02.928,33.0100,100
39962928847944,11:06:02.928,33.0100,100
39963321285793,11:06:03.321,33.0000,100
39963321543897,11:06:03.321,33.0000,100
39963457930102,11:06:03.457,33.0000,100
39963457930102,11:06:03.457,33.0000,100
39963574838988,11:06:03.574,32.9900,100
39963574838988,11:06:03.574,32.9900,100
39965228142739,11:06:05.228,32.9800,100
39967430643273,11:06:07.430,32.9700,100
39967430643273,11:06:07.430,32.9700,100
39978170342352,11:06:18.170,32.9400,100
39978174905736,11:06:18.174,32.9300,300
39979524546805,11:06:19.524,32.9300,16
39980058874554,11:06:20.058,32.9300,100
39984385077541,11:06:24.385,32.9400,200
39995684402473,11:06:35.684,32.9300,100
39995684402473,11:06:35.684,32.9300,100
39997620130201,11:06:37.620,32.9200,100
40006457245337,11:06:46.457,32.9200,100
40006457269438,11:06:46.457,32.9200,200
40006457759936,11:06:46.457,32.9200,24
40006457813596,11:06:46.457,32.9200,176
40006457820681,11:06:46.457,32.9200,100
40006457992974,11:06:46.457,32.9250,2300
40006458516386,11:06:46.458,32.9200,100
40006458516386,11:06:46.458,32.9200,100
40006458516386,11:06:46.458,32.9200,100
40008590083355,11:06:48.590,32.9300,100
40008590083355,11:06:48.590,32.9300,100
40008798398943,11:06:48.798,32.9400,100
40008798415706,11:06:48.798,32.9400,100
40008798415706,11:06:48.798,32.9400,100
40008798476175,11:06:48.798,32.9400,100
40008798520903,11:06:48.798,32.9400,100
40008800587533,11:06:48.800,32.9300,200
40008800587533,11:06:48.800,32.9300,100
40009258060097,11:06:49.258,32.9500,87
40010798509874,11:06:50.798,32.9500,100
40010798534001,11:06:50.798,32.9500,13
40011157310513,11:06:51.157,32.9600,100
40011329455772,11:06:51.329,32.9600,100
40011329912321,11:06:51.329,32.9600,100
40016154186419,11:06:56.154,32.9700,100
40017424045904,11:06:57.424,32.9700,200
40017424226010,11:06:57.424,32.9700,200
40017424264419,11:06:57.424,32.9700,200
40017424408087,11:06:57.424,32.9700,100
40017424408087,11:06:57.424,32.9700,100
40017424408087,11:06:57.424,32.9700,100
40017424408087,11:06:57.424,32.9700,100
40017424408087,11:06:57.424,32.9700,100
40017424408087,11:06:57.424,32.9700,100
40017424408087,11:06:57.424,32.9700,100
40017424408087,11:06:57.424,32.9700,100
40019222269813,11:06:59.222,32.9700,100
40019230243582,11:06:59.230,32.9700,100
40019230243582,11:06:59.230,32.9700,300
40019230416851,11:06:59.230,32.9700,100
40019230416851,11:06:59.230,32.9700,100
40019230416851,11:06:59.230,32.9700,100
40019230416851,11:06:59.230,32.9700,100
40019230416851,11:06:59.230,32.9700,100
40021009682376,11:07:01.009,32.9700,100
40028300517684,11:07:08.300,32.9600,100
40028300517684,11:07:08.300,32.9600,100
40039075832218,11:07:19.075,32.9300,100
40039075833623,11:07:19.075,32.9400,200
40039075884602,11:07:19.075,32.9400,100
40042264846361,11:07:22.264,32.9300,200
40111794107907,11:08:31.794,32.9100,200
40111794107907,11:08:31.794,32.9100,100
40111794107907,11:08:31.794,32.9100,44
40111794107907,11:08:31.794,32.9100,742
40111794139645,11:08:31.794,32.9100,58
40111794346990,11:08:31.794,32.9100,58
40111794392318,11:08:31.794,32.9100,142
40111794578739,11:08:31.794,32.9100,200
40111794707513,11:08:31.794,32.9100,200
40111794709171,11:08:31.794,32.9100,100
40111794714966,11:08:31.794,32.9100,100
40111794778087,11:08:31.794,32.9100,100
40111794778087,11:08:31.794,32.9100,100
40135097730557,11:08:55.097,32.9100,100
40135097730557,11:08:55.097,32.9100,200
40135097939025,11:08:55.097,32.9100,200
40135097939025,11:08:55.097,32.9100,100
40135097939025,11:08:55.097,32.9100,100
40135097939025,11:08:55.097,32.9100,100
40135105273265,11:08:55.105,32.9000,100
40186557986358,11:09:46.557,32.9000,100
40186558012580,11:09:46.558,32.9000,100
40186558012580,11:09:46.558,32.9000,100
40186558012580,11:09:46.558,32.9000,100
40186558086960,11:09:46.558,32.9000,100
40186558273741,11:09:46.558,32.9000,100
40186558273741,11:09:46.558,32.9000,100
40186558372914,11:09:46.558,32.9000,2
40262169329031,11:11:02.169,32.8900,2
40282178206586,11:11:22.178,32.8900,100
40282178206586,11:11:22.178,32.8900,100
40282178206586,11:11:22.178,32.8900,100
40282178466162,11:11:22.178,32.8900,23
40282178466162,11:11:22.178,32.8900,100
40286224494400,11:11:26.224,32.8900,11
40286225008255,11:11:26.225,32.8900,100
40286225039245,11:11:26.225,32.8900,100
40286225079896,11:11:26.225,32.8900,100
40286225640198,11:11:26.225,32.9000,100
40286225640198,11:11:26.225,32.9000,300
40286225640198,11:11:26.225,32.9000,81
40286225640198,11:11:26.225,32.9000,100
40286225640198,11:11:26.225,32.9000,19
40286225683666,11:11:26.225,32.9000,100
40286225705219,11:11:26.225,32.9000,75
40286226135625,11:11:26.226,32.9000,6
40286226135625,11:11:26.226,32.9000,12
40320118809815,11:12:00.118,32.8850,100
40320118809815,11:12:00.118,32.8900,26
40320119184416,11:12:00.119,32.8900,74
40320119184416,11:12:00.119,32.8900,100
40320119184416,11:12:00.119,32.8900,100
40320119547944,11:12:00.119,32.8900,100
40320119683173,11:12:00.119,32.8900,100
40320119867805,11:12:00.119,32.8900,100
40320120646322,11:12:00.120,32.8900,100
40320120671970,11:12:00.120,32.8900,200
40320120671970,11:12:00.120,32.8900,100
40320120671970,11:12:00.120,32.8900,100
40320120671970,11:12:00.120,32.8900,100
40320120671970,11:12:00.120,32.8900,100
40320120671970,11:12:00.120,32.8900,100
40320120671970,11:12:00.120,32.8900,100
40320120705093,11:12:00.120,32.8900,100
40385660958565,11:13:05.660,32.8800,26
40385660983728,11:13:05.660,32.8800,74
40385660983728,11:13:05.660,32.8800,300
40385660983728,11:13:05.660,32.8800,109
40385661016789,11:13:05.661,32.8800,91
40385661021586,11:13:05.661,32.8800,91
40385661025035,11:13:05.661,32.8800,91
40385661026278,11:13:05.661,32.8800,91
40385661190657,11:13:05.661,32.8800,37
40385661215147,11:13:05.661,32.8800,123
40385661341183,11:13:05.661,32.8800,15
40385661506994,11:13:05.661,32.8800,125
40385661506994,11:13:05.661,32.8800,175
40385661675643,11:13:05.661,32.8800,25
40385661675643,11:13:05.661,32.8800,75
40385661753686,11:13:05.661,32.8800,27
40385661753686,11:13:05.661,32.8800,31
40385661753686,11:13:05.661,32.8800,42
40385661754796,11:13:05.661,32.8800,100
40385661755372,11:13:05.661,32.8800,100
40385662396160,11:13:05.662,32.8800,83
40385662461563,11:13:05.662,32.8800,17
40385663167266,11:13:05.663,32.8800,100
40385663167266,11:13:05.663,32.8800,100
40385663996139,11:13:05.663,32.8800,83
40393574433045,11:13:13.574,32.8700,7
40393574457459,11:13:13.574,32.8700,3
40393575531015,11:13:13.575,32.8700,55
40393575531015,11:13:13.575,32.8700,10
40393575590578,11:13:13.575,32.8700,90
40393575590578,11:13:13.575,32.8700,10
40393575648327,11:13:13.575,32.8700,90
40407234818664,11:13:27.234,32.8650,17
40434177666989,11:13:54.177,32.8700,100
40434177666989,11:13:54.177,32.8700,100
40434177666989,11:13:54.177,32.8700,12
40434177666989,11:13:54.177,32.8700,284
40434178233901,11:13:54.178,32.8700,216
40434178233901,11:13:54.178,32.8700,700
40436448943626,11:13:56.448,32.8800,200
40436448943626,11:13:56.448,32.8800,100
40436448943626,11:13:56.448,32.8800,100
40436449061158,11:13:56.449,32.8800,200
40436454387790,11:13:56.454,32.8800,200
40440122802592,11:14:00.122,32.8800,100
40447935148024,11:14:07.935,32.8900,100
40447935148024,11:14:07.935,32.8900,100
40447935148024,11:14:07.935,32.8900,12
40447937222090,11:14:07.937,32.8900,100
40465299099164,11:14:25.299,32.8800,200
40465299185709,11:14:25.299,32.8800,5
40465299333416,11:14:25.299,32.8800,5
40465299611114,11:14:25.299,32.8800,26
40466862049489,11:14:26.862,32.8700,74
40466862080571,11:14:26.862,32.8700,26
40473735381297,11:14:33.735,32.8700,100
40489126465439,11:14:49.126,32.8800,100
40508635022745,11:15:08.635,32.8700,19
40535485932781,11:15:35.485,32.8650,200
40535485932781,11:15:35.485,32.8600,100
40535485962776,11:15:35.485,32.8650,200
40535485980466,11:15:35.485,32.8600,21
40535487063299,11:15:35.487,32.8650,200
40538303157305,11:15:38.303,32.8600,100
40538303217410,11:15:38.303,32.8600,79
40538303294167,11:15:38.303,32.8600,100
40538303294167,11:15:38.303,32.8600,100
40538303295923,11:15:38.303,32.8600,100
40538303295923,11:15:38.303,32.8600,100
40538303295923,11:15:38.303,32.8600,100
40575571368128,11:16:15.571,32.8600,100
40575571368128,11:16:15.571,32.8600,11
40614429149883,11:16:54.429,32.8700,100
40614429149883,11:16:54.429,32.8700,100
40614429149883,11:16:54.429,32.8700,100
40618636131525,11:16:58.636,32.8700,24
40618636172370,11:16:58.636,32.8700,76
40648413822659,11:17:28.413,32.8800,200
40648413822659,11:17:28.413,32.8800,100
40648413822659,11:17:28.413,32.8800,100
40648413822659,11:17:28.413,32.8800,100
40694784955201,11:18:14.784,32.8800,100
40694784955201,11:18:14.784,32.8800,100
40712764476091,11:18:32.764,32.8850,2
40744701543349,11:19:04.701,32.8800,43
40744701543349,11:19:04.701,32.8800,100
40744701543349,11:19:04.701,32.8800,262
40744701591866,11:19:04.701,32.8800,400
40744701595262,11:19:04.701,32.8800,238
40744717676469,11:19:04.717,32.8800,50
40749167829768,11:19:09.167,32.8800,23
40749167829768,11:19:09.167,32.8800,77
40749167871990,11:19:09.167,32.8800,123
40749167895142,11:19:09.167,32.8800,100
40750230057870,11:19:10.230,32.8800,22
40765087256522,11:19:25.087,32.8800,100
40765088888459,11:19:25.088,32.8700,100
40780302938181,11:19:40.302,32.8600,200
40780302997677,11:19:40.302,32.8600,78
40806303614207,11:20:06.303,32.8500,100
40806303614207,11:20:06.303,32.8500,100
40806303741142,11:20:06.303,32.8500,30
40810070387386,11:20:10.070,32.8300,98
40810070392629,11:20:10.070,32.8400,100
40810070392629,11:20:10.070,32.8400,12
40819334105385,11:20:19.334,32.8300,68
40843059890669,11:20:43.059,32.8300,75
40843059893233,11:20:43.059,32.8300,25
40843059893233,11:20:43.059,32.8300,75
40843059944592,11:20:43.059,32.8300,100
40843060085666,11:20:43.060,32.8300,100
40843060085666,11:20:43.060,32.8300,100
40843060085666,11:20:43.060,32.8300,100
40843060168561,11:20:43.060,32.8300,98
40843060168561,11:20:43.060,32.8300,100
40843060168561,11:20:43.060,32.8300,100
40847267185594,11:20:47.267,32.8100,200
40855578792108,11:20:55.578,32.8200,5
40870479992718,11:21:10.479,32.8100,81
40870480591609,11:21:10.480,32.8100,60
40870480616273,11:21:10.480,32.8100,80
40870481234785,11:21:10.481,32.8100,100
40903304937564,11:21:43.304,32.8100,79
40903304937564,11:21:43.304,32.8100,88
40903304937564,11:21:43.304,32.8100,233
40903304969580,11:21:43.304,32.8100,79
40903305005050,11:21:43.305,32.8100,88
40903305005050,11:21:43.305,32.8100,12
40903305047048,11:21:43.305,32.8100,88
40903305047048,11:21:43.305,32.8100,100
40903305047048,11:21:43.305,32.8100,100
40913458731278,11:21:53.458,32.8000,100
40913458731278,11:21:53.458,32.8000,200
40913458731278,11:21:53.458,32.8000,200
40913458731278,11:21:53.458,32.8000,100
40913459058911,11:21:53.459,32.8000,100
40913459081118,11:21:53.459,32.8000,100
40913459097669,11:21:53.459,32.8000,100
40913459564253,11:21:53.459,32.8000,100
40913459694117,11:21:53.459,32.8000,200
40913459753704,11:21:53.459,32.8000,100
40913459753704,11:21:53.459,32.8000,100
40922600250365,11:22:02.600,32.7900,100
40922600286571,11:22:02.600,32.7900,200
40922600286571,11:22:02.600,32.7900,40
40930542571069,11:22:10.542,32.7800,28
40930542649412,11:22:10.542,32.7800,172
40937506235803,11:22:17.506,32.7700,74
40937508739707,11:22:17.508,32.7750,200
40937508739707,11:22:17.508,32.7700,226
40941813899090,11:22:21.813,32.7700,100
40941813924704,11:22:21.813,32.7700,1
40941813946518,11:22:21.813,32.7700,15
40941813975520,11:22:21.813,32.7700,84
40965761950023,11:22:45.761,32.7600,95
40965761950023,11:22:45.761,32.7600,5
40965762000225,11:22:45.762,32.7600,95
40965762000225,11:22:45.762,32.7600,100
40965762333588,11:22:45.762,32.7600,100
40965762333588,11:22:45.762,32.7600,95
40965762558928,11:22:45.762,32.7600,5
41003689358260,11:23:23.689,32.7600,1
41028208022879,11:23:48.208,32.7600,100
41028208022879,11:23:48.208,32.7600,100
41028208022879,11:23:48.208,32.7600,300
41028208022879,11:23:48.208,32.7600,100
41028208022879,11:23:48.208,32.7600,12
41042894373335,11:24:02.894,32.7700,125
41042894384386,11:24:02.894,32.7700,75
41043467237291,11:24:03.467,32.7700,100
41043467237291,11:24:03.467,32.7700,100
41043467237291,11:24:03.467,32.7700,100
41043467237291,11:24:03.467,32.7700,100
41043467237291,11:24:03.467,32.7700,99
41043467253652,11:24:03.467,32.7700,1
41055543529778,11:24:15.543,32.7700,200
41055543529778,11:24:15.543,32.7700,100
41109284473777,11:25:09.284,32.7600,100
41109284473777,11:25:09.284,32.7600,11
41109284516876,11:25:09.284,32.7600,41
41109284519761,11:25:09.284,32.7600,48
41109284519761,11:25:09.284,32.7600,52
41109284556295,11:25:09.284,32.7600,100
41110321791487,11:25:10.321,32.7600,100
41110381695172,11:25:10.381,32.7600,91
41110381790582,11:25:10.381,32.7600,57
41110381790582,11:25:10.381,32.7600,43
41112697207630,11:25:12.697,32.7700,200
41112697207630,11:25:12.697,32.7700,100
41117500482788,11:25:17.500,32.7700,100
41117500482788,11:25:17.500,32.7700,13
41117500482788,11:25:17.500,32.7700,87
41129043174562,11:25:29.043,32.7700,100
41129043549966,11:25:29.043,32.7700,100
41132372287746,11:25:32.372,32.7800,300
41132372287746,11:25:32.372,32.7800,100
41132372287746,11:25:32.372,32.7800,100
41132372287746,11:25:32.372,32.7800,100
41132372287746,11:25:32.372,32.7800,200
41132372287746,11:25:32.372,32.7800,45
41134211857489,11:25:34.211,32.7700,20
41148264533136,11:25:48.264,32.7700,100
41148264572832,11:25:48.264,32.7700,75
41148264601822,11:25:48.264,32.7700,325
41148265468663,11:25:48.265,32.7700,100
41148266296618,11:25:48.266,32.7700,100
41148266296618,11:25:48.266,32.7700,100
41148266296618,11:25:48.266,32.7700,100
41185228139794,11:26:25.228,32.7700,8
41199249661753,11:26:39.249,32.7800,100
41199249661753,11:26:39.249,32.7800,13
41199249667856,11:26:39.249,32.7800,100
41199250943628,11:26:39.250,32.7800,100
41199250985101,11:26:39.250,32.7800,100
41199251046557,11:26:39.251,32.7800,100
41229709404480,11:27:09.709,32.7900,200
41229709404480,11:27:09.709,32.7900,100
41284380017268,11:28:04.380,32.7950,764
41284380052033,11:28:04.380,32.7900,22
41284380052033,11:28:04.380,32.7900,389
41284380146470,11:28:04.380,32.7900,33
41284380175299,11:28:04.380,32.7900,178
41284380175299,11:28:04.380,32.7900,100
41284380175299,11:28:04.380,32.7900,42
41284380175299,11:28:04.380,32.7900,33
41284380253761,11:28:04.380,32.7900,42
41284380676347,11:28:04.380,32.7900,100
41293317022772,11:28:13.317,32.8000,200
41293317022772,11:28:13.317,32.8000,100
41293317417399,11:28:13.317,32.8000,13
41293317417399,11:28:13.317,32.8000,200
41293317417399,11:28:13.317,32.8000,100
41309665799812,11:28:29.665,32.8100,100
41309665799812,11:28:29.665,32.8100,200
41309665799812,11:28:29.665,32.8100,100
41309665908431,11:28:29.665,32.8100,100
41309665912394,11:28:29.665,32.8100,100
41309695036884,11:28:29.695,32.8200,42
41309695061475,11:28:29.695,32.8200,58
41310420739088,11:28:30.420,32.8300,100
41310420739088,11:28:30.420,32.8300,100
41347791104610,11:29:07.791,32.8400,100
41356829782741,11:29:16.829,32.8400,30
41356829782741,11:29:16.829,32.8400,70
41366861622070,11:29:26.861,32.8400,100
41374892718388,11:29:34.892,32.8400,100
41375481473217,11:29:35.481,32.8400,100
41375481473217,11:29:35.481,32.8400,30
41379767162382,11:29:39.767,32.8400,100
41382023910945,11:29:42.023,32.8400,100
41382247905381,11:29:42.247,32.8400,1
41386942373143,11:29:46.942,32.8500,100
41391958899024,11:29:51.958,32.8500,100
41407021586002,11:30:07.021,32.8500,100
41408941315739,11:30:08.941,32.8500,200
41408941315739,11:30:08.941,32.8500,14
41414983934670,11:30:14.983,32.8600,100
41414983959875,11:30:14.983,32.8600,200
41425019826004,11:30:25.019,32.8700,100
41430037022636,11:30:30.037,32.8700,100
41430382387763,11:30:30.382,32.8800,100
41430382387763,11:30:30.382,32.8800,100
41432004798310,11:30:32.004,32.8900,100
41432004798310,11:30:32.004,32.8900,100
41436409053557,11:30:36.409,32.8800,100
41436409053557,11:30:36.409,32.8800,26
41437098006260,11:30:37.098,32.8900,100
41438235512518,11:30:38.235,32.8900,100
41438284293795,11:30:38.284,32.8900,40
41439445409468,11:30:39.445,32.8900,100
41440566488464,11:30:40.566,32.8900,100
41440566488464,11:30:40.566,32.8900,86
41445112594837,11:30:45.112,32.9000,100
41446888333363,11:30:46.888,32.9000,300
41446888333363,11:30:46.888,32.9000,200
41448094904886,11:30:48.094,32.9100,100
41464249599677,11:31:04.249,32.9300,100
41464250136494,11:31:04.250,32.9300,100
41464250149505,11:31:04.250,32.9300,100
41464250149505,11:31:04.250,32.9300,26
41464250183031,11:31:04.250,32.9300,74
41464250183031,11:31:04.250,32.9300,26
41464250190232,11:31:04.250,32.9300,174
41473855496026,11:31:13.855,32.9400,100
41473855496026,11:31:13.855,32.9400,100
41473855496026,11:31:13.855,32.9400,100
41473856791498,11:31:13.856,32.9400,65
41473856814948,11:31:13.856,32.9400,35
41473856876797,11:31:13.856,32.9400,100
41473858396304,11:31:13.858,32.9400,22
41492260340972,11:31:32.260,32.9500,100
41492260340972,11:31:32.260,32.9500,100
41492260340972,11:31:32.260,32.9500,100
41495438644574,11:31:35.438,32.9600,100
41495438644574,11:31:35.438,32.9600,26
41495438685357,11:31:35.438,32.9600,74
41500468346544,11:31:40.468,32.9700,41
41500468727165,11:31:40.468,32.9700,600
41500468727165,11:31:40.468,32.9700,100
41500468727165,11:31:40.468,32.9700,100
41507843433466,11:31:47.843,32.9700,100
41507843433466,11:31:47.843,32.9700,100
41508445606838,11:31:48.445,32.9700,26
41508445632485,11:31:48.445,32.9700,74
41509432812181,11:31:49.432,32.9700,100
41509471357944,11:31:49.471,32.9700,100
41509471357944,11:31:49.471,32.9700,100
41509471357944,11:31:49.471,32.9700,100
41509471357944,11:31:49.471,32.9700,100
41509471357944,11:31:49.471,32.9700,100
41509573967901,11:31:49.573,32.9700,100
41509573999307,11:31:49.573,32.9700,100
41509573999307,11:31:49.573,32.9700,100
41515496857327,11:31:55.496,32.9700,100
41515496857327,11:31:55.496,32.9700,100
41515496857327,11:31:55.496,32.9700,32
41515496857327,11:31:55.496,32.9700,100
41515498144307,11:31:55.498,32.9600,100
41515498144307,11:31:55.498,32.9600,100
41515498144307,11:31:55.498,32.9600,100
41515498144307,11:31:55.498,32.9600,100
41515498337127,11:31:55.498,32.9600,200
41515498337127,11:31:55.498,32.9600,100
41515498337127,11:31:55.498,32.9600,100
41515498337127,11:31:55.498,32.9600,100
41515675465636,11:31:55.675,32.9700,5
41517002722107,11:31:57.002,32.9600,100
41519357032183,11:31:59.357,32.9500,100
41519357032183,11:31:59.357,32.9500,100
41519357032183,11:31:59.357,32.9500,100
41519357032183,11:31:59.357,32.9500,100
41519357032183,11:31:59.357,32.9500,74
41519357032183,11:31:59.357,32.9500,81
41519357053400,11:31:59.357,32.9500,19
41519357053400,11:31:59.357,32.9500,200
41519357272627,11:31:59.357,32.9500,19
41519912138197,11:31:59.912,32.9500,158
41519912150927,11:31:59.912,32.9500,1
41519912156764,11:31:59.912,32.9500,22
41526774067869,11:32:06.774,32.9300,37
41526774098712,11:32:06.774,32.9300,63
41538216944359,11:32:18.216,32.9200,100
41552693405974,11:32:32.693,32.9100,100
41557339073494,11:32:37.339,32.9100,200
41557339073494,11:32:37.339,32.9100,200
41557339073494,11:32:37.339,32.9100,100
41557339073494,11:32:37.339,32.9100,18
41560067333375,11:32:40.067,32.9200,100
41560067360917,11:32:40.067,32.9200,100
41560067523186,11:32:40.067,32.9200,100
41560067523186,11:32:40.067,32.9200,100
41560067523186,11:32:40.067,32.9200,100
41560067523186,11:32:40.067,32.9200,100
41566051833131,11:32:46.051,32.9300,100
41566051833131,11:32:46.051,32.9300,100
41566051833131,11:32:46.051,32.9300,200
41566051833131,11:32:46.051,32.9300,100
41566051997149,11:32:46.051,32.9300,100
41566466836577,11:32:46.466,32.9300,27
41566466869333,11:32:46.466,32.9300,73
41590095418625,11:33:10.095,32.9500,100
41590095418625,11:33:10.095,32.9500,100
41592210119827,11:33:12.210,32.9600,35
41592210151227,11:33:12.210,32.9600,72
41592210151227,11:33:12.210,32.9600,100
41602606263650,11:33:22.606,32.9600,100
41609607991631,11:33:29.607,32.9600,26
41634071456751,11:33:54.071,32.9700,100
41634071456751,11:33:54.071,32.9700,100
41634071456751,11:33:54.071,32.9700,100
41634071456751,11:33:54.071,32.9700,100
41634120799141,11:33:54.120,32.9800,100
41634120961895,11:33:54.120,32.9800,100
41634131128885,11:33:54.131,32.9900,100
41654378303265,11:34:14.378,33.0000,300
41654378346136,11:34:14.378,33.0000,24
41657589230853,11:34:17.589,33.0100,52
41657589257435,11:34:17.589,33.0100,48
41657589257435,11:34:17.589,33.0100,100
41657589257435,11:34:17.589,33.0100,100
41657589298073,11:34:17.589,33.0100,100
41657589300071,11:34:17.589,33.0200,100
41660713030017,11:34:20.713,33.0300,100
41666170886878,11:34:26.170,33.0300,46
41666170892908,11:34:26.170,33.0300,54
41666170892908,11:34:26.170,33.0300,61
41666170895088,11:34:26.170,33.0300,39
41666170901256,11:34:26.170,33.0200,57
41666174670699,11:34:26.174,33.0200,100
41666174670699,11:34:26.174,33.0200,100
41667168635777,11:34:27.168,33.0300,100
41712878789160,11:35:12.878,33.0200,100
41712878789160,11:35:12.878,33.0200,100
41712878789160,11:35:12.878,33.0200,56
41712878883712,11:35:12.878,33.0200,344
41712878883712,11:35:12.878,33.0200,100
41712878883712,11:35:12.878,33.0200,100
41712878917579,11:35:12.878,33.0200,322
41712878920570,11:35:12.878,33.0200,378
41712882000827,11:35:12.882,33.0100,100
41712882000827,11:35:12.882,33.0100,100
41712885782249,11:35:12.885,33.0000,100
41714077282546,11:35:14.077,32.9900,100
41714077349535,11:35:14.077,32.9900,51
41714077757034,11:35:14.077,32.9900,49
41714077757034,11:35:14.077,32.9900,51
41714078613312,11:35:14.078,32.9900,100
41714078691646,11:35:14.078,32.9900,200
41716502188446,11:35:16.502,32.9900,100
41716502213012,11:35:16.502,32.9900,100
41721879011080,11:35:21.879,32.9800,74
41739539337455,11:35:39.539,32.9800,100
41739539337455,11:35:39.539,32.9800,26
41739539337455,11:35:39.539,32.9800,100
41739973793612,11:35:39.973,32.9800,100
41739973793612,11:35:39.973,32.9800,400
41740474886989,11:35:40.474,32.9900,100
41740474886989,11:35:40.474,32.9900,100
41740474886989,11:35:40.474,32.9900,100
41740474886989,11:35:40.474,32.9900,200
41740475166627,11:35:40.475,32.9900,100
41740475184366,11:35:40.475,32.9900,100
41740475209035,11:35:40.475,32.9900,100
41740475333282,11:35:40.475,32.9900,200
41740475333282,11:35:40.475,32.9900,200
41745427215392,11:35:45.427,32.9900,100
41745427215392,11:35:45.427,32.9900,100
41747471136902,11:35:47.471,32.9900,100
41757200742534,11:35:57.200,32.9800,100
41757200742534,11:35:57.200,32.9800,100
41757200763472,11:35:57.200,32.9800,28
41757200829893,11:35:57.200,32.9800,63
41757200894483,11:35:57.200,32.9800,63
41757200944374,11:35:57.200,32.9800,37
41768125037583,11:36:08.125,32.9700,200
41827465247622,11:37:07.465,32.9500,100
41887923564947,11:38:07.923,32.9600,2
41887923590136,11:38:07.923,32.9600,98
41887923590136,11:38:07.923,32.9600,20
41888424042677,11:38:08.424,32.9700,100
41888499716268,11:38:08.499,32.9800,100
41888500379102,11:38:08.500,32.9800,100
41889401160565,11:38:09.401,32.9900,100
41959761192937,11:39:19.761,32.9700,89
41976011079131,11:39:36.011,32.9700,11
41976011079131,11:39:36.011,32.9700,89
41976011125172,11:39:36.011,32.9700,102
41976011159720,11:39:36.011,32.9700,9
41976011159720,11:39:36.011,32.9700,91
41976011160683,11:39:36.011,32.9700,9
41992943831702,11:39:52.943,32.9500,29
41998760324778,11:39:58.760,32.9600,25
41999875941015,11:39:59.875,32.9600,100
41999875941015,11:39:59.875,32.9600,100
41999875941015,11:39:59.875,32.9600,100
42001469006799,11:40:01.469,32.9600,33
42001469006799,11:40:01.469,32.9600,100
42013875898106,11:40:13.875,32.9500,100
42013875898106,11:40:13.875,32.9500,100
42013875929785,11:40:13.875,32.9500,71
42013876043442,11:40:13.876,32.9500,100
42018678299389,11:40:18.678,32.9500,100
42030010880138,11:40:30.010,32.9400,28
42035998208107,11:40:35.998,32.9400,200
42035998278776,11:40:35.998,32.9400,100
42047750752388,11:40:47.750,32.9500,179
42047750777531,11:40:47.750,32.9500,21
42047750777531,11:40:47.750,32.9500,20
42052613850082,11:40:52.613,32.9500,3
42097661129079,11:41:37.661,32.9600,100
42097661129079,11:41:37.661,32.9600,100
42097661129079,11:41:37.661,32.9600,100
42097703458589,11:41:37.703,32.9700,30
42102593251130,11:41:42.593,32.9700,100
42102593251130,11:41:42.593,32.9700,70
42102593279677,11:41:42.593,32.9700,30
42107662449954,11:41:47.662,32.9700,30
42145639786867,11:42:25.639,32.9700,100
42154724835651,11:42:34.724,32.9700,126
42154724866239,11:42:34.724,32.9700,74
42154851099682,11:42:34.851,32.9800,100
42154851127056,11:42:34.851,32.9800,100
42154851127056,11:42:34.851,32.9800,100
42154851127056,11:42:34.851,32.9800,100
42154855121342,11:42:34.855,32.9900,200
42154856697659,11:42:34.856,32.9900,100
42156886412524,11:42:36.886,32.9900,23
42168151917265,11:42:48.151,32.9800,100
42178010713147,11:42:58.010,33.0000,100
42178010713147,11:42:58.010,33.0000,35
42190170704409,11:43:10.170,33.0000,100
42191235589429,11:43:11.235,33.0000,100
42196824322939,11:43:16.824,32.9900,100
42196824322939,11:43:16.824,32.9900,200
42196824322939,11:43:16.824,32.9900,112
42196824322939,11:43:16.824,32.9900,100
42200024703361,11:43:20.024,32.9700,100
42200024762127,11:43:20.024,32.9700,6
42200025646142,11:43:20.025,32.9700,100
42200025675641,11:43:20.025,32.9700,46
42200025727489,11:43:20.025,32.9700,54
42203925289251,11:43:23.925,32.9800,100
42203926958847,11:43:23.926,32.9800,100
42206875381279,11:43:26.875,32.9700,100
42212470552852,11:43:32.470,32.9600,57
42212470552852,11:43:32.470,32.9600,43
42212470586192,11:43:32.470,32.9600,57
42240989880172,11:44:00.989,32.9500,4
42242819604440,11:44:02.819,32.9500,100
42245875843122,11:44:05.875,32.9400,24
42245875990729,11:44:05.875,32.9400,61
42252801194128,11:44:12.801,32.9400,100
42252801194128,11:44:12.801,32.9400,100
42252801194128,11:44:12.801,32.9400,300
42261751437414,11:44:21.751,32.9500,100
42263684820311,11:44:23.684,32.9500,26
42286758024993,11:44:46.758,32.9400,200
42302542024873,11:45:02.542,32.9450,100
42306809464482,11:45:06.809,32.9500,100
42311648679797,11:45:11.648,32.9500,18
42311648749960,11:45:11.648,32.9500,82
42331429483812,11:45:31.429,32.9600,200
42331429483812,11:45:31.429,32.9600,100
42331429512638,11:45:31.429,32.9600,19
42331429512638,11:45:31.429,32.9600,100
42331430834346,11:45:31.430,32.9700,16
42331655252334,11:45:31.655,32.9700,3
42331655629262,11:45:31.655,32.9700,81
42331655629262,11:45:31.655,32.9700,100
42331655629262,11:45:31.655,32.9700,100
42331655629262,11:45:31.655,32.9700,100
42331655805853,11:45:31.655,32.9700,100
42345224736226,11:45:45.224,32.9800,1
42357312151839,11:45:57.312,32.9800,15
42357312186808,11:45:57.312,32.9800,85
42357312186808,11:45:57.312,32.9800,50
42357312187736,11:45:57.312,32.9800,50
42364389753586,11:46:04.389,32.9800,10
42381650493299,11:46:21.650,32.9800,8
42381650583506,11:46:21.650,32.9800,82
42381650583506,11:46:21.650,32.9800,20
42381650583506,11:46:21.650,32.9800,100
42382840760461,11:46:22.840,32.9800,100
42382840760461,11:46:22.840,32.9800,100
42382840760461,11:46:22.840,32.9800,100
42382841178743,11:46:22.841,32.9700,19
42382841207166,11:46:22.841,32.9700,81
42382841207166,11:46:22.841,32.9700,100
42382841207166,11:46:22.841,32.9700,100
42382841207166,11:46:22.841,32.9700,100
