timestamp,time,price,volume
34200158300037,09:30:00.158,19.2600,2
34200158300037,09:30:00.158,19.2600,924
34402609266546,09:33:22.609,18.7800,5
34584406664199,09:36:24.406,18.7900,1
34847501501706,09:40:47.501,18.7800,1
35058580004047,09:44:18.580,19.4500,1
35424050465636,09:50:24.050,18.7800,23
36741318725395,10:12:21.318,19.4100,5
38370388651862,10:39:30.388,19.4600,5
39999260018036,11:06:39.260,19.4700,5
41356320829595,11:29:16.320,19.1200,5
41955509755988,11:39:15.509,19.1100,11
42104569155085,11:41:44.569,19.0300,2
42712134313954,11:51:52.134,19.0300,1
42714386223395,11:51:54.386,19.0300,5
43463542127807,12:04:23.542,19.0300,7
44215267503917,12:16:55.267,19.0300,5
45518341426047,12:38:38.341,19.0300,5
46184217897078,12:49:44.217,19.0300,15
46184574819613,12:49:44.574,19.0300,7
46786210668176,12:59:46.210,19.0300,5
47070576663790,13:04:30.576,19.0400,7
48143288563745,13:22:23.288,19.0000,5
48813809968675,13:33:33.809,18.8100,85
48813809968675,13:33:33.809,18.8000,15
48816079234732,13:33:36.079,18.8000,1
48816079234732,13:33:36.079,18.8000,10
48816079499370,13:33:36.079,18.8000,100
48816079557803,13:33:36.079,18.8000,32
48816079557803,13:33:36.079,18.8000,68
48816079621220,13:33:36.079,18.8000,32
48816080330854,13:33:36.080,18.7600,100
48816080378107,13:33:36.080,18.7500,2
48858710455070,13:34:18.710,18.6500,2
48858710455070,13:34:18.710,18.6500,59
48858710503988,13:34:18.710,18.6500,34
48858711299793,13:34:18.711,18.6500,7
49346182900788,13:42:26.182,18.4300,5
49402866540774,13:43:22.866,18.7500,1
49405077632802,13:43:25.077,18.4700,1
49405077632802,13:43:25.077,18.4400,99
49405213588834,13:43:25.213,18.4300,5
49817974552560,13:50:17.974,18.7500,14
50111076818344,13:55:11.076,18.7500,19
50111815835424,13:55:11.815,18.4400,90
50412125981552,14:00:12.125,18.7500,21
50705151006045,14:05:05.151,18.7500,31
50998195839358,14:09:58.195,18.7500,24
51299264504797,14:14:59.264,18.7700,24
51410634380723,14:16:50.634,18.7700,7
51592323512241,14:19:52.323,18.7700,25
51885394651158,14:24:45.394,18.7700,24
52125693088938,14:28:45.693,18.4400,5
52186482415817,14:29:46.482,18.7700,26
52487580075757,14:34:47.580,18.7200,25
52646685675103,14:37:26.685,18.6900,7
52715635684744,14:38:35.635,18.6900,1
52936725539066,14:42:16.725,18.6900,8
53081846072593,14:44:41.846,18.4300,100
53081846072593,14:44:41.846,18.4300,90
53081846123586,14:44:41.846,18.4300,10
53081846123586,14:44:41.846,18.4300,90
53081846770534,14:44:41.846,18.4300,10
53081846770534,14:44:41.846,18.4300,15
53081853140963,14:44:41.853,18.4200,100
53081853187012,14:44:41.853,18.4200,33
53081853793765,14:44:41.853,18.4200,52
53125538072790,14:45:25.538,18.3100,100
53156831649493,14:45:56.831,18.1600,93
53164787433326,14:46:04.787,18.1600,7
53164787433326,14:46:04.787,18.1600,93
53164829193344,14:46:04.829,18.1500,100
53184816279968,14:46:24.816,18.1500,9
53184816279968,14:46:24.816,18.1500,91
53510764364380,14:51:50.764,18.4000,16
53943069706086,14:59:03.069,18.3800,13
53998736487532,14:59:58.736,18.3800,9
53999828407874,14:59:59.828,18.2850,100
54368619505325,15:06:08.619,18.3800,100
54368619505325,15:06:08.619,18.3800,100
54368619505325,15:06:08.619,18.3900,100
54368619505325,15:06:08.619,18.4000,32
54368619505325,15:06:08.619,18.4100,100
54368619505325,15:06:08.619,18.4100,68
54368620198702,15:06:08.620,18.4100,32
54368620198702,15:06:08.620,18.4100,68
54368620207502,15:06:08.620,18.4100,32
54368620207502,15:06:08.620,18.4100,68
54368620269968,15:06:08.620,18.4100,32
54368620341517,15:06:08.620,18.3400,17
54368620347656,15:06:08.620,18.4200,100
54368620524606,15:06:08.620,18.4200,17
54369327719179,15:06:09.327,18.4100,32
54371161513385,15:06:11.161,18.5200,100
54371165198578,15:06:11.165,18.5500,100
54375182984827,15:06:15.182,18.5050,100
54377347840752,15:06:17.347,18.5600,100
54591140164261,15:09:51.140,18.7900,100
54744773909191,15:12:24.773,18.7900,7
54826300923183,15:13:46.300,18.8500,100
54830370402031,15:13:50.370,18.8600,100
54830380386177,15:13:50.380,18.9000,100
54832884956708,15:13:52.884,18.8700,26
54854098736061,15:14:14.098,18.9600,84
54854098812310,15:14:14.098,18.9600,16
54854098812310,15:14:14.098,18.9500,84
54854098871675,15:14:14.098,18.9500,16
54856474705759,15:14:16.474,19.0300,100
54856474705759,15:14:16.474,19.0400,100
54936959882531,15:15:36.959,18.9500,100
54937436439807,15:15:37.436,19.0400,100
55019084020650,15:16:59.084,18.9500,100
55038861944779,15:17:18.861,18.9500,100
55040930905931,15:17:20.930,18.9100,9
55040930905931,15:17:20.930,18.9100,100
55040930905931,15:17:20.930,18.9400,100
55040930905931,15:17:20.930,18.9500,191
55055356609542,15:17:35.356,18.6600,93
55056326763130,15:17:36.326,18.6600,7
55056326763130,15:17:36.326,18.6600,86
55063298336632,15:17:43.298,18.7850,150
55132077278692,15:18:52.077,18.9400,100
55136124689111,15:18:56.124,18.9500,100
55136124689111,15:18:56.124,18.9500,100
55139390732344,15:18:59.390,18.9500,100
55139390855953,15:18:59.390,18.9100,96
55142372272472,15:19:02.372,18.9600,10
55142372272472,15:19:02.372,18.9600,96
55203528637630,15:20:03.528,19.0500,100
55204229654080,15:20:04.229,19.0500,29
55417537305808,15:23:37.537,19.0700,100
55477651639208,15:24:37.651,19.0700,100
55535358642796,15:25:35.358,19.0900,7
55887219850288,15:31:27.219,19.0500,10
55902902231069,15:31:42.902,19.0500,5
56007319130554,15:33:27.319,19.0400,100
56068816502680,15:34:28.816,19.0400,7
56095689884313,15:34:55.689,19.0400,100
56201102002127,15:36:41.102,19.0400,100
56243546308482,15:37:23.546,18.9600,8
56243547334619,15:37:23.547,18.9600,100
56251928068263,15:37:31.928,18.9600,100
56324380021863,15:38:44.380,18.9400,100
56324380428021,15:38:44.380,18.9400,100
56337109542253,15:38:57.109,18.9500,1
56719295687270,15:45:19.295,18.9500,99
56719295687270,15:45:19.295,18.9500,1
56719297156549,15:45:19.297,18.9500,99
56719297156549,15:45:19.297,18.9500,100
56719297156549,15:45:19.297,18.9500,1
56719297391015,15:45:19.297,18.9500,99
56719297391015,15:45:19.297,18.9500,1
56719297725970,15:45:19.297,18.9500,99
56719297725970,15:45:19.297,18.9500,1
56719299044982,15:45:19.299,18.9500,5
56719299448219,15:45:19.299,18.9500,93
56719621227774,15:45:19.621,18.9500,1
56719621227774,15:45:19.621,18.9500,99
56719621315355,15:45:19.621,18.9500,1
56719621315355,15:45:19.621,18.9500,10
56720339706049,15:45:20.339,18.9500,89
56722150685135,15:45:22.150,18.9500,1
56722150685135,15:45:22.150,18.9500,4
56742811930323,15:45:42.811,18.9500,96
56949228488022,15:49:09.228,18.9800,11
57155228368789,15:52:35.228,18.9600,7
57261230355007,15:54:21.230,18.9600,7
57344246874263,15:55:44.246,18.9600,7
57418811738694,15:56:58.811,18.8100,93
57421259364537,15:57:01.259,18.9600,7
57458849464015,15:57:38.849,18.9600,2
57458849712464,15:57:38.849,18.9600,3
57479268721376,15:57:59.268,18.9600,7
57480708085295,15:58:00.708,18.7500,100
57480708085295,15:58:00.708,18.7500,87
57480708185234,15:58:00.708,18.7500,100
57480708382150,15:58:00.708,18.7500,196
57480708794212,15:58:00.708,18.7500,500
57480708802337,15:58:00.708,18.7500,4
57480708802337,15:58:00.708,18.7500,296
57480708843999,15:58:00.708,18.7500,26
57480709459612,15:58:00.709,18.7500,7
57481324770450,15:58:01.324,18.7500,100
57487686348687,15:58:07.686,18.7500,200
57495163579674,15:58:15.163,18.7500,300
57496676496994,15:58:16.676,18.7500,193
57496676496994,15:58:16.676,18.7500,7
57497058588749,15:58:17.058,18.7300,57
57497058588749,15:58:17.058,18.7100,7
57497058588749,15:58:17.058,18.7100,35
57500268781133,15:58:20.268,18.7500,7
57513374938828,15:58:33.374,18.7100,1
57529274901850,15:58:49.274,18.7500,2
57529275766253,15:58:49.275,18.7500,3
57539457110502,15:58:59.457,18.7500,200
57540520887596,15:59:00.520,18.7500,17
57540716074300,15:59:00.716,18.7500,500
57543907344030,15:59:03.907,18.7500,35
57543909720426,15:59:03.909,18.7500,35
57549274365891,15:59:09.274,18.7500,5
57560266936600,15:59:20.266,18.7500,3
57560266936600,15:59:20.266,18.7500,106
57564274343978,15:59:24.274,18.7500,6
57566274353795,15:59:26.274,18.7500,5
57568207555080,15:59:28.207,18.7500,100
57568869230277,15:59:28.869,18.7500,11
57574157145537,15:59:34.157,18.7500,375
57578092778754,15:59:38.092,18.7300,100
57578092778754,15:59:38.092,18.7300,41
57578093340689,15:59:38.093,18.7500,100
57578093360309,15:59:38.093,18.7500,54
57581275674551,15:59:41.275,18.7500,7
57581807702607,15:59:41.807,18.7500,36
57581807702607,15:59:41.807,18.7500,64
57584804219175,15:59:44.804,18.7500,200
57586067368963,15:59:46.067,18.7300,17
57588878449960,15:59:48.878,18.7300,42
57588878449960,15:59:48.878,18.7300,54
57588895560423,15:59:48.895,18.7500,27
57588895560423,15:59:48.895,18.7700,73
57588896486828,15:59:48.896,18.7700,27
57588896486828,15:59:48.896,18.7700,73
57592275467604,15:59:52.275,18.8900,8
57595269155477,15:59:55.269,18.9100,54
57595811504898,15:59:55.811,18.7600,100
57597801872318,15:59:57.801,18.9100,8
57597802105506,15:59:57.802,18.9000,100
57597813524757,15:59:57.813,18.9000,100
57597828087905,15:59:57.828,18.9000,5
57598130559804,15:59:58.130,18.9000,9
57600224966029,16:00:00.224,18.9100,200
57600224966029,16:00:00.224,18.9100,325
57600224966029,16:00:00.224,18.9100,6794
