timestamp,time,price,volume
34200077976322,09:30:00.077,0.0000,0
34206684543711,09:30:06.684,21.6200,293
34303689413060,09:31:43.689,21.6300,195
34303689439882,09:31:43.689,21.6300,405
34303689439882,09:31:43.689,21.6300,100
34303696507286,09:31:43.696,21.6200,100
34321333152015,09:32:01.333,21.6200,100
34321333152015,09:32:01.333,21.6200,300
34325299611008,09:32:05.299,21.6100,100
34325299611008,09:32:05.299,21.6100,36
34325299698819,09:32:05.299,21.6100,64
34325299698819,09:32:05.299,21.6100,100
34346594720728,09:32:26.594,21.6300,244
34346594730752,09:32:26.594,21.6300,56
34346595171559,09:32:26.595,21.6300,100
34361145517086,09:32:41.145,21.6300,100
34361147188502,09:32:41.147,21.6300,100
34389909794780,09:33:09.909,21.6300,100
34390355624568,09:33:10.355,21.6100,60
34451361280403,09:34:11.361,21.6300,62
34478387301579,09:34:38.387,21.6400,100
34478387301579,09:34:38.387,21.6400,10
34478387301579,09:34:38.387,21.6400,60
34500058814702,09:35:00.058,21.6400,100
34500058814702,09:35:00.058,21.6400,100
34500068756286,09:35:00.068,21.6400,100
34524008243746,09:35:24.008,21.6400,83
34524008243746,09:35:24.008,21.6400,17
34524008346654,09:35:24.008,21.6400,83
34530928584051,09:35:30.928,21.6400,1
34551018354766,09:35:51.018,21.6300,9
34563392873797,09:36:03.392,21.6200,100
34563392873797,09:36:03.392,21.6200,100
34585035618156,09:36:25.035,21.6100,100
34591350835470,09:36:31.350,21.6000,500
34625228660068,09:37:05.228,21.6100,200
34625234270511,09:37:05.234,21.6200,100
34625234270511,09:37:05.234,21.6200,57
34625234650553,09:37:05.234,21.6200,100
34625234675354,09:37:05.234,21.6200,100
34625235029638,09:37:05.235,21.6200,106
34625237619816,09:37:05.237,21.6200,100
34625237627178,09:37:05.237,21.6200,100
34625237630697,09:37:05.237,21.6200,10
34625238019056,09:37:05.238,21.6200,27
34627536656229,09:37:07.536,21.6100,700
34627536656229,09:37:07.536,21.6100,100
34627536656229,09:37:07.536,21.6100,100
34701715936339,09:38:21.715,21.5900,4
34702739313728,09:38:22.739,21.5900,100
34746888813631,09:39:06.888,21.5900,200
34746888813631,09:39:06.888,21.5900,83
34746888813631,09:39:06.888,21.5900,1
34746888816064,09:39:06.888,21.5900,99
34769235934893,09:39:29.235,21.6000,100
34769253174438,09:39:29.253,21.6000,36
34927490808653,09:42:07.490,21.6000,100
34927723659076,09:42:07.723,21.6100,100
34944830278358,09:42:24.830,21.6000,100
34955781161769,09:42:35.781,21.6000,100
35000231330305,09:43:20.231,21.6000,100
35069121044412,09:44:29.121,21.6000,100
35069121592615,09:44:29.121,21.6000,100
35069121592615,09:44:29.121,21.6000,100
35069121592615,09:44:29.121,21.6000,100
35080895193653,09:44:40.895,21.6000,100
35080896228242,09:44:40.896,21.6000,100
35080896228242,09:44:40.896,21.6000,100
35178945338651,09:46:18.945,21.6000,100
35181396012172,09:46:21.396,21.6000,100
35297738962927,09:48:17.738,21.6000,100
35297739228545,09:48:17.739,21.6000,5
35332107247066,09:48:52.107,21.5900,25
35383917073589,09:49:43.917,21.5900,100
35468933217357,09:51:08.933,21.5800,100
35525276021249,09:52:05.276,21.5900,200
35525276069913,09:52:05.276,21.5900,100
35658313077303,09:54:18.313,21.5700,100
35712896762416,09:55:12.896,21.5800,100
35747438938051,09:55:47.438,21.5700,100
35747438938051,09:55:47.438,21.5700,100
35747438938051,09:55:47.438,21.5700,100
35751173458609,09:55:51.173,21.5700,100
35765282226361,09:56:05.282,21.5600,100
35765282226361,09:56:05.282,21.5600,1
35765282226361,09:56:05.282,21.5600,100
35765282226361,09:56:05.282,21.5600,100
35765282459739,09:56:05.282,21.5600,100
35765282459739,09:56:05.282,21.5600,100
35827528644820,09:57:07.528,21.5700,100
35848305671606,09:57:28.305,21.5700,100
35879066278635,09:57:59.066,21.5700,100
35912593301800,09:58:32.593,21.5700,100
35947476875806,09:59:07.476,21.5800,44
35947477243330,09:59:07.477,21.5800,56
35947612570433,09:59:07.612,21.5800,100
35947612570433,09:59:07.612,21.5800,100
35947613956573,09:59:07.613,21.5800,100
36000203494681,10:00:00.203,21.5900,100
36004381581009,10:00:04.381,21.5900,200
36160846019258,10:02:40.846,21.5900,100
36160846019258,10:02:40.846,21.5900,1
36161347094691,10:02:41.347,21.5800,28
36161347122514,10:02:41.347,21.5800,72
36161347122514,10:02:41.347,21.5800,100
36161347122514,10:02:41.347,21.5800,200
36161347425334,10:02:41.347,21.5800,100
36171962817230,10:02:51.962,21.5700,15
36228075005781,10:03:48.075,21.5700,100
36228075005781,10:03:48.075,21.5700,34
36228075005781,10:03:48.075,21.5700,66
36261673856830,10:04:21.673,21.5700,34
36300530374511,10:05:00.530,21.5700,11
36300530374511,10:05:00.530,21.5700,4
36300530374511,10:05:00.530,21.5700,53
36334699893628,10:05:34.699,21.5700,35
36362914362348,10:06:02.914,21.5800,100
36362914362348,10:06:02.914,21.5800,300
36415128076559,10:06:55.128,21.5900,100
36415469490986,10:06:55.469,21.5900,100
36415469490986,10:06:55.469,21.5900,100
36437160740822,10:07:17.160,21.6000,100
36437160740822,10:07:17.160,21.6000,100
36437160898081,10:07:17.160,21.6000,100
36437160898081,10:07:17.160,21.6000,100
36437160898081,10:07:17.160,21.6000,100
36444861824548,10:07:24.861,21.6000,100
36469285765416,10:07:49.285,21.6050,83
36640193386590,10:10:40.193,21.6100,156
36640193452185,10:10:40.193,21.6100,244
36640193452185,10:10:40.193,21.6100,100
36648352425953,10:10:48.352,21.6100,100
36668133381990,10:11:08.133,21.6050,22
36752462848480,10:12:32.462,21.6100,100
36767049705639,10:12:47.049,21.6100,100
36772389008446,10:12:52.389,21.6100,100
36776069741182,10:12:56.069,21.6100,100
36780139373897,10:13:00.139,21.6100,100
36791122072118,10:13:11.122,21.6100,55
36829196334858,10:13:49.196,21.6100,100
36858486316676,10:14:18.486,21.6100,22
36858486316676,10:14:18.486,21.6100,2
36858486316676,10:14:18.486,21.6100,76
36858486349626,10:14:18.486,21.6100,24
36934524590438,10:15:34.524,21.6000,100
36934524590438,10:15:34.524,21.6000,79
37010157578167,10:16:50.157,21.5800,7
37010157578167,10:16:50.157,21.5800,93
37014123141042,10:16:54.123,21.5800,19
37030154998987,10:17:10.154,21.5800,100
37048369048266,10:17:28.369,21.5800,100
37048369048266,10:17:28.369,21.5800,20
37048369048266,10:17:28.369,21.5800,80
37050163918304,10:17:30.163,21.5750,100
37052575512272,10:17:32.575,21.5750,100
37144658930891,10:19:04.658,21.5800,20
37144658930891,10:19:04.658,21.5800,80
37282270461797,10:21:22.270,21.5900,42
37282272306026,10:21:22.272,21.5850,100
37282272306026,10:21:22.272,21.5900,58
37308649967467,10:21:48.649,21.5850,100
37321258553739,10:22:01.258,21.5850,8
37463180755917,10:24:23.180,21.5800,95
37564540194498,10:26:04.540,21.5750,100
37566562766667,10:26:06.562,21.5800,100
37566562766667,10:26:06.562,21.5800,100
37566562808773,10:26:06.562,21.5800,100
37566562808773,10:26:06.562,21.5800,100
37574167312970,10:26:14.167,21.5900,100
37574183724356,10:26:14.183,21.5850,100
37584903579358,10:26:24.903,21.5900,100
37633869427688,10:27:13.869,21.5900,100
37633869427688,10:27:13.869,21.5900,100
37633869427688,10:27:13.869,21.5900,100
37633875029756,10:27:13.875,21.5900,100
37650138312370,10:27:30.138,21.5900,100
37744902994607,10:29:04.902,21.5850,400
37770190208849,10:29:30.190,21.5850,100
37770190725687,10:29:30.190,21.5900,100
37770190725687,10:29:30.190,21.5900,100
37771069758142,10:29:31.069,21.6000,100
37772868927365,10:29:32.868,21.5950,100
37774124953123,10:29:34.124,21.6000,100
37786384260614,10:29:46.384,21.5950,100
37802907650019,10:30:02.907,21.6000,100
37802907650019,10:30:02.907,21.6000,100
37804376973185,10:30:04.376,21.5950,500
38020837454121,10:33:40.837,21.6000,100
38022969813813,10:33:42.969,21.6050,100
38031989877876,10:33:51.989,21.6150,100
38041232783458,10:34:01.232,21.6150,9
38050058981120,10:34:10.058,21.6100,100
38050058981120,10:34:10.058,21.6100,8
38050058981120,10:34:10.058,21.6100,400
38050058981120,10:34:10.058,21.6100,200
38059841529110,10:34:19.841,21.6000,10
38105162528076,10:35:05.162,21.5950,100
38105162528076,10:35:05.162,21.6000,100
38105162528076,10:35:05.162,21.6000,100
38105162528076,10:35:05.162,21.6000,100
38146448850184,10:35:46.448,21.6000,100
38170712200887,10:36:10.712,21.6000,200
38298824031356,10:38:18.824,21.5950,400
38303213566470,10:38:23.213,21.5950,100
38303213566470,10:38:23.213,21.6000,100
38303213566470,10:38:23.213,21.6000,100
38303213566470,10:38:23.213,21.6000,100
38314288438534,10:38:34.288,21.6050,100
38426062996026,10:40:26.062,21.6100,100
38443323466650,10:40:43.323,21.6100,100
38523733301284,10:42:03.733,21.6100,100
38523733301284,10:42:03.733,21.6100,100
38523733301284,10:42:03.733,21.6100,200
38523733301284,10:42:03.733,21.6100,100
38523733301284,10:42:03.733,21.6100,100
38530949532731,10:42:10.949,21.6100,100
38544117244815,10:42:24.117,21.6050,100
38570224311360,10:42:50.224,21.6050,100
38610380648475,10:43:30.380,21.6050,100
38610385085915,10:43:30.385,21.6050,100
38653968460807,10:44:13.968,21.6100,100
38661275660215,10:44:21.275,21.6300,300
38661275687858,10:44:21.275,21.6300,100
38661275687858,10:44:21.275,21.6300,100
38710517717926,10:45:10.517,21.6400,100
38710517717926,10:45:10.517,21.6400,100
38751358213303,10:45:51.358,21.6500,100
38760061793667,10:46:00.061,21.6500,100
38773002189785,10:46:13.002,21.6500,100
38773980422497,10:46:13.980,21.6500,65
38800357541490,10:46:40.357,21.6600,100
38825607991227,10:47:05.607,21.6500,24
38825609265017,10:47:05.609,21.6500,59
38848883222234,10:47:28.883,21.6400,100
38936233474971,10:48:56.233,21.6500,100
38992890047536,10:49:52.890,21.6600,100
39079013506938,10:51:19.013,21.6700,400
39079013506938,10:51:19.013,21.6700,100
39219503465912,10:53:39.503,21.6700,400
39291608737008,10:54:51.608,21.6600,100
39291608737008,10:54:51.608,21.6600,29
39320167081247,10:55:20.167,21.6600,71
39330746104593,10:55:30.746,21.6600,100
39330746104593,10:55:30.746,21.6600,100
39353870751480,10:55:53.870,21.6700,100
39353870751480,10:55:53.870,21.6700,189
39375468657761,10:56:15.468,21.6750,41
39382117885473,10:56:22.117,21.6750,76
39411613470992,10:56:51.613,21.6750,100
39411613470992,10:56:51.613,21.6750,100
39496104487010,10:58:16.104,21.6800,100
39496104487010,10:58:16.104,21.6800,100
39497188349426,10:58:17.188,21.6800,46
39503331151246,10:58:23.331,21.6800,54
39503331151246,10:58:23.331,21.6800,46
39503331715875,10:58:23.331,21.6800,1
39503406119023,10:58:23.406,21.6800,53
39503445000730,10:58:23.445,21.6800,100
39503445000730,10:58:23.445,21.6800,400
39503448935274,10:58:23.448,21.6800,100
39503448937860,10:58:23.448,21.6800,100
39503448979997,10:58:23.448,21.6800,100
39503448986785,10:58:23.448,21.6800,47
39597049881488,10:59:57.049,21.6800,22
39597050935607,10:59:57.050,21.6800,78
39597050935607,10:59:57.050,21.6800,100
39597050935607,10:59:57.050,21.6800,101
39597050935607,10:59:57.050,21.6800,50
39597050935607,10:59:57.050,21.6800,100
39669759274723,11:01:09.759,21.6900,2713
39669759307057,11:01:09.759,21.6900,3754
39669759307057,11:01:09.759,21.6900,3
39669759307057,11:01:09.759,21.6900,24
39669759307057,11:01:09.759,21.6900,39
39695443296715,11:01:35.443,21.6950,100
39695443994048,11:01:35.443,21.6950,100
39883634696246,11:04:43.634,21.6900,100
39883634696246,11:04:43.634,21.6900,100
39883634696246,11:04:43.634,21.6900,51
39883634696246,11:04:43.634,21.6900,10
39883634696246,11:04:43.634,21.6900,100
39883634802574,11:04:43.634,21.6900,5
40041395156370,11:07:21.395,21.6900,100
40041395156370,11:07:21.395,21.6900,100
40041395251142,11:07:21.395,21.6900,100
40041395251142,11:07:21.395,21.6900,200
40043075744032,11:07:23.075,21.6900,100
40181607040718,11:09:41.607,21.6900,100
40181607040718,11:09:41.607,21.6900,100
40181607040718,11:09:41.607,21.6900,2
40181607040718,11:09:41.607,21.6900,98
40181717184021,11:09:41.717,21.6800,400
40181717184021,11:09:41.717,21.6800,100
40186320458173,11:09:46.320,21.6800,100
40458814964843,11:14:18.814,21.6800,28
40466919256234,11:14:26.919,21.6800,100
40466919348316,11:14:26.919,21.6800,214
40466919906142,11:14:26.919,21.6800,358
40466919906142,11:14:26.919,21.6800,100
40466919906142,11:14:26.919,21.6800,9
40582403413724,11:16:22.403,21.6700,200
40582403413724,11:16:22.403,21.6700,9
40582403413724,11:16:22.403,21.6700,100
40582403413724,11:16:22.403,21.6700,39
40582403413724,11:16:22.403,21.6700,100
40592973447530,11:16:32.973,21.6600,100
40592973447530,11:16:32.973,21.6600,100
40592973680028,11:16:32.973,21.6600,13
40603301839554,11:16:43.301,21.6600,100
40603301839554,11:16:43.301,21.6600,158
40606944699120,11:16:46.944,21.6600,142
40606944699120,11:16:46.944,21.6600,900
40606944699120,11:16:46.944,21.6600,100
40606995273054,11:16:46.995,21.6700,1
40612480356032,11:16:52.480,21.6700,100
40649884592493,11:17:29.884,21.6700,24
40672212919258,11:17:52.212,21.6700,76
40702462044284,11:18:22.462,21.6800,100
40702463206848,11:18:22.463,21.6800,48
40702467362629,11:18:22.467,21.6800,100
40702467362629,11:18:22.467,21.6800,200
40702467362629,11:18:22.467,21.6800,100
40702467362629,11:18:22.467,21.6800,100
40702467494843,11:18:22.467,21.6800,100
40709032143649,11:18:29.032,21.6900,100
40709032143649,11:18:29.032,21.6900,100
40716880425868,11:18:36.880,21.6900,100
40716880425868,11:18:36.880,21.6900,12
40737757417640,11:18:57.757,21.6900,100
40749920340394,11:19:09.920,21.6900,100
40986771034444,11:23:06.771,21.6900,7
40986771034444,11:23:06.771,21.6900,93
40986771093877,11:23:06.771,21.6900,7
40987194719027,11:23:07.194,21.6900,100
40996961478905,11:23:16.961,21.6950,100
41117742631225,11:25:17.742,21.6900,50
41119880529258,11:25:19.880,21.6900,300
41119880529258,11:25:19.880,21.6900,7
41119880601703,11:25:19.880,21.6900,4
41119880658098,11:25:19.880,21.6900,1
41274518210717,11:27:54.518,21.6850,18
41336393880043,11:28:56.393,21.6900,800
41336393880043,11:28:56.393,21.6900,200
41336393880043,11:28:56.393,21.6900,100
41336393880043,11:28:56.393,21.6900,100
41392578446193,11:29:52.578,21.7000,74
41392578446193,11:29:52.578,21.7000,200
41392578446193,11:29:52.578,21.7000,33
41392578446193,11:29:52.578,21.7000,3
41403152901861,11:30:03.152,21.7100,300
41403943543176,11:30:03.943,21.7100,40
41403945021564,11:30:03.945,21.7100,460
41403945021564,11:30:03.945,21.7100,100
41519274077175,11:31:59.274,21.7200,100
41519274077175,11:31:59.274,21.7200,42
41533885454957,11:32:13.885,21.7300,13
41612326307104,11:33:32.326,21.7300,56
41612326307104,11:33:32.326,21.7300,44
41622616086778,11:33:42.616,21.7250,100
41737104038789,11:35:37.104,21.7250,7
41793688950157,11:36:33.688,21.7200,300
41793688950157,11:36:33.688,21.7200,9
41835040610277,11:37:15.040,21.7200,100
41835040610277,11:37:15.040,21.7200,6
41835040610277,11:37:15.040,21.7200,94
41835970658871,11:37:15.970,21.7200,46
41835970658871,11:37:15.970,21.7200,100
41852882908008,11:37:32.882,21.7200,100
41919293394557,11:38:39.293,21.7100,100
41919293423356,11:38:39.293,21.7100,400
41919293423356,11:38:39.293,21.7100,400
41933833164179,11:38:53.833,21.7100,100
42054891157309,11:40:54.891,21.7050,30
42310570692824,11:45:10.570,21.7100,100
42310570692824,11:45:10.570,21.7100,100
42310570692824,11:45:10.570,21.7100,100
42310570692824,11:45:10.570,21.7100,22
42310571827925,11:45:10.571,21.7100,178
42322742285056,11:45:22.742,21.7200,2
42322742285056,11:45:22.742,21.7200,46
42322742285056,11:45:22.742,21.7200,100
42354011204167,11:45:54.011,21.7250,64
42387575020633,11:46:27.575,21.7300,100
42387575020633,11:46:27.575,21.7300,200
42387575020633,11:46:27.575,21.7300,200
42387575020633,11:46:27.575,21.7300,30
42498930680316,11:48:18.930,21.7300,100
42498930680316,11:48:18.930,21.7300,100
42498930680316,11:48:18.930,21.7300,100
42498930680316,11:48:18.930,21.7300,100
42512746002503,11:48:32.746,21.7250,100
42553562142349,11:49:13.562,21.7200,1000
42553563049510,11:49:13.563,21.7200,100
42553563049510,11:49:13.563,21.7200,100
42553579947766,11:49:13.579,21.7100,100
42553579947766,11:49:13.579,21.7100,100
42553579947766,11:49:13.579,21.7100,100
42553579947766,11:49:13.579,21.7100,300
42554091535044,11:49:14.091,21.7100,100
42554091535044,11:49:14.091,21.7100,56
42554091998852,11:49:14.091,21.7100,100
42616875805283,11:50:16.875,21.7100,100
43386339060637,12:03:06.339,21.7100,100
43386339060637,12:03:06.339,21.7100,100
43386339060637,12:03:06.339,21.7100,100
43386339060637,12:03:06.339,21.7100,100
43386339060637,12:03:06.339,21.7100,100
43386339060637,12:03:06.339,21.7100,100
43416873802908,12:03:36.873,21.7200,1
43416876889891,12:03:36.876,21.7200,1000
43416876919719,12:03:36.876,21.7200,100
43416877773625,12:03:36.877,21.7200,100
43426209647797,12:03:46.209,21.7300,300
43502050171435,12:05:02.050,21.7300,14
43502050171435,12:05:02.050,21.7300,2
43544383976574,12:05:44.383,21.7200,100
43544384040566,12:05:44.384,21.7200,100
43544384075174,12:05:44.384,21.7200,100
43544384573909,12:05:44.384,21.7200,100
43658078971478,12:07:38.078,21.7200,1
43658078971478,12:07:38.078,21.7200,24
43658521181319,12:07:38.521,21.7200,100
43743514992480,12:09:03.514,21.7200,84
43743889179576,12:09:03.889,21.7200,5
43771753356220,12:09:31.753,21.7200,100
43771753356220,12:09:31.753,21.7200,300
43771753356220,12:09:31.753,21.7200,100
43771753356220,12:09:31.753,21.7200,100
43785323968164,12:09:45.323,21.7200,100
43811030922778,12:10:11.030,21.7200,1
43823287992920,12:10:23.287,21.7300,99
43938799720272,12:12:18.799,21.7400,46
43938799720272,12:12:18.799,21.7400,100
43938799720272,12:12:18.799,21.7400,54
44068864068456,12:14:28.864,21.7400,1
44068864068456,12:14:28.864,21.7400,99
44111572737489,12:15:11.572,21.7300,900
44111572766307,12:15:11.572,21.7300,15
44181182455054,12:16:21.182,21.7300,100
44193633203454,12:16:33.633,21.7300,100
44193633203454,12:16:33.633,21.7300,100
44193633203454,12:16:33.633,21.7300,200
44371957956200,12:19:31.957,21.7200,100
44371957956200,12:19:31.957,21.7200,200
44371958102277,12:19:31.958,21.7200,5
44398802024683,12:19:58.802,21.7100,100
44398802024683,12:19:58.802,21.7100,200
44460892091072,12:21:00.892,21.7100,100
44689064945365,12:24:49.064,21.7100,100
45318456731052,12:35:18.456,21.7000,200
45318456731052,12:35:18.456,21.7000,100
45318456756658,12:35:18.456,21.7000,10
45318456816282,12:35:18.456,21.7000,5
45318456816282,12:35:18.456,21.7000,5
45318478001654,12:35:18.478,21.6900,100
45318478052087,12:35:18.478,21.6900,100
45318478076462,12:35:18.478,21.6900,100
45346912144425,12:35:46.912,21.6800,100
45346912144425,12:35:46.912,21.6800,100
45346912144425,12:35:46.912,21.6800,200
45384621235194,12:36:24.621,21.6800,100
45418414546012,12:36:58.414,21.6800,100
45427111399627,12:37:07.111,21.6850,100
45901406797304,12:45:01.406,21.6800,200
45901406921960,12:45:01.406,21.6800,15
45901406928392,12:45:01.406,21.6800,10
45901406928392,12:45:01.406,21.6800,5
46189928560710,12:49:49.928,21.6800,100
46189928560710,12:49:49.928,21.6800,300
46189928560710,12:49:49.928,21.6800,100
46189928560710,12:49:49.928,21.6800,100
46189928560710,12:49:49.928,21.6800,100
46189929106452,12:49:49.929,21.6800,100
46189994847004,12:49:49.994,21.6800,100
46189994847004,12:49:49.994,21.6800,100
46201841972623,12:50:01.841,21.7000,100
46226091458256,12:50:26.091,21.7000,100
46289521375121,12:51:29.521,21.7000,100
46289521375121,12:51:29.521,21.7000,100
46391572803266,12:53:11.572,21.6900,300
46607852557399,12:56:47.852,21.6800,100
46607852619625,12:56:47.852,21.6800,100
46608132993776,12:56:48.132,21.6800,100
46636327709881,12:57:16.327,21.6900,100
46636327709881,12:57:16.327,21.6900,100
46636327709881,12:57:16.327,21.6900,100
46638227139987,12:57:18.227,21.6900,100
46639540089686,12:57:19.540,21.6900,100
46869720150543,13:01:09.720,21.6900,300
46970232527082,13:02:50.232,21.6900,100
46970232527082,13:02:50.232,21.6900,100
47017652729883,13:03:37.652,21.6800,200
47017652729883,13:03:37.652,21.6800,13
47041341679196,13:04:01.341,21.6750,5
47124307683312,13:05:24.307,21.6800,490
47130297396678,13:05:30.297,21.6900,100
47130297396678,13:05:30.297,21.6900,200
47210172410291,13:06:50.172,21.6900,200
47457412465192,13:10:57.412,21.6900,100
47457412465192,13:10:57.412,21.6900,100
47457412465192,13:10:57.412,21.6900,5
47501533426950,13:11:41.533,21.7000,35
47501533426950,13:11:41.533,21.7000,65
47501533426950,13:11:41.533,21.7000,100
47501533426950,13:11:41.533,21.7000,85
47516091012798,13:11:56.091,21.7000,100
47516091012798,13:11:56.091,21.7000,100
47544375700991,13:12:24.375,21.7000,100
47843966832084,13:17:23.966,21.6900,7
47843966832084,13:17:23.966,21.6900,100
47901962632808,13:18:21.962,21.6800,100
47950139298024,13:19:10.139,21.6800,8
47950139298024,13:19:10.139,21.6800,100
48046309290610,13:20:46.309,21.6800,200
48046309290610,13:20:46.309,21.6800,400
48131120924977,13:22:11.120,21.6800,100
48131120924977,13:22:11.120,21.6800,100
48131120924977,13:22:11.120,21.6800,11
48131121481139,13:22:11.121,21.6800,100
48131122069563,13:22:11.122,21.6800,200
48143939448545,13:22:23.939,21.6800,100
48200256864939,13:23:20.256,21.6800,100
48201939572967,13:23:21.939,21.6800,100
48233611046125,13:23:53.611,21.6800,100
48253082674409,13:24:13.082,21.6800,100
48352328152021,13:25:52.328,21.6700,100
48410359939827,13:26:50.359,21.6600,100
48413019640600,13:26:53.019,21.6700,100
48413019640600,13:26:53.019,21.6700,100
48413019640600,13:26:53.019,21.6700,200
48413019640600,13:26:53.019,21.6700,100
48456999842182,13:27:36.999,21.6700,200
48520726903136,13:28:40.726,21.6700,100
48570715184210,13:29:30.715,21.6700,100
48600395536192,13:30:00.395,21.6700,100
48600395536192,13:30:00.395,21.6700,8
48603414154928,13:30:03.414,21.6800,100
48603414154928,13:30:03.414,21.6800,100
48603414154928,13:30:03.414,21.6800,100
48603414154928,13:30:03.414,21.6800,100
48603414154928,13:30:03.414,21.6800,19
48603414154928,13:30:03.414,21.6800,100
48603415849074,13:30:03.415,21.6800,100
48603415849074,13:30:03.415,21.6800,100
48603415849074,13:30:03.415,21.6800,100
48607327871272,13:30:07.327,21.6800,100
48607328744734,13:30:07.328,21.6800,100
48639529785561,13:30:39.529,21.6800,167
48796659409913,13:33:16.659,21.6700,100
48832102006536,13:33:52.102,21.6600,100
48832102111838,13:33:52.102,21.6600,13
48947839460983,13:35:47.839,21.6600,100
48947839460983,13:35:47.839,21.6600,3
48972183139163,13:36:12.183,21.6700,100
48980559470162,13:36:20.559,21.6700,100
49020099209864,13:37:00.099,21.6700,6
49032370348631,13:37:12.370,21.6700,100
49068492409597,13:37:48.492,21.6750,1
49165638180261,13:39:25.638,21.6800,100
49165638180261,13:39:25.638,21.6800,100
49260163088035,13:41:00.163,21.6800,100
49260163088035,13:41:00.163,21.6800,14
49287506904290,13:41:27.506,21.6800,100
49344031502998,13:42:24.031,21.6800,100
49397336290573,13:43:17.336,21.6850,18
49400954252953,13:43:20.954,21.6850,4
49404610356382,13:43:24.610,21.6850,6
49455200190167,13:44:15.200,21.6800,100
49474875328072,13:44:34.875,21.6700,200
49500968669899,13:45:00.968,21.6700,19
49500968669899,13:45:00.968,21.6700,81
49500970198685,13:45:00.970,21.6700,19
49500970198685,13:45:00.970,21.6700,100
49639152504451,13:47:19.152,21.6700,5
49737393914890,13:48:57.393,21.6600,200
49758023001043,13:49:18.023,21.6550,4
49780524043924,13:49:40.524,21.6500,100
49780524043924,13:49:40.524,21.6500,100
49784945698310,13:49:44.945,21.6500,100
49784945698310,13:49:44.945,21.6500,21
49784945698310,13:49:44.945,21.6500,100
49797017065864,13:49:57.017,21.6550,20
49989918694143,13:53:09.918,21.6550,6
49994889985048,13:53:14.889,21.6550,6
50011945220543,13:53:31.945,21.6600,100
50011945220543,13:53:31.945,21.6600,100
50011945220543,13:53:31.945,21.6600,13
50011945220543,13:53:31.945,21.6600,2
50100056924795,13:55:00.056,21.6600,100
50100056949581,13:55:00.056,21.6600,4
50121804576879,13:55:21.804,21.6700,100
50155043184654,13:55:55.043,21.6700,200
50155043184654,13:55:55.043,21.6700,100
50155085969718,13:55:55.085,21.6700,200
50188300271802,13:56:28.300,21.6750,4
50188307391472,13:56:28.307,21.6750,12
50191141786384,13:56:31.141,21.6800,100
50194553793686,13:56:34.553,21.6750,306
50195343334319,13:56:35.343,21.6800,15
50197943936265,13:56:37.943,21.6800,85
50197943936265,13:56:37.943,21.6800,15
50197944036101,13:56:37.944,21.6800,12
50197944198916,13:56:37.944,21.6800,506
50232286818789,13:57:12.286,21.6800,100
50253192161076,13:57:33.192,21.6900,5
50253193238756,13:57:33.193,21.6900,95
50253193238756,13:57:33.193,21.6900,100
50294895341055,13:58:14.895,21.7000,100
50294895341055,13:58:14.895,21.7000,40
50294895341055,13:58:14.895,21.7000,60
50294895404973,13:58:14.895,21.7000,140
50297900626442,13:58:17.900,21.7100,200
50297904573588,13:58:17.904,21.7100,100
50297904573588,13:58:17.904,21.7100,400
50297904573588,13:58:17.904,21.7100,300
50328780372731,13:58:48.780,21.7000,100
50328780372731,13:58:48.780,21.7000,200
50339000275619,13:58:59.000,21.6900,300
50402706406003,14:00:02.706,21.6800,100
50402706406003,14:00:02.706,21.6800,100
50402734210973,14:00:02.734,21.6800,11
50407198864056,14:00:07.198,21.6800,100
50407198864056,14:00:07.198,21.6800,34
50409001621708,14:00:09.001,21.7000,7
50424943076253,14:00:24.943,21.7000,100
50431151786749,14:00:31.151,21.6900,100
50431151786749,14:00:31.151,21.6900,100
50492018615146,14:01:32.018,21.7050,12
50509779768426,14:01:49.779,21.7100,100
50517976782839,14:01:57.976,21.7100,1
50517976782839,14:01:57.976,21.7100,200
50540585602791,14:02:20.585,21.7100,1
50541790157152,14:02:21.790,21.7100,100
50544504570073,14:02:24.504,21.7100,132
50546992430875,14:02:26.992,21.7100,100
50550944246682,14:02:30.944,21.7100,41
50591626313344,14:03:11.626,21.7300,100
50604467218452,14:03:24.467,21.7300,100
50617504539994,14:03:37.504,21.7300,300
50652629241986,14:04:12.629,21.7300,190
50652629241986,14:04:12.629,21.7300,200
50652629241986,14:04:12.629,21.7300,62
50652629241986,14:04:12.629,21.7300,100
50667819531542,14:04:27.819,21.7400,100
50667819531542,14:04:27.819,21.7400,56
50700586335321,14:05:00.586,21.7400,144
50700586335321,14:05:00.586,21.7400,17
50700586335321,14:05:00.586,21.7400,100
50700586890922,14:05:00.586,21.7400,94
50700587116496,14:05:00.587,21.7400,106
50910129535470,14:08:30.129,21.7400,10
50910129535470,14:08:30.129,21.7400,100
51076545690002,14:11:16.545,21.7300,200
51076545690002,14:11:16.545,21.7300,100
51076545717143,14:11:16.545,21.7300,2
51086964678978,14:11:26.964,21.7400,100
51155854273102,14:12:35.854,21.7500,100
51155854273102,14:12:35.854,21.7500,200
51155854273102,14:12:35.854,21.7500,2
51155854273102,14:12:35.854,21.7500,100
51155854273102,14:12:35.854,21.7500,9
51155854273102,14:12:35.854,21.7500,230
51155854273102,14:12:35.854,21.7500,117
51155854377682,14:12:35.854,21.7500,113
51155854377682,14:12:35.854,21.7500,100
51155893935007,14:12:35.893,21.7600,100
51211025414665,14:13:31.025,21.7650,100
51241733190016,14:14:01.733,21.7600,100
51299398150048,14:14:59.398,21.7600,100
51419168453772,14:16:59.168,21.7600,18
51419168453772,14:16:59.168,21.7600,82
51586673259767,14:19:46.673,21.7600,1
51586673259767,14:19:46.673,21.7600,12
51715229472868,14:21:55.229,21.7600,16
51715229472868,14:21:55.229,21.7600,43
51715229513630,14:21:55.229,21.7600,157
51715229513630,14:21:55.229,21.7600,33
51715229513630,14:21:55.229,21.7600,36
51874493069331,14:24:34.493,21.7600,100
51874493069331,14:24:34.493,21.7600,100
51874493069331,14:24:34.493,21.7600,100
52033200947841,14:27:13.200,21.7500,100
52033200947841,14:27:13.200,21.7500,400
52033200978618,14:27:13.200,21.7500,9
52068081126454,14:27:48.081,21.7400,300
52068081155303,14:27:48.081,21.7400,100
52068081155303,14:27:48.081,21.7400,500
52068081155303,14:27:48.081,21.7400,100
52080111447231,14:28:00.111,21.7300,15
52140878391729,14:29:00.878,21.7300,20
52204782658931,14:30:04.782,21.7300,7
52204782658931,14:30:04.782,21.7300,100
52251570259058,14:30:51.570,21.7250,4
52271011865657,14:31:11.011,21.7250,14
52372086462129,14:32:52.086,21.7200,100
52418020115850,14:33:38.020,21.7150,10
52432101349276,14:33:52.101,21.7200,100
52432101349276,14:33:52.101,21.7200,6
52432101349276,14:33:52.101,21.7200,521
52432101444361,14:33:52.101,21.7200,279
52432101444361,14:33:52.101,21.7200,100
52491012157480,14:34:51.012,21.7300,34
52491013442951,14:34:51.013,21.7300,22
52491013442951,14:34:51.013,21.7300,100
52550070361075,14:35:50.070,21.7400,78
52550070361075,14:35:50.070,21.7400,200
52550070361075,14:35:50.070,21.7400,22
52550070442931,14:35:50.070,21.7400,78
52551767590102,14:35:51.767,21.7450,20
52629378276421,14:37:09.378,21.7400,100
52629378276421,14:37:09.378,21.7400,100
52629378276421,14:37:09.378,21.7400,100
52629378276421,14:37:09.378,21.7400,88
52629378309106,14:37:09.378,21.7400,12
52700963887681,14:38:20.963,21.7400,100
52700963887681,14:38:20.963,21.7400,100
52700963887681,14:38:20.963,21.7400,38
52726015971143,14:38:46.015,21.7450,2
52771949337400,14:39:31.949,21.7400,100
52798324052881,14:39:58.324,21.7400,100
52828873569914,14:40:28.873,21.7400,39
52865012224913,14:41:05.012,21.7450,10
52866286796093,14:41:06.286,21.7450,4
52869835722950,14:41:09.835,21.7450,1
52985013771801,14:43:05.013,21.7400,200
52985014381644,14:43:05.014,21.7400,5
52999392128370,14:43:19.392,21.7300,16
53067301708358,14:44:27.301,21.7400,100
53067301708358,14:44:27.301,21.7400,100
53067301708358,14:44:27.301,21.7400,34
53075017096064,14:44:35.017,21.7450,13
53075024757213,14:44:35.024,21.7450,13
53095069371158,14:44:55.069,21.7500,19
53101061455027,14:45:01.061,21.7500,100
53216014847638,14:46:56.014,21.7450,12
53227128543235,14:47:07.128,21.7500,24
53236101359078,14:47:16.101,21.7450,8
53466404318029,14:51:06.404,21.7400,100
53466404318029,14:51:06.404,21.7400,100
53466404318029,14:51:06.404,21.7400,27
53466404328105,14:51:06.404,21.7400,73
53466404328105,14:51:06.404,21.7400,100
53466404768203,14:51:06.404,21.7400,190
53466404819773,14:51:06.404,21.7400,210
53466404819773,14:51:06.404,21.7400,100
53466404819773,14:51:06.404,21.7400,100
53466404819773,14:51:06.404,21.7400,100
53527664086651,14:52:07.664,21.7400,100
53527664086651,14:52:07.664,21.7400,100
53527664086651,14:52:07.664,21.7400,8
53542085126859,14:52:22.085,21.7600,100
53542085126859,14:52:22.085,21.7600,100
53542085367589,14:52:22.085,21.7600,200
53603010527788,14:53:23.010,21.7650,10
53603018163789,14:53:23.018,21.7650,20
53632469703463,14:53:52.469,21.7700,100
53632469703463,14:53:52.469,21.7700,200
53632469703463,14:53:52.469,21.7700,157
53632475499772,14:53:52.475,21.7700,100
53716972580613,14:55:16.972,21.7700,100
53730916258842,14:55:30.916,21.7650,15
53788124204347,14:56:28.124,21.7700,100
53788124292487,14:56:28.124,21.7700,100
53788124292487,14:56:28.124,21.7700,100
53788124292487,14:56:28.124,21.7700,10
53788125233027,14:56:28.125,21.7700,82
53788126202359,14:56:28.126,21.7700,18
53799335262813,14:56:39.335,21.7750,7
53816800888315,14:56:56.800,21.7750,2
53863583330522,14:57:43.583,21.7800,100
53863583330522,14:57:43.583,21.7800,400
53863583330522,14:57:43.583,21.7800,200
53936948273720,14:58:56.948,21.7750,15
53937785269507,14:58:57.785,21.7800,200
53937785269507,14:58:57.785,21.7800,50
53937785269507,14:58:57.785,21.7800,13
53937785269507,14:58:57.785,21.7800,100
53937785269507,14:58:57.785,21.7800,100
53951605945882,14:59:11.605,21.7750,5
54011881148628,15:00:11.881,21.7800,200
54011881148628,15:00:11.881,21.7800,51
54011881148628,15:00:11.881,21.7800,249
54085973139101,15:01:25.973,21.7800,300
54129515432220,15:02:09.515,21.7700,100
54129515432220,15:02:09.515,21.7700,100
54129515432220,15:02:09.515,21.7700,80
54129515432220,15:02:09.515,21.7700,552
54129515566160,15:02:09.515,21.7700,48
54185644789270,15:03:05.644,21.7650,3
54186108161012,15:03:06.108,21.7650,84
54207830562995,15:03:27.830,21.7700,700
54207830562995,15:03:27.830,21.7700,100
54207830562995,15:03:27.830,21.7700,37
54207830562995,15:03:27.830,21.7700,200
54207830562995,15:03:27.830,21.7700,100
54207830562995,15:03:27.830,21.7700,1
54207830562995,15:03:27.830,21.7700,62
54207850787178,15:03:27.850,21.7700,100
54208581333595,15:03:28.581,21.7700,100
54208581362292,15:03:28.581,21.7700,200
54208600203709,15:03:28.600,21.7700,100
54259621385921,15:04:19.621,21.7600,200
54259621574080,15:04:19.621,21.7600,100
54259621633560,15:04:19.621,21.7600,100
54259621633560,15:04:19.621,21.7600,84
54259621734901,15:04:19.621,21.7600,16
54259621734901,15:04:19.621,21.7600,100
54259643030603,15:04:19.643,21.7600,100
54264422022556,15:04:24.422,21.7550,100
54330804689886,15:05:30.804,21.7550,14
54356139657081,15:05:56.139,21.7550,4
54383291353189,15:06:23.291,21.7550,100
54427010637408,15:07:07.010,21.7550,2
54510887522321,15:08:30.887,21.7600,146
54543327634419,15:09:03.327,21.7550,2
54590982822105,15:09:50.982,21.7500,3
54590982822105,15:09:50.982,21.7500,100
54590982822105,15:09:50.982,21.7500,100
54590982822105,15:09:50.982,21.7500,100
54590982822105,15:09:50.982,21.7500,100
54590982822105,15:09:50.982,21.7500,5
54638583888466,15:10:38.583,21.7400,200
54638585209560,15:10:38.585,21.7400,100
54662174655578,15:11:02.174,21.7300,100
54745025792592,15:12:25.025,21.7250,4
54806470612253,15:13:26.470,21.7250,9
54849817487829,15:14:09.817,21.7250,100
54878924487655,15:14:38.924,21.7300,48
54878924547526,15:14:38.924,21.7300,52
54878924547526,15:14:38.924,21.7300,35
54878924547526,15:14:38.924,21.7300,42
54878924547526,15:14:38.924,21.7300,45
54879000495853,15:14:39.000,21.7350,100
54922653508930,15:15:22.653,21.7400,200
54922653508930,15:15:22.653,21.7400,100
54922653508930,15:15:22.653,21.7400,400
54947688763264,15:15:47.688,21.7450,6
54968801552157,15:16:08.801,21.7450,16
54985585493029,15:16:25.585,21.7450,100
54985600502225,15:16:25.600,21.7450,100
54987969461645,15:16:27.969,21.7450,100
55067215486618,15:17:47.215,21.7400,100
55067215486618,15:17:47.215,21.7400,200
55067215486618,15:17:47.215,21.7400,200
55067215486618,15:17:47.215,21.7400,100
55127691984084,15:18:47.691,21.7350,7
55170483751981,15:19:30.483,21.7400,400
55170483751981,15:19:30.483,21.7400,200
55170483751981,15:19:30.483,21.7400,51
55170483751981,15:19:30.483,21.7400,77
55183493585397,15:19:43.493,21.7500,500
55183493585397,15:19:43.493,21.7500,39
55183493585397,15:19:43.493,21.7500,44
55183493667420,15:19:43.493,21.7500,56
55183493667420,15:19:43.493,21.7500,100
55183493667420,15:19:43.493,21.7500,1
55183493667420,15:19:43.493,21.7500,200
55183493667420,15:19:43.493,21.7500,31
55183493816933,15:19:43.493,21.7500,259
55184409421813,15:19:44.409,21.7550,100
55219053415551,15:20:19.053,21.7550,4
55239493135594,15:20:39.493,21.7600,27
55239493135594,15:20:39.493,21.7600,73
55358012863679,15:22:38.012,21.7550,9
55359251217253,15:22:39.251,21.7550,4
55411580925912,15:23:31.580,21.7550,12
55432784124026,15:23:52.784,21.7550,1
55446224900368,15:24:06.224,21.7550,100
55446224961398,15:24:06.224,21.7500,100
55446224961398,15:24:06.224,21.7500,100
55446224961398,15:24:06.224,21.7500,200
55446224961398,15:24:06.224,21.7500,100
55446224961398,15:24:06.224,21.7500,100
55446224961398,15:24:06.224,21.7500,200
55446224961398,15:24:06.224,21.7500,100
55446224961398,15:24:06.224,21.7500,100
55446226321909,15:24:06.226,21.7500,100
55536019192809,15:25:36.019,21.7450,15
55599040923599,15:26:39.040,21.7450,1
55599060107630,15:26:39.060,21.7450,9
55599066984298,15:26:39.066,21.7450,6
55682332492112,15:28:02.332,21.7450,100
55682332777984,15:28:02.332,21.7450,100
55682332971324,15:28:02.332,21.7450,100
55682333836315,15:28:02.333,21.7400,100
55682334261574,15:28:02.334,21.7400,2
55682334261574,15:28:02.334,21.7400,98
55703993307655,15:28:23.993,21.7450,8
55704000354967,15:28:24.000,21.7450,4
55704013301062,15:28:24.013,21.7450,3
55710910265574,15:28:30.910,21.7450,6
55722092417925,15:28:42.092,21.7450,1
55753864413903,15:29:13.864,21.7450,6
55770239153037,15:29:30.239,21.7450,100
55770239153037,15:29:30.239,21.7500,9
55780770870315,15:29:40.770,21.7450,4
55801227965002,15:30:01.227,21.7450,7
55854019871432,15:30:54.019,21.7500,91
55854019871432,15:30:54.019,21.7500,100
55854019871432,15:30:54.019,21.7500,100
55854019871432,15:30:54.019,21.7500,100
55854019871432,15:30:54.019,21.7500,100
55854019871432,15:30:54.019,21.7500,600
55854019871432,15:30:54.019,21.7500,200
55854019871432,15:30:54.019,21.7500,9
55854020282865,15:30:54.020,21.7500,91
55854020282865,15:30:54.020,21.7500,200
55854020282865,15:30:54.020,21.7500,200
55854020282865,15:30:54.020,21.7500,42
55854020520386,15:30:54.020,21.7500,22
55854020520386,15:30:54.020,21.7500,200
55854020520386,15:30:54.020,21.7500,29
55854020667356,15:30:54.020,21.7500,71
55854020771759,15:30:54.020,21.7500,40
55854060151705,15:30:54.060,21.7600,200
55854060151705,15:30:54.060,21.7600,600
55854060151705,15:30:54.060,21.7600,190
55854060151705,15:30:54.060,21.7600,300
55854060151705,15:30:54.060,21.7600,10
55854060151705,15:30:54.060,21.7600,200
55854060392907,15:30:54.060,21.7600,96
55854060395545,15:30:54.060,21.7600,104
55856454121081,15:30:56.454,21.7700,31
55856454121081,15:30:56.454,21.7700,135
55856454121081,15:30:56.454,21.7700,734
55857083082455,15:30:57.083,21.7700,478
55866648153022,15:31:06.648,21.7700,88
55866648153022,15:31:06.648,21.7700,137
55866648153022,15:31:06.648,21.7700,400
55866648153022,15:31:06.648,21.7700,100
55866648153022,15:31:06.648,21.7700,100
55866648153022,15:31:06.648,21.7700,90
55866648153022,15:31:06.648,21.7700,385
55877379422108,15:31:17.379,21.7800,100
55877379422108,15:31:17.379,21.7800,100
55877379422108,15:31:17.379,21.7800,100
55877379422108,15:31:17.379,21.7800,120
55889256096836,15:31:29.256,21.7800,200
55889256096836,15:31:29.256,21.7800,200
55889284888591,15:31:29.284,21.7800,66
55889346619258,15:31:29.346,21.7800,34
55889346619258,15:31:29.346,21.7800,29
55892294453863,15:31:32.294,21.7800,200
55902951904114,15:31:42.951,21.7800,100
55999372275425,15:33:19.372,21.7750,3
56001816921231,15:33:21.816,21.7700,100
56001816921231,15:33:21.816,21.7700,114
56001816921231,15:33:21.816,21.7700,200
56001816921231,15:33:21.816,21.7700,700
56001816921231,15:33:21.816,21.7700,100
56001816921231,15:33:21.816,21.7700,200
56001816921231,15:33:21.816,21.7700,100
56001816921231,15:33:21.816,21.7700,86
56001817039614,15:33:21.817,21.7700,14
56001817039614,15:33:21.817,21.7700,100
56001817039614,15:33:21.817,21.7700,100
56001817039614,15:33:21.817,21.7700,200
56002081304863,15:33:22.081,21.7650,100
56031313369408,15:33:51.313,21.7600,200
56031313369408,15:33:51.313,21.7600,100
56031313369408,15:33:51.313,21.7600,100
56038088351981,15:33:58.088,21.7550,95
56051593916378,15:34:11.593,21.7500,100
56052445337811,15:34:12.445,21.7500,100
56067347489133,15:34:27.347,21.7500,100
56086447034689,15:34:46.447,21.7500,100
56117687156868,15:35:17.687,21.7450,3
56129278217808,15:35:29.278,21.7500,100
56129278217808,15:35:29.278,21.7500,100
56129278217808,15:35:29.278,21.7500,100
56129278217808,15:35:29.278,21.7500,199
56151457075539,15:35:51.457,21.7500,401
56151457075539,15:35:51.457,21.7500,100
56151457075539,15:35:51.457,21.7500,96
56151457312551,15:35:51.457,21.7500,4
56151457312551,15:35:51.457,21.7500,100
56151457312551,15:35:51.457,21.7500,300
56151457647505,15:35:51.457,21.7500,100
56158023299381,15:35:58.023,21.7550,2
56162081090374,15:36:02.081,21.7550,73
56163422396621,15:36:03.422,21.7550,4
56171221963353,15:36:11.221,21.7500,100
56171221963353,15:36:11.221,21.7500,100
56171221963353,15:36:11.221,21.7500,145
56171221963353,15:36:11.221,21.7500,100
56171221963353,15:36:11.221,21.7500,100
56171221963353,15:36:11.221,21.7500,155
56171222075820,15:36:11.222,21.7500,45
56171222075820,15:36:11.222,21.7500,100
56171222075820,15:36:11.222,21.7500,100
56232294435020,15:37:12.294,21.7500,200
56232294435020,15:37:12.294,21.7500,63
56239557158119,15:37:19.557,21.7500,89
56239558983188,15:37:19.558,21.7500,11
56239558983188,15:37:19.558,21.7500,100
56239558983188,15:37:19.558,21.7500,89
56300145412982,15:38:20.145,21.7450,15
56349610286056,15:39:09.610,21.7500,187
56349610571180,15:39:09.610,21.7500,13
56349610571180,15:39:09.610,21.7500,82
56349610841950,15:39:09.610,21.7500,100
56349610937444,15:39:09.610,21.7500,18
56349610937444,15:39:09.610,21.7500,200
56349611094595,15:39:09.611,21.7500,200
56354022955276,15:39:14.022,21.7500,100
56354022955276,15:39:14.022,21.7500,200
56354022955276,15:39:14.022,21.7500,200
56354023548177,15:39:14.023,21.7500,400
56359257964391,15:39:19.257,21.7500,400
56359257964391,15:39:19.257,21.7500,200
56360951949999,15:39:20.951,21.7550,1
56362195328656,15:39:22.195,21.7500,89
56363841478119,15:39:23.841,21.7500,100
56364583303430,15:39:24.583,21.7500,100
56365620207403,15:39:25.620,21.7500,100
56365645200627,15:39:25.645,21.7500,400
56365645200627,15:39:25.645,21.7500,100
56393568696071,15:39:53.568,21.7550,5
56397406898367,15:39:57.406,21.7550,4
56405661393736,15:40:05.661,21.7550,2
56409178350308,15:40:09.178,21.7550,3
56444559731022,15:40:44.559,21.7500,9
56539754565267,15:42:19.754,21.7550,2
56580636030558,15:43:00.636,21.7550,400
56580636545658,15:43:00.636,21.7550,32
56610012480887,15:43:30.012,21.7550,8
56611042444237,15:43:31.042,21.7550,7
56711761693060,15:45:11.761,21.7550,100
56711761693060,15:45:11.761,21.7550,100
56711761693060,15:45:11.761,21.7550,100
56711761693060,15:45:11.761,21.7550,100
56731721204486,15:45:31.721,21.7600,115
56732611988835,15:45:32.611,21.7550,400
56754007993332,15:45:54.007,21.7550,200
56754513991540,15:45:54.513,21.7550,300
56819028425981,15:46:59.028,21.7550,6
56821493449649,15:47:01.493,21.7550,9
56837844711798,15:47:17.844,21.7550,100
56853335564394,15:47:33.335,21.7550,100
56853335564394,15:47:33.335,21.7550,100
56853335564394,15:47:33.335,21.7550,200
56890187777780,15:48:10.187,21.7500,100
56890187777780,15:48:10.187,21.7500,100
56890187777780,15:48:10.187,21.7500,100
56890187777780,15:48:10.187,21.7500,100
56890187777780,15:48:10.187,21.7500,100
56890187777780,15:48:10.187,21.7500,100
56890187777780,15:48:10.187,21.7500,230
56890187777780,15:48:10.187,21.7500,100
56890187777780,15:48:10.187,21.7500,200
56890187777780,15:48:10.187,21.7500,100
56891113376438,15:48:11.113,21.7400,200
56891113376438,15:48:11.113,21.7400,100
56892367192198,15:48:12.367,21.7350,8
56892374096402,15:48:12.374,21.7350,10
56899110785340,15:48:19.110,21.7350,100
56907321889690,15:48:27.321,21.7200,100
56907376091344,15:48:27.376,21.7200,300
56907376091344,15:48:27.376,21.7200,300
56907376091344,15:48:27.376,21.7200,200
56907376091344,15:48:27.376,21.7200,200
56913109235296,15:48:33.109,21.7150,200
56955895635498,15:49:15.895,21.7150,200
56966008614331,15:49:26.008,21.7150,7
56966015596696,15:49:26.015,21.7150,4
56968927035351,15:49:28.927,21.7150,3
56969372903803,15:49:29.372,21.7150,200
56971095151888,15:49:31.095,21.7150,200
57003555438879,15:50:03.555,21.7150,6
57003578837685,15:50:03.578,21.7200,100
57028116418500,15:50:28.116,21.7200,300
57031064960578,15:50:31.064,21.7200,272
57031064979198,15:50:31.064,21.7200,299
57031065014909,15:50:31.065,21.7200,329
57031065014909,15:50:31.065,21.7200,200
57031065014909,15:50:31.065,21.7200,100
57031065014909,15:50:31.065,21.7200,200
57031065014909,15:50:31.065,21.7200,200
57031065014909,15:50:31.065,21.7200,200
57031065014909,15:50:31.065,21.7200,300
57031065014909,15:50:31.065,21.7200,100
57031065014909,15:50:31.065,21.7200,100
57055890084266,15:50:55.890,21.7250,100
57057066130515,15:50:57.066,21.7250,100
57073930979538,15:51:13.930,21.7300,200
57073944262511,15:51:13.944,21.7300,78
57073974665825,15:51:13.974,21.7300,22
57073974665825,15:51:13.974,21.7300,300
57073974665825,15:51:13.974,21.7300,378
57086239930237,15:51:26.239,21.7300,122
57086239930237,15:51:26.239,21.7300,278
57086240629943,15:51:26.240,21.7300,22
57091366172848,15:51:31.366,21.7300,100
57091372686305,15:51:31.372,21.7300,200
57091372686305,15:51:31.372,21.7300,100
57091372763902,15:51:31.372,21.7300,100
57126632367565,15:52:06.632,21.7350,100
57136064782055,15:52:16.064,21.7350,100
57154087167099,15:52:34.087,21.7350,100
57154499087794,15:52:34.499,21.7300,300
57154499144352,15:52:34.499,21.7300,485
57154499199296,15:52:34.499,21.7300,1015
57154501584315,15:52:34.501,21.7250,100
57156065173867,15:52:36.065,21.7250,100
57156065173867,15:52:36.065,21.7250,100
57156482672727,15:52:36.482,21.7250,3
57163076203209,15:52:43.076,21.7250,100
57166825949959,15:52:46.825,21.7250,100
57170065151509,15:52:50.065,21.7250,100
57199053159796,15:53:19.053,21.7300,300
57199053355406,15:53:19.053,21.7300,51
57199113960238,15:53:19.113,21.7300,200
57308430980380,15:55:08.430,21.7300,200
57308430980380,15:55:08.430,21.7300,100
57308430980380,15:55:08.430,21.7300,100
57308431457162,15:55:08.431,21.7300,100
57308431457162,15:55:08.431,21.7300,68
57308431506154,15:55:08.431,21.7300,132
57308431506154,15:55:08.431,21.7300,200
57308431506154,15:55:08.431,21.7300,4
57368641248953,15:56:08.641,21.7400,89
57368641248953,15:56:08.641,21.7400,1811
57368641279568,15:56:08.641,21.7400,589
57368641279568,15:56:08.641,21.7400,11
57368641279568,15:56:08.641,21.7400,100
57368641279568,15:56:08.641,21.7400,92
57368641279568,15:56:08.641,21.7400,17
57368641279568,15:56:08.641,21.7400,200
57378509392921,15:56:18.509,21.7500,82
57378509392921,15:56:18.509,21.7500,18
57378509392921,15:56:18.509,21.7500,200
57378509392921,15:56:18.509,21.7500,400
57385076009748,15:56:25.076,21.7500,2200
57385076009748,15:56:25.076,21.7500,400
57385076009748,15:56:25.076,21.7500,100
57398693491348,15:56:38.693,21.7600,200
57398693491348,15:56:38.693,21.7600,60
57398693491348,15:56:38.693,21.7600,40
57401510617993,15:56:41.510,21.7600,200
57401510617993,15:56:41.510,21.7600,200
57405255083590,15:56:45.255,21.7600,91
57405984670265,15:56:45.984,21.7650,200
57405988801368,15:56:45.988,21.7650,100
57426952824297,15:57:06.952,21.7600,300
57426952887900,15:57:06.952,21.7600,357
57426953042683,15:57:06.953,21.7600,43
57426953042683,15:57:06.953,21.7600,57
57426953325376,15:57:06.953,21.7600,36
57426953406784,15:57:06.953,21.7600,60
57426953406784,15:57:06.953,21.7600,236
57426953481549,15:57:06.953,21.7600,64
57440134380273,15:57:20.134,21.7550,100
57440134380273,15:57:20.134,21.7600,100
57440134380273,15:57:20.134,21.7600,101
57440631338539,15:57:20.631,21.7600,200
57441209161667,15:57:21.209,21.7600,300
57441209161667,15:57:21.209,21.7600,100
57441209161667,15:57:21.209,21.7600,100
57441209161667,15:57:21.209,21.7600,100
57441209161667,15:57:21.209,21.7600,389
57441209161667,15:57:21.209,21.7600,111
57443905443106,15:57:23.905,21.7600,100
57450655075494,15:57:30.655,21.7600,22
57452414916630,15:57:32.414,21.7600,189
57452414916630,15:57:32.414,21.7600,11
57452415170644,15:57:32.415,21.7600,37
57452621611895,15:57:32.621,21.7650,100
57452621611895,15:57:32.621,21.7700,300
57461528814185,15:57:41.528,21.7750,100
57474062896442,15:57:54.062,21.7700,100
57505252876740,15:58:25.252,21.7600,99
57505252876740,15:58:25.252,21.7600,21
57511858728812,15:58:31.858,21.7650,100
57520693543339,15:58:40.693,21.7600,34
57520693543339,15:58:40.693,21.7600,400
57520693543339,15:58:40.693,21.7600,37
57529355339295,15:58:49.355,21.7500,300
57529355339295,15:58:49.355,21.7500,100
57529355339295,15:58:49.355,21.7500,43
57529355489780,15:58:49.355,21.7500,29
57529355489780,15:58:49.355,21.7500,200
57534707965403,15:58:54.707,21.7500,300
57534708493483,15:58:54.708,21.7500,100
57547480784082,15:59:07.480,21.7600,300
57547480784082,15:59:07.480,21.7600,200
57547480784082,15:59:07.480,21.7600,200
57552050520655,15:59:12.050,21.7650,3
57559197329941,15:59:19.197,21.7700,163
57559197533492,15:59:19.197,21.7700,137
57559197533492,15:59:19.197,21.7700,200
57559197533492,15:59:19.197,21.7700,100
57559197533492,15:59:19.197,21.7700,100
57559197533492,15:59:19.197,21.7700,120
57559375699688,15:59:19.375,21.7750,4
57559441098178,15:59:19.441,21.7800,200
57559441098178,15:59:19.441,21.7800,300
57560855609193,15:59:20.855,21.7750,45
57563792283438,15:59:23.792,21.7700,257
57570433331595,15:59:30.433,21.7750,100
57570433331595,15:59:30.433,21.7750,100
57570436785357,15:59:30.436,21.7750,100
57570436785357,15:59:30.436,21.7800,100
57570436785357,15:59:30.436,21.7800,200
57570436785357,15:59:30.436,21.7800,200
57570436785357,15:59:30.436,21.7800,6
57570477746813,15:59:30.477,21.7800,100
57570477746813,15:59:30.477,21.7800,400
57570624790248,15:59:30.624,21.7900,48
57571900636770,15:59:31.900,21.7850,2
57578958292557,15:59:38.958,21.7750,100
57578958292557,15:59:38.958,21.7750,100
57580599214288,15:59:40.599,21.7750,73
57581749105262,15:59:41.749,21.7700,7
57581758391291,15:59:41.758,21.7700,85
57590127789639,15:59:50.127,21.7600,53
57600616946331,16:00:00.616,0.0000,0
59273782036062,16:27:53.782,21.8200,1
