timestamp,time,price,volume
33949175235023,09:25:49.175,2.0400,7
34200379910460,09:30:00.379,2.0300,3
34200379910460,09:30:00.379,2.0300,31407
34294259511663,09:31:34.259,2.0400,100
34294259511663,09:31:34.259,2.0400,8
34294259511663,09:31:34.259,2.0400,100
34294259511663,09:31:34.259,2.0400,100
34355644466319,09:32:35.644,2.0600,100
34355674287930,09:32:35.674,2.0600,100
34355674287930,09:32:35.674,2.0600,100
34355674496123,09:32:35.674,2.0600,1000
34355674598572,09:32:35.674,2.0600,400
34355687626205,09:32:35.687,2.0600,100
34378718837526,09:32:58.718,2.0600,100
34378719227363,09:32:58.719,2.0600,100
34378719227363,09:32:58.719,2.0600,100
34378730708249,09:32:58.730,2.0600,100
34378738818375,09:32:58.738,2.0600,100
34378745607414,09:32:58.745,2.0600,100
34378750661272,09:32:58.750,2.0600,100
34490450375368,09:34:50.450,2.0500,100
34509960291190,09:35:09.960,2.0500,100
34509960291190,09:35:09.960,2.0500,300
34511365367992,09:35:11.365,2.0400,400
34511365367992,09:35:11.365,2.0400,200
34511365367992,09:35:11.365,2.0400,300
34511365367992,09:35:11.365,2.0400,400
34511365367992,09:35:11.365,2.0400,100
34521876532591,09:35:21.876,2.0400,100
34628852886106,09:37:08.852,2.0500,300
34628852886106,09:37:08.852,2.0500,300
34628852886106,09:37:08.852,2.0500,100
34628852886106,09:37:08.852,2.0500,400
34628852886106,09:37:08.852,2.0500,100
34628852886106,09:37:08.852,2.0500,200
34748749371573,09:39:08.749,2.0550,140
35046324945808,09:44:06.324,2.0400,1900
35046324945808,09:44:06.324,2.0400,300
35046324945808,09:44:06.324,2.0400,400
35046324945808,09:44:06.324,2.0400,200
35046324945808,09:44:06.324,2.0400,100
35046324945808,09:44:06.324,2.0400,1900
35046324945808,09:44:06.324,2.0400,500
35046324945808,09:44:06.324,2.0400,200
35046324945808,09:44:06.324,2.0400,1100
35046328478003,09:44:06.328,2.0400,100
35046328679077,09:44:06.328,2.0400,100
35046328679077,09:44:06.328,2.0400,700
35046356313382,09:44:06.356,2.0400,500
35046356313382,09:44:06.356,2.0400,300
35046356313382,09:44:06.356,2.0400,100
35046356313382,09:44:06.356,2.0400,100
35046356313382,09:44:06.356,2.0400,300
35046356313382,09:44:06.356,2.0400,400
35046356313382,09:44:06.356,2.0400,200
35046356313382,09:44:06.356,2.0400,200
35046356313382,09:44:06.356,2.0400,900
35046357786766,09:44:06.357,2.0400,100
35046357786766,09:44:06.357,2.0400,300
35046357786766,09:44:06.357,2.0400,200
35046357786766,09:44:06.357,2.0400,1500
35046358303482,09:44:06.358,2.0400,100
35046359982038,09:44:06.359,2.0400,100
35046359982038,09:44:06.359,2.0400,100
35046359982038,09:44:06.359,2.0400,400
35046428961516,09:44:06.428,2.0400,100
35142323283977,09:45:42.323,2.0400,100
35483476033833,09:51:23.476,2.0400,300
35483476033833,09:51:23.476,2.0400,200
35483476033833,09:51:23.476,2.0400,200
35483476033833,09:51:23.476,2.0400,100
35483476033833,09:51:23.476,2.0400,200
35483476411105,09:51:23.476,2.0400,200
35488480061525,09:51:28.480,2.0400,200
35488480061525,09:51:28.480,2.0400,200
35488480061525,09:51:28.480,2.0400,200
35498131746428,09:51:38.131,2.0400,2500
35498131746428,09:51:38.131,2.0400,500
35498131746428,09:51:38.131,2.0400,400
35498131746428,09:51:38.131,2.0400,300
35498131746428,09:51:38.131,2.0400,100
35498519049745,09:51:38.519,2.0400,200
35499929580159,09:51:39.929,2.0400,200
35499929580159,09:51:39.929,2.0400,200
35501265667874,09:51:41.265,2.0400,200
35501265667874,09:51:41.265,2.0400,200
35501265667874,09:51:41.265,2.0400,200
35501265667874,09:51:41.265,2.0400,500
35502066152356,09:51:42.066,2.0400,500
35502066152356,09:51:42.066,2.0400,200
35503334036260,09:51:43.334,2.0400,500
35503334036260,09:51:43.334,2.0400,200
35503365746403,09:51:43.365,2.0400,100
35503902591707,09:51:43.902,2.0400,200
35504243363624,09:51:44.243,2.0450,400
35504243363624,09:51:44.243,2.0500,3500
35504243363624,09:51:44.243,2.0500,200
35504243363624,09:51:44.243,2.0500,200
35504243363624,09:51:44.243,2.0500,1000
35504243363624,09:51:44.243,2.0500,400
35504243363624,09:51:44.243,2.0500,300
35504243363624,09:51:44.243,2.0500,200
35504243363624,09:51:44.243,2.0500,200
35510135492716,09:51:50.135,2.0450,400
35510135492716,09:51:50.135,2.0450,300
35510135492716,09:51:50.135,2.0400,3200
35510135492716,09:51:50.135,2.0400,200
35510135492716,09:51:50.135,2.0400,200
35510135492716,09:51:50.135,2.0400,600
35510135492716,09:51:50.135,2.0400,200
35510135492716,09:51:50.135,2.0400,3600
35510135492716,09:51:50.135,2.0400,760
35510135492716,09:51:50.135,2.0400,400
35510135492716,09:51:50.135,2.0400,200
35510135492716,09:51:50.135,2.0400,500
35510135492716,09:51:50.135,2.0400,600
35510135492716,09:51:50.135,2.0400,400
35510135492716,09:51:50.135,2.0400,200
35510135492716,09:51:50.135,2.0400,100
35549326465105,09:52:29.326,2.0300,200
35549326465105,09:52:29.326,2.0300,5
35549326465105,09:52:29.326,2.0300,13
35549326465105,09:52:29.326,2.0300,5
35549326465105,09:52:29.326,2.0300,100
35549326465105,09:52:29.326,2.0300,500
35549326465105,09:52:29.326,2.0300,1399
35549326705845,09:52:29.326,2.0300,100
35549326705845,09:52:29.326,2.0300,100
35549326730921,09:52:29.326,2.0300,3401
35764836832069,09:56:04.836,2.0200,1000
35764836832069,09:56:04.836,2.0200,200
35764836832069,09:56:04.836,2.0200,300
35764836832069,09:56:04.836,2.0200,598
35764836832069,09:56:04.836,2.0200,40
35764836832069,09:56:04.836,2.0200,200
35764836832069,09:56:04.836,2.0200,5000
35764836832069,09:56:04.836,2.0200,100
35764836832069,09:56:04.836,2.0200,100
35764836832069,09:56:04.836,2.0200,100
35764836832069,09:56:04.836,2.0200,300
35764836832069,09:56:04.836,2.0200,100
35764836832069,09:56:04.836,2.0200,1600
35764836832069,09:56:04.836,2.0200,362
35769760517653,09:56:09.760,2.0200,1438
35769760517653,09:56:09.760,2.0200,662
35769760517653,09:56:09.760,2.0200,100
35769760517653,09:56:09.760,2.0200,150
35769760517653,09:56:09.760,2.0200,800
35769760517653,09:56:09.760,2.0200,50
35769760530269,09:56:09.760,2.0200,50
35769760530269,09:56:09.760,2.0200,2150
35769761031652,09:56:09.761,2.0200,100
35769761031652,09:56:09.761,2.0200,100
35769761031652,09:56:09.761,2.0200,1900
35779410299385,09:56:19.410,2.0150,400
35779410299385,09:56:19.410,2.0200,1300
35779410299385,09:56:19.410,2.0200,1800
35779410299385,09:56:19.410,2.0200,600
35779410299385,09:56:19.410,2.0200,300
35779410299385,09:56:19.410,2.0200,200
35779410299385,09:56:19.410,2.0200,200
35779410299385,09:56:19.410,2.0200,4400
35779410299385,09:56:19.410,2.0200,100
35779410299385,09:56:19.410,2.0200,200
35779410299385,09:56:19.410,2.0200,400
35779410299385,09:56:19.410,2.0200,900
35779410299385,09:56:19.410,2.0200,100
35779410299385,09:56:19.410,2.0200,500
35779410299385,09:56:19.410,2.0200,600
35779410675267,09:56:19.410,2.0200,100
35779410675267,09:56:19.410,2.0200,100
35779410675267,09:56:19.410,2.0200,200
35779411180056,09:56:19.411,2.0200,100
36105414522904,10:01:45.414,2.0300,200
36105414522904,10:01:45.414,2.0300,200
36105414522904,10:01:45.414,2.0300,400
36105414522904,10:01:45.414,2.0300,100
36105414522904,10:01:45.414,2.0300,100
36105414522904,10:01:45.414,2.0300,700
36105414522904,10:01:45.414,2.0300,100
36105414522904,10:01:45.414,2.0300,900
36105414522904,10:01:45.414,2.0300,200
36105415401487,10:01:45.415,2.0300,100
36301184386774,10:05:01.184,2.0300,1500
36301184386774,10:05:01.184,2.0300,200
36301184386774,10:05:01.184,2.0300,200
36301184386774,10:05:01.184,2.0300,780
36301184386774,10:05:01.184,2.0300,500
36301184386774,10:05:01.184,2.0300,1200
36301184386774,10:05:01.184,2.0300,100
36301184544937,10:05:01.184,2.0300,100
36301184544937,10:05:01.184,2.0300,100
36301209258761,10:05:01.209,2.0200,3100
36301209258761,10:05:01.209,2.0200,200
36301209258761,10:05:01.209,2.0200,400
36301209258761,10:05:01.209,2.0200,200
36301209258761,10:05:01.209,2.0200,100
36301209258761,10:05:01.209,2.0200,10
36301209258761,10:05:01.209,2.0200,5
36301209258761,10:05:01.209,2.0200,750
36301209258761,10:05:01.209,2.0200,1300
36301209258761,10:05:01.209,2.0200,600
36301209258761,10:05:01.209,2.0200,100
36301209258761,10:05:01.209,2.0200,100
36301209258761,10:05:01.209,2.0200,700
36583080336314,10:09:43.080,2.0200,4100
36792987899112,10:13:12.987,2.0300,100
36792987899112,10:13:12.987,2.0300,100
36792987899112,10:13:12.987,2.0300,199
36792987899112,10:13:12.987,2.0300,200
36792987899112,10:13:12.987,2.0300,200
36792987899112,10:13:12.987,2.0300,31
37341279386550,10:22:21.279,2.0400,200
37366031354316,10:22:46.031,2.0450,100
37715170409979,10:28:35.170,2.0450,100
37919166518556,10:31:59.166,2.0450,200
38266182614106,10:37:46.182,2.0450,200
38655354014246,10:44:15.354,2.0500,200
38655354014246,10:44:15.354,2.0500,100
38655354014246,10:44:15.354,2.0500,200
38655354014246,10:44:15.354,2.0500,100
38655354014246,10:44:15.354,2.0500,100
38655354014246,10:44:15.354,2.0500,300
38655354162754,10:44:15.354,2.0500,400
38655354162754,10:44:15.354,2.0500,200
38655354162754,10:44:15.354,2.0500,1
38655354162754,10:44:15.354,2.0500,1100
38656185430542,10:44:16.185,2.0550,366
39619644894968,11:00:19.644,2.0600,200
39622825793199,11:00:22.825,2.0600,200
39622826880706,11:00:22.826,2.0600,600
40850767013245,11:20:50.767,2.0650,100
41589137136174,11:33:09.137,2.0700,10
41589137136174,11:33:09.137,2.0700,90
41617223419609,11:33:37.223,2.0700,10
41617223419609,11:33:37.223,2.0700,81
41617223419609,11:33:37.223,2.0700,9
41926538982656,11:38:46.538,2.0650,100
42348641768476,11:45:48.641,2.0700,391
42348641768476,11:45:48.641,2.0700,200
42348641768476,11:45:48.641,2.0700,200
42348641768476,11:45:48.641,2.0700,900
42348641768476,11:45:48.641,2.0700,600
42348641768476,11:45:48.641,2.0700,200
42348641768476,11:45:48.641,2.0700,100
42348641768476,11:45:48.641,2.0700,1998
42348641768476,11:45:48.641,2.0700,1
42348676713447,11:45:48.676,2.0750,400
42348715507481,11:45:48.715,2.0750,100
42348720432888,11:45:48.720,2.0750,100
43092888171393,11:58:12.888,2.0750,100
43807835473849,12:10:07.835,2.0750,100
44329765083275,12:18:49.765,2.0800,100
44549284546598,12:22:29.284,2.0800,100
44549284546598,12:22:29.284,2.0800,700
44549284546598,12:22:29.284,2.0800,100
44549284546598,12:22:29.284,2.0800,1000
44549284546598,12:22:29.284,2.0800,15
44549284546598,12:22:29.284,2.0800,300
44549284546598,12:22:29.284,2.0800,30
44549284546598,12:22:29.284,2.0800,600
44549284546598,12:22:29.284,2.0800,4
44549284546598,12:22:29.284,2.0800,2
44549284546598,12:22:29.284,2.0800,49
44549284813730,12:22:29.284,2.0800,851
44549284813730,12:22:29.284,2.0800,100
44586362295099,12:23:06.362,2.0900,100
44586362295099,12:23:06.362,2.0900,7
44602687249862,12:23:22.687,2.0950,100
46725414117509,12:58:45.414,2.0950,100
47434378848197,13:10:34.378,2.0950,67
47434378848197,13:10:34.378,2.0950,33
47441515159502,13:10:41.515,2.0950,200
47445703768485,13:10:45.703,2.0950,100
47856062431936,13:17:36.062,2.0900,200
47856062431936,13:17:36.062,2.0900,200
47856062431936,13:17:36.062,2.0900,800
47856062431936,13:17:36.062,2.0900,100
47856062431936,13:17:36.062,2.0900,6500
47856062431936,13:17:36.062,2.0900,900
47856062431936,13:17:36.062,2.0900,635
47856062501944,13:17:36.062,2.0900,100
47856062546494,13:17:36.062,2.0900,565
47856062546494,13:17:36.062,2.0900,100
47856062546494,13:17:36.062,2.0900,100
47856062546494,13:17:36.062,2.0900,100
47856062546494,13:17:36.062,2.0900,100
47856063378268,13:17:36.063,2.0900,1300
47856235350756,13:17:36.235,2.0900,100
47856686505235,13:17:36.686,2.0900,100
47857214348510,13:17:37.214,2.0900,200
47857214348510,13:17:37.214,2.0900,200
48142441624258,13:22:22.441,2.0900,400
48142441624258,13:22:22.441,2.0900,200
48142441624258,13:22:22.441,2.0900,200
48142441624258,13:22:22.441,2.0900,900
48142441624258,13:22:22.441,2.0900,100
48142441624258,13:22:22.441,2.0900,300
48142441624258,13:22:22.441,2.0900,1000
48142441624258,13:22:22.441,2.0900,500
48142442913132,13:22:22.442,2.0900,200
48142679900845,13:22:22.679,2.0850,400
48184166405335,13:23:04.166,2.0850,100
48184166405335,13:23:04.166,2.0850,100
48184173249389,13:23:04.173,2.0850,115
48184374917958,13:23:04.374,2.0850,285
48262234405463,13:24:22.234,2.0850,100
48650008512338,13:30:50.008,2.0800,3500
48650008512338,13:30:50.008,2.0800,200
48650008512338,13:30:50.008,2.0800,200
48650008512338,13:30:50.008,2.0800,400
48650008512338,13:30:50.008,2.0800,600
48650008512338,13:30:50.008,2.0800,200
48650008512338,13:30:50.008,2.0800,4
48650008512338,13:30:50.008,2.0800,400
48650008512338,13:30:50.008,2.0800,200
48650008512338,13:30:50.008,2.0800,100
48650008512338,13:30:50.008,2.0800,896
48650009265072,13:30:50.009,2.0800,4
48650009265072,13:30:50.009,2.0800,100
48650009699173,13:30:50.009,2.0800,100
48650009699173,13:30:50.009,2.0800,800
48650009699173,13:30:50.009,2.0800,400
48651016361424,13:30:51.016,2.0800,100
48651016468614,13:30:51.016,2.0800,100
48651016468614,13:30:51.016,2.0800,100
48656574526852,13:30:56.574,2.0850,144
48656581808774,13:30:56.581,2.0850,256
48656581808774,13:30:56.581,2.0850,144
48703717390016,13:31:43.717,2.0850,200
48703726429245,13:31:43.726,2.0850,100
48703733206179,13:31:43.733,2.0850,400
48703740394228,13:31:43.740,2.0850,100
48703740394228,13:31:43.740,2.0850,295
49326110048490,13:42:06.110,2.0800,500
49326872901314,13:42:06.872,2.0800,200
49326872901314,13:42:06.872,2.0800,200
49326872901314,13:42:06.872,2.0800,200
49326872901314,13:42:06.872,2.0800,300
49328366711108,13:42:08.366,2.0800,700
49328366711108,13:42:08.366,2.0800,200
49328366711108,13:42:08.366,2.0800,200
49332990469022,13:42:12.990,2.0700,200
49332990469022,13:42:12.990,2.0700,132
49336111423444,13:42:16.111,2.0700,500
49336853804532,13:42:16.853,2.0700,100
49336853804532,13:42:16.853,2.0700,100
49336853804532,13:42:16.853,2.0700,200
49336853804532,13:42:16.853,2.0700,100
49337044269985,13:42:17.044,2.0700,100
49337044269985,13:42:17.044,2.0700,200
49338144333240,13:42:18.144,2.0700,100
49338144333240,13:42:18.144,2.0700,100
49338144333240,13:42:18.144,2.0700,200
49338144333240,13:42:18.144,2.0700,200
49338144333240,13:42:18.144,2.0700,200
49338709769397,13:42:18.709,2.0700,300
49338709769397,13:42:18.709,2.0700,100
49338878814266,13:42:18.878,2.0700,100
49338878814266,13:42:18.878,2.0700,100
49338878814266,13:42:18.878,2.0700,400
49339072190327,13:42:19.072,2.0700,100
49339592419732,13:42:19.592,2.0700,100
49339592419732,13:42:19.592,2.0700,100
49339592419732,13:42:19.592,2.0700,200
49339592419732,13:42:19.592,2.0700,1100
49339628783609,13:42:19.628,2.0700,200
49339628783609,13:42:19.628,2.0700,800
49340308726292,13:42:20.308,2.0700,100
49340308726292,13:42:20.308,2.0700,100
49340308726292,13:42:20.308,2.0700,200
49340308726292,13:42:20.308,2.0700,100
49340311268639,13:42:20.311,2.0700,100
49340409269928,13:42:20.409,2.0700,200
49347924982780,13:42:27.924,2.0800,1300
49347924982780,13:42:27.924,2.0800,200
49347924982780,13:42:27.924,2.0800,200
49347924982780,13:42:27.924,2.0800,1800
49347924982780,13:42:27.924,2.0800,400
49347924982780,13:42:27.924,2.0800,700
49347924982780,13:42:27.924,2.0800,200
49347924982780,13:42:27.924,2.0800,200
49347924982780,13:42:27.924,2.0800,100
49347924982780,13:42:27.924,2.0800,100
49347924982780,13:42:27.924,2.0800,1
49347924982780,13:42:27.924,2.0800,1
49347924982780,13:42:27.924,2.0800,100
49347924982780,13:42:27.924,2.0800,1
49381544706064,13:43:01.544,2.0850,100
49391851266375,13:43:11.851,2.0800,200
49391851266375,13:43:11.851,2.0800,800
49392557921672,13:43:12.557,2.0800,1000
49393222008986,13:43:13.222,2.0800,1000
49393909978133,13:43:13.909,2.0800,1000
49394579512521,13:43:14.579,2.0800,200
49394579512521,13:43:14.579,2.0800,600
49394579512521,13:43:14.579,2.0800,200
49395276224153,13:43:15.276,2.0800,300
49395540705405,13:43:15.540,2.0750,100
49401200099183,13:43:21.200,2.0750,400
49401200099183,13:43:21.200,2.0750,100
49401200099183,13:43:21.200,2.0800,3000
49401200099183,13:43:21.200,2.0800,100
49401200099183,13:43:21.200,2.0800,200
49401200099183,13:43:21.200,2.0800,400
49401200099183,13:43:21.200,2.0800,800
49401200099183,13:43:21.200,2.0800,100
49401200099183,13:43:21.200,2.0800,400
49401200099183,13:43:21.200,2.0800,200
49401200099183,13:43:21.200,2.0800,900
49401200099183,13:43:21.200,2.0800,100
49401200099183,13:43:21.200,2.0800,100
49466489528457,13:44:26.489,2.0800,3500
49466489528457,13:44:26.489,2.0800,1500
49466489528457,13:44:26.489,2.0800,300
49466489528457,13:44:26.489,2.0800,1300
49466489528457,13:44:26.489,2.0800,700
49466489528457,13:44:26.489,2.0800,400
49466489528457,13:44:26.489,2.0800,100
49466489528457,13:44:26.489,2.0800,700
49466489528457,13:44:26.489,2.0800,900
49466489528457,13:44:26.489,2.0800,1500
49649934428989,13:47:29.934,2.0850,500
49649934428989,13:47:29.934,2.0850,300
49649935386792,13:47:29.935,2.0850,100
49649935386792,13:47:29.935,2.0850,100
49747340534935,13:49:07.340,2.0850,400
49747340534935,13:49:07.340,2.0800,102
49750002288083,13:49:10.002,2.0800,98
49750002288083,13:49:10.002,2.0800,500
49750002288083,13:49:10.002,2.0800,200
49750002288083,13:49:10.002,2.0800,102
49757100048103,13:49:17.100,2.0800,200
49757100048103,13:49:17.100,2.0800,200
49757100048103,13:49:17.100,2.0800,400
49757100048103,13:49:17.100,2.0800,200
49757100048103,13:49:17.100,2.0800,200
49757100048103,13:49:17.100,2.0800,100
49757101205981,13:49:17.101,2.0800,100
49757102224424,13:49:17.102,2.0800,100
49757103225515,13:49:17.103,2.0800,100
49757139365317,13:49:17.139,2.0800,200
49759134601310,13:49:19.134,2.0800,500
49759134601310,13:49:19.134,2.0800,400
49763829457198,13:49:23.829,2.0800,3300
49763829457198,13:49:23.829,2.0800,200
49763829457198,13:49:23.829,2.0800,200
49763829457198,13:49:23.829,2.0800,200
49763829457198,13:49:23.829,2.0800,200
49803999623776,13:50:03.999,2.0800,100
49809375709863,13:50:09.375,2.0800,400
49809375709863,13:50:09.375,2.0800,400
49809375709863,13:50:09.375,2.0800,200
49809375709863,13:50:09.375,2.0800,100
49809375709863,13:50:09.375,2.0800,900
49809375709863,13:50:09.375,2.0800,600
49809375709863,13:50:09.375,2.0800,1
49809375709863,13:50:09.375,2.0800,200
49809375709863,13:50:09.375,2.0800,400
49809375709863,13:50:09.375,2.0800,200
49809375709863,13:50:09.375,2.0800,900
49809375709863,13:50:09.375,2.0800,100
49813606440884,13:50:13.606,2.0850,56
49824835752476,13:50:24.835,2.0900,200
49824835752476,13:50:24.835,2.0900,200
49824835752476,13:50:24.835,2.0900,400
49824835752476,13:50:24.835,2.0900,200
49824835752476,13:50:24.835,2.0900,500
49824835752476,13:50:24.835,2.0900,1500
49824835752476,13:50:24.835,2.0900,100
49824835752476,13:50:24.835,2.0900,200
49824835752476,13:50:24.835,2.0900,900
49824838064420,13:50:24.838,2.0900,100
49824838064420,13:50:24.838,2.0900,100
49876588305678,13:51:16.588,2.0900,1000
49878200194841,13:51:18.200,2.0900,100
49878200194841,13:51:18.200,2.0900,400
49878200357698,13:51:18.200,2.0900,400
49878200357698,13:51:18.200,2.0900,56
49878200357698,13:51:18.200,2.0900,100
49878200625229,13:51:18.200,2.0900,600
49878201083976,13:51:18.201,2.0900,100
49910262440957,13:51:50.262,2.0900,200
49910262440957,13:51:50.262,2.0900,200
49910262440957,13:51:50.262,2.0900,400
49910262440957,13:51:50.262,2.0900,800
49910262440957,13:51:50.262,2.0900,200
49910262440957,13:51:50.262,2.0900,900
49927180306535,13:52:07.180,2.0900,100
49927180306535,13:52:07.180,2.0900,100
49939170014900,13:52:19.170,2.0900,200
49984011441203,13:53:04.011,2.0900,300
50047104480199,13:54:07.104,2.0900,200
50047104480199,13:54:07.104,2.0900,200
50047104480199,13:54:07.104,2.0900,100
50051315224806,13:54:11.315,2.0900,100
50062109902973,13:54:22.109,2.0900,900
50337002195289,13:58:57.002,2.0950,100
50447146060270,14:00:47.146,2.0950,6
50526484192168,14:02:06.484,2.0950,100
50526484192168,14:02:06.484,2.0900,200
50526484192168,14:02:06.484,2.0900,778
50527393002317,14:02:07.393,2.0900,22
50527393002317,14:02:07.393,2.0900,1300
50527396627249,14:02:07.396,2.0900,77
50527490348113,14:02:07.490,2.0900,100
50532013996491,14:02:12.013,2.0900,100
50532013996491,14:02:12.013,2.0900,1600
50532014778756,14:02:12.014,2.0900,400
50582988865540,14:03:02.988,2.0900,100
50582988865540,14:03:02.988,2.0900,100
50582988865540,14:03:02.988,2.0900,700
50583008792126,14:03:03.008,2.0900,100
50583010373736,14:03:03.010,2.0900,100
50583029773608,14:03:03.029,2.0900,100
50583029773608,14:03:03.029,2.0900,400
50583030915653,14:03:03.030,2.0900,200
50711141624631,14:05:11.141,2.1000,1900
50711141624631,14:05:11.141,2.1000,38
50711141624631,14:05:11.141,2.1000,215
50711141624631,14:05:11.141,2.1000,50
50711141624631,14:05:11.141,2.1000,2500
50711141624631,14:05:11.141,2.1000,50
50711141624631,14:05:11.141,2.1000,10
50711141624631,14:05:11.141,2.1000,200
50711141624631,14:05:11.141,2.1000,87
50711141624631,14:05:11.141,2.1000,46
50711141624631,14:05:11.141,2.1000,100
50711141624631,14:05:11.141,2.1000,2
50711141624631,14:05:11.141,2.1000,900
50711141624631,14:05:11.141,2.1000,567
50711141624631,14:05:11.141,2.1000,100
50711141928774,14:05:11.141,2.1000,6
50711163659590,14:05:11.163,2.1050,100
50711270468312,14:05:11.270,2.1050,100
50712525011113,14:05:12.525,2.1100,400
50714628982441,14:05:14.628,2.1050,4
50724135567776,14:05:24.135,2.1100,656
50724135567776,14:05:24.135,2.1100,100
51353977533613,14:15:53.977,2.1100,100
51353977533613,14:15:53.977,2.1100,1600
51353977533613,14:15:53.977,2.1100,100
51353977533613,14:15:53.977,2.1100,700
51353977533613,14:15:53.977,2.1100,200
51353977533613,14:15:53.977,2.1100,900
51353977533613,14:15:53.977,2.1100,400
51353977533613,14:15:53.977,2.1100,400
51400268609751,14:16:40.268,2.1050,200
51403157146045,14:16:43.157,2.1050,200
51641715272359,14:20:41.715,2.1050,323
51641716365579,14:20:41.716,2.1050,100
51641716365579,14:20:41.716,2.1050,100
51641716365579,14:20:41.716,2.1050,200
51788086216190,14:23:08.086,2.1100,1
51788086216190,14:23:08.086,2.1100,100
51788086216190,14:23:08.086,2.1100,35
51788086216190,14:23:08.086,2.1100,470
51788086216190,14:23:08.086,2.1100,594
51788086630515,14:23:08.086,2.1100,306
51788138872470,14:23:08.138,2.1150,200
52003312367336,14:26:43.312,2.1200,42
52003312367336,14:26:43.312,2.1200,200
52003312367336,14:26:43.312,2.1200,400
52003312367336,14:26:43.312,2.1200,100
52003312367336,14:26:43.312,2.1200,100
52003312367336,14:26:43.312,2.1200,800
52003312367336,14:26:43.312,2.1200,900
52003312367336,14:26:43.312,2.1200,200
52003312367336,14:26:43.312,2.1200,700
52003312367336,14:26:43.312,2.1200,100
52003312367336,14:26:43.312,2.1200,36
52003312367336,14:26:43.312,2.1200,500
52003312367336,14:26:43.312,2.1200,10
52003312367336,14:26:43.312,2.1200,100
52003312367336,14:26:43.312,2.1200,1400
52003312815616,14:26:43.312,2.1200,703
52003312815616,14:26:43.312,2.1200,800
52003430085514,14:26:43.430,2.1250,300
52279212631840,14:31:19.212,2.1200,160
52897294921053,14:41:37.294,2.1250,300
53224500335682,14:47:04.500,2.1300,8
53224500335682,14:47:04.500,2.1300,50
53224500335682,14:47:04.500,2.1300,100
53224500335682,14:47:04.500,2.1300,200
53224500335682,14:47:04.500,2.1300,200
53224500335682,14:47:04.500,2.1300,900
53224500335682,14:47:04.500,2.1300,1
53224500335682,14:47:04.500,2.1300,44
53224500335682,14:47:04.500,2.1300,749
53224500335682,14:47:04.500,2.1300,14
53224500335682,14:47:04.500,2.1300,500
53224500335682,14:47:04.500,2.1300,400
53224500335682,14:47:04.500,2.1300,100
53224500335682,14:47:04.500,2.1300,100
53224501629978,14:47:04.501,2.1400,5
53224501631561,14:47:04.501,2.1400,2
53224501633177,14:47:04.501,2.1400,5
53224501635161,14:47:04.501,2.1400,5
53224501969532,14:47:04.501,2.1400,6
53224502492014,14:47:04.502,2.1400,8
53526758988733,14:52:06.758,2.1300,200
53526758988733,14:52:06.758,2.1300,600
53527584658269,14:52:07.584,2.1300,600
53527584658269,14:52:07.584,2.1300,100
53527584658269,14:52:07.584,2.1300,900
53528616668159,14:52:08.616,2.1300,800
53528616668159,14:52:08.616,2.1300,200
53529311017975,14:52:09.311,2.1300,200
53529311017975,14:52:09.311,2.1300,1600
53530818727458,14:52:10.818,2.1300,700
53531564539277,14:52:11.564,2.1300,400
53531564539277,14:52:11.564,2.1300,234
53531564539277,14:52:11.564,2.1300,300
53531564539277,14:52:11.564,2.1300,1000
53532447963216,14:52:12.447,2.1300,700
53533058640179,14:52:13.058,2.1300,200
53533058640179,14:52:13.058,2.1300,500
53533058640179,14:52:13.058,2.1300,1500
53533651476557,14:52:13.651,2.1300,100
53533651476557,14:52:13.651,2.1300,100
53533651476557,14:52:13.651,2.1300,1300
53534399427797,14:52:14.399,2.1300,200
53534399427797,14:52:14.399,2.1300,500
53534399427797,14:52:14.399,2.1300,1000
53535115607413,14:52:15.115,2.1300,200
53535115607413,14:52:15.115,2.1300,1400
53535166381603,14:52:15.166,2.1300,200
53535166414839,14:52:15.166,2.1300,100
53535176401448,14:52:15.176,2.1300,3700
53535176401448,14:52:15.176,2.1300,500
53535176401448,14:52:15.176,2.1300,200
53535200292216,14:52:15.200,2.1300,772
53535200292216,14:52:15.200,2.1300,200
53535200292216,14:52:15.200,2.1300,500
53535200292216,14:52:15.200,2.1300,100
53535200292216,14:52:15.200,2.1300,100
53537012417451,14:52:17.012,2.1300,200
53537012417451,14:52:17.012,2.1300,500
53537012417451,14:52:17.012,2.1300,200
53537012417451,14:52:17.012,2.1300,200
53537012417451,14:52:17.012,2.1300,100
53537903104015,14:52:17.903,2.1300,200
53537903104015,14:52:17.903,2.1300,200
53537903104015,14:52:17.903,2.1300,200
53538619218719,14:52:18.619,2.1300,400
53538619218719,14:52:18.619,2.1300,200
53539490518108,14:52:19.490,2.1300,600
53540271288758,14:52:20.271,2.1250,213
53543412055828,14:52:23.412,2.1250,2
53543412055828,14:52:23.412,2.1250,1
53543412055828,14:52:23.412,2.1250,2
53543412055828,14:52:23.412,2.1250,19
53543412055828,14:52:23.412,2.1250,8
53543412055828,14:52:23.412,2.1250,9
53543412055828,14:52:23.412,2.1250,8
53543412055828,14:52:23.412,2.1250,9
53543412055828,14:52:23.412,2.1250,2
53543412055828,14:52:23.412,2.1250,8
53552325563451,14:52:32.325,2.1250,100
53552332150777,14:52:32.332,2.1250,200
53595677965050,14:53:15.677,2.1300,34
53595678325321,14:53:15.678,2.1300,13
53595678335308,14:53:15.678,2.1300,2
53595678338658,14:53:15.678,2.1300,1
53595678340557,14:53:15.678,2.1300,18
53595678346956,14:53:15.678,2.1300,27
53595678376256,14:53:15.678,2.1300,9
53596851122813,14:53:16.851,2.1300,9
53596851180620,14:53:16.851,2.1300,10
53596851391304,14:53:16.851,2.1300,10
53596851495068,14:53:16.851,2.1300,10
53596851507066,14:53:16.851,2.1300,10
53596851511349,14:53:16.851,2.1300,18
53596851542116,14:53:16.851,2.1300,18
53596851550103,14:53:16.851,2.1300,6
53596851572070,14:53:16.851,2.1300,5
53596851572070,14:53:16.851,2.1300,4
53596851592979,14:53:16.851,2.1300,9
53596851655077,14:53:16.851,2.1300,9
53596851670804,14:53:16.851,2.1300,7
53596851678138,14:53:16.851,2.1300,10
53631723044159,14:53:51.723,2.1300,161
53631723044159,14:53:51.723,2.1300,2100
53631723044159,14:53:51.723,2.1300,300
53631723044159,14:53:51.723,2.1300,200
53631723044159,14:53:51.723,2.1300,900
53631723044159,14:53:51.723,2.1300,600
53631725053321,14:53:51.725,2.1400,9
53631725082262,14:53:51.725,2.1400,7
53631725117232,14:53:51.725,2.1400,5
53631725141819,14:53:51.725,2.1400,2
53631725164324,14:53:51.725,2.1400,1
53631725189087,14:53:51.725,2.1400,1
53666897390455,14:54:26.897,2.1350,100
53810528040803,14:56:50.528,2.1400,800
53811469709754,14:56:51.469,2.1400,744
53811469709754,14:56:51.469,2.1400,100
53811469709754,14:56:51.469,2.1400,200
53811469709754,14:56:51.469,2.1400,200
53811469709754,14:56:51.469,2.1400,100
53811469709754,14:56:51.469,2.1400,100
53811469709754,14:56:51.469,2.1400,900
53811469709754,14:56:51.469,2.1400,100
53811469709754,14:56:51.469,2.1400,48
53811469709754,14:56:51.469,2.1400,8
53811470911490,14:56:51.470,2.1400,92
53811472797965,14:56:51.472,2.1500,7
53811472817069,14:56:51.472,2.1500,7
53811472861595,14:56:51.472,2.1500,5
53811472864127,14:56:51.472,2.1500,8
53811472889016,14:56:51.472,2.1500,1
53811472905692,14:56:51.472,2.1500,5
53811472910023,14:56:51.472,2.1500,1
53811472926665,14:56:51.472,2.1500,13
53811472963293,14:56:51.472,2.1500,2
53816987389730,14:56:56.987,2.1400,2600
53831119693734,14:57:11.119,2.1400,1000
53831119693734,14:57:11.119,2.1400,200
53831119693734,14:57:11.119,2.1400,1500
53831119693734,14:57:11.119,2.1400,200
53831119693734,14:57:11.119,2.1400,700
53831119693734,14:57:11.119,2.1400,200
53831119693734,14:57:11.119,2.1400,100
53831119693734,14:57:11.119,2.1400,100
53831119693734,14:57:11.119,2.1400,900
53831119693734,14:57:11.119,2.1400,100
53861314902826,14:57:41.314,2.1450,7
53861314902826,14:57:41.314,2.1450,5
53861314902826,14:57:41.314,2.1450,7
53861314902826,14:57:41.314,2.1450,5
53861314902826,14:57:41.314,2.1450,11
53903561026409,14:58:23.561,2.1450,11
53989838841990,14:59:49.838,2.1400,200
53989838841990,14:59:49.838,2.1400,100
53989838841990,14:59:49.838,2.1400,300
54000338758746,15:00:00.338,2.1350,122
54000364015049,15:00:00.364,2.1350,678
54120781164403,15:02:00.781,2.1350,46
54120781236961,15:02:00.781,2.1350,45
54120781586893,15:02:00.781,2.1350,5
54120786005829,15:02:00.786,2.1350,3
54120988068878,15:02:00.988,2.1350,1
54123221316849,15:02:03.221,2.1350,37
54123221632635,15:02:03.221,2.1350,3
54123221701633,15:02:03.221,2.1350,45
54123221714804,15:02:03.221,2.1350,9
54123221748576,15:02:03.221,2.1350,6
54123221748576,15:02:03.221,2.1400,30
54152784996697,15:02:32.784,2.1350,15
54152785044346,15:02:32.785,2.1350,3
54152785202006,15:02:32.785,2.1350,5
54152785267355,15:02:32.785,2.1350,41
54152785364367,15:02:32.785,2.1350,18
54152785372045,15:02:32.785,2.1350,4
54152785372626,15:02:32.785,2.1350,14
54152785372626,15:02:32.785,2.1400,11
54152785384075,15:02:32.785,2.1400,9
54152785397764,15:02:32.785,2.1400,12
54152785398440,15:02:32.785,2.1400,27
54156526335403,15:02:36.526,2.1400,34
54156526397554,15:02:36.526,2.1400,17
54156526539678,15:02:36.526,2.1400,10
54156526686467,15:02:36.526,2.1400,20
54156526708207,15:02:36.526,2.1400,31
54156526721624,15:02:36.526,2.1400,9
54156526724176,15:02:36.526,2.1400,1
54156526728067,15:02:36.526,2.1400,5
54156526728694,15:02:36.526,2.1400,8
54156526732885,15:02:36.526,2.1400,12
54156526780182,15:02:36.526,2.1400,14
54156527026222,15:02:36.527,2.1400,9
54156527085748,15:02:36.527,2.1400,9
54246322982934,15:04:06.322,2.1400,37
54246323349376,15:04:06.323,2.1400,18
54246323362579,15:04:06.323,2.1400,27
54246323364312,15:04:06.323,2.1400,10
54246323396365,15:04:06.323,2.1400,27
54248626802544,15:04:08.626,2.1400,3213
54248626802544,15:04:08.626,2.1400,400
54248626802544,15:04:08.626,2.1400,100
54248626802544,15:04:08.626,2.1400,900
54248626802544,15:04:08.626,2.1400,200
54248626897096,15:04:08.626,2.1400,100
54248627359907,15:04:08.627,2.1400,100
54248627359907,15:04:08.627,2.1400,200
54257144688707,15:04:17.144,2.1450,3
54261316930360,15:04:21.316,2.1450,9
54261593818317,15:04:21.593,2.1450,3
54261595762682,15:04:21.595,2.1450,46
54324827475941,15:05:24.827,2.1450,9
54324827475941,15:05:24.827,2.1450,9
54324827475941,15:05:24.827,2.1450,19
54324827475941,15:05:24.827,2.1450,46
54325028309754,15:05:25.028,2.1450,200
54325034521099,15:05:25.034,2.1450,300
54338608206554,15:05:38.608,2.1450,6
54343068449482,15:05:43.068,2.1450,28
54383870158699,15:06:23.870,2.1500,451
54383870158699,15:06:23.870,2.1500,1000
54383870158699,15:06:23.870,2.1500,24
54383870158699,15:06:23.870,2.1500,485
54383870158699,15:06:23.870,2.1500,10000
54383870158699,15:06:23.870,2.1500,50
54383870158699,15:06:23.870,2.1500,700
54383870158699,15:06:23.870,2.1500,2500
54383870158699,15:06:23.870,2.1500,39
54383870158699,15:06:23.870,2.1500,200
54383870158699,15:06:23.870,2.1500,900
54383870158699,15:06:23.870,2.1500,100
54383870158699,15:06:23.870,2.1500,16
54383870158699,15:06:23.870,2.1500,1
54383873583214,15:06:23.873,2.1600,7
54383873583214,15:06:23.873,2.1600,2406
54383873688400,15:06:23.873,2.1600,300
54383873711379,15:06:23.873,2.1600,400
54383874652650,15:06:23.874,2.1600,989
54383875247914,15:06:23.875,2.1600,3905
54383875247914,15:06:23.875,2.1600,900
54383875247914,15:06:23.875,2.1600,500
54383875247914,15:06:23.875,2.1600,600
54383875247914,15:06:23.875,2.1600,100
54383896971157,15:06:23.896,2.1600,1700
54383896971157,15:06:23.896,2.1600,2300
54383896971157,15:06:23.896,2.1600,100
54742059029655,15:12:22.059,2.1550,100
54742059029655,15:12:22.059,2.1550,800
54742059029655,15:12:22.059,2.1600,3300
54742059029655,15:12:22.059,2.1600,1600
54742059029655,15:12:22.059,2.1600,1700
54742059029655,15:12:22.059,2.1600,4500
54742059029655,15:12:22.059,2.1600,500
54742059029655,15:12:22.059,2.1600,200
54742059029655,15:12:22.059,2.1600,600
54742059029655,15:12:22.059,2.1600,1500
54742059029655,15:12:22.059,2.1600,200
54742059029655,15:12:22.059,2.1600,100
54742059029655,15:12:22.059,2.1600,100
54742059029655,15:12:22.059,2.1600,900
54742059029655,15:12:22.059,2.1600,100
54742059029655,15:12:22.059,2.1600,1100
54742059029655,15:12:22.059,2.1600,200
54742059029655,15:12:22.059,2.1600,100
54742059029655,15:12:22.059,2.1600,500
54742059029655,15:12:22.059,2.1600,300
54742059029655,15:12:22.059,2.1600,600
54742059029655,15:12:22.059,2.1600,600
54742059029655,15:12:22.059,2.1600,500
54742059029655,15:12:22.059,2.1600,700
54742059029655,15:12:22.059,2.1600,600
54742059932996,15:12:22.059,2.1600,200
54742059932996,15:12:22.059,2.1600,1506
54742059932996,15:12:22.059,2.1600,200
54742059932996,15:12:22.059,2.1600,100
54742059941734,15:12:22.059,2.1600,100
54742060098387,15:12:22.060,2.1600,100
54742119500327,15:12:22.119,2.1650,100
54742119500327,15:12:22.119,2.1650,800
54742150613487,15:12:22.150,2.1650,800
54742150613487,15:12:22.150,2.1650,100
54843842081272,15:14:03.842,2.1700,200
54843842081272,15:14:03.842,2.1700,200
54843842081272,15:14:03.842,2.1700,200
54843842081272,15:14:03.842,2.1700,200
54843842081272,15:14:03.842,2.1700,900
54843842081272,15:14:03.842,2.1700,100
54843842081272,15:14:03.842,2.1700,100
54843842163963,15:14:03.842,2.1700,300
54843843036834,15:14:03.843,2.1800,7
54843843037414,15:14:03.843,2.1800,5
54843843041773,15:14:03.843,2.1800,2
54843843042234,15:14:03.843,2.1800,3
54843843063869,15:14:03.843,2.1800,3
54843843067806,15:14:03.843,2.1800,5
54843843072651,15:14:03.843,2.1800,2
54843843074407,15:14:03.843,2.1800,2
54843843085587,15:14:03.843,2.1800,4
54843843088189,15:14:03.843,2.1800,3
54843843088715,15:14:03.843,2.1800,8
54843843090644,15:14:03.843,2.1800,5
54843843092519,15:14:03.843,2.1800,5
54843843100767,15:14:03.843,2.1800,5
54843844055348,15:14:03.844,2.1800,1
54843896099924,15:14:03.896,2.1750,100
54843925316045,15:14:03.925,2.1750,100
54843957114400,15:14:03.957,2.1750,100
54903971584048,15:15:03.971,2.1750,100
54903971584048,15:15:03.971,2.1750,100
54923554612451,15:15:23.554,2.1750,770
54923554612451,15:15:23.554,2.1700,3230
54924093727135,15:15:24.093,2.1750,5
54924093843900,15:15:24.093,2.1750,8
54924093971950,15:15:24.093,2.1750,7
54924094111095,15:15:24.094,2.1750,2
54924094228763,15:15:24.094,2.1750,5
54924094388080,15:15:24.094,2.1750,1
54924094412476,15:15:24.094,2.1750,3
54924094499611,15:15:24.094,2.1750,4
54924094589275,15:15:24.094,2.1750,2
54924094855298,15:15:24.094,2.1750,3
54924094884007,15:15:24.094,2.1750,2
54924095104874,15:15:24.095,2.1750,2
54924095270524,15:15:24.095,2.1750,3
54924095339976,15:15:24.095,2.1750,2
54947272032676,15:15:47.272,2.1750,4
54947272247773,15:15:47.272,2.1750,4
54947273887489,15:15:47.273,2.1750,5
54947274033941,15:15:47.274,2.1750,5
54947275598051,15:15:47.275,2.1750,3
54947276458343,15:15:47.276,2.1750,4
55154071425112,15:19:14.071,2.1700,1800
55154071425112,15:19:14.071,2.1700,200
55154071425112,15:19:14.071,2.1700,200
55154071425112,15:19:14.071,2.1700,255
55154071425112,15:19:14.071,2.1700,63
55154071495215,15:19:14.071,2.1700,1437
55154071495215,15:19:14.071,2.1700,100
55154071495215,15:19:14.071,2.1700,100
55154071495215,15:19:14.071,2.1700,100
55154071495215,15:19:14.071,2.1700,100
55154071495215,15:19:14.071,2.1700,900
55154071495215,15:19:14.071,2.1700,100
55154783985765,15:19:14.783,2.1650,100
55155222800925,15:19:15.222,2.1650,1200
55155222800925,15:19:15.222,2.1700,500
55155222800925,15:19:15.222,2.1700,465
55158720811348,15:19:18.720,2.1600,100
55160499271666,15:19:20.499,2.1600,100
55160499271666,15:19:20.499,2.1600,100
55160499271666,15:19:20.499,2.1600,200
55160499271666,15:19:20.499,2.1600,400
55163838621916,15:19:23.838,2.1550,200
55481970098954,15:24:41.970,2.1550,100
55505359080128,15:25:05.359,2.1550,100
55677267937605,15:27:57.267,2.1600,500
55677267937605,15:27:57.267,2.1600,500
55677267937605,15:27:57.267,2.1600,100
55677267937605,15:27:57.267,2.1600,100
55677268639084,15:27:57.268,2.1600,1200
56149255789730,15:35:49.255,2.1600,1700
56149255789730,15:35:49.255,2.1600,100
56149255789730,15:35:49.255,2.1600,100
56149255789730,15:35:49.255,2.1600,100
56149255789730,15:35:49.255,2.1600,900
56149255789730,15:35:49.255,2.1600,1600
56149255789730,15:35:49.255,2.1600,700
56149257111231,15:35:49.257,2.1600,200
56239686140683,15:37:19.686,2.1500,200
56239686140683,15:37:19.686,2.1500,100
56948815733584,15:49:08.815,2.1550,100
57125358450284,15:52:05.358,2.1550,100
57130358900117,15:52:10.358,2.1550,100
57135359171826,15:52:15.359,2.1550,100
57274163369908,15:54:34.163,2.1550,100
57279163757757,15:54:39.163,2.1550,100
57309054858523,15:55:09.054,2.1550,100
57444034647308,15:57:24.034,2.1600,400
57459073635706,15:57:39.073,2.1600,300
57519177521780,15:58:39.177,2.1600,400
57540016910897,15:59:00.016,2.1600,581
57552216216888,15:59:12.216,2.1600,4119
57552216216888,15:59:12.216,2.1600,1600
57552216216888,15:59:12.216,2.1600,200
57552216216888,15:59:12.216,2.1600,100
57552216216888,15:59:12.216,2.1600,700
57552216216888,15:59:12.216,2.1600,100
57552216216888,15:59:12.216,2.1600,200
57552216216888,15:59:12.216,2.1600,4000
57552216216888,15:59:12.216,2.1600,5900
57552216216888,15:59:12.216,2.1600,100
57552216216888,15:59:12.216,2.1600,1
57552216216888,15:59:12.216,2.1600,100
57552216216888,15:59:12.216,2.1600,2980
57552217760083,15:59:12.217,2.1600,13100
57552220454618,15:59:12.220,2.1600,69
57552224294343,15:59:12.224,2.1600,200
57552236493804,15:59:12.236,2.1600,100
57552250454853,15:59:12.250,2.1600,100
57552258867835,15:59:12.258,2.1600,100
57552264968407,15:59:12.264,2.1600,100
57552270542876,15:59:12.270,2.1600,100
57552277264771,15:59:12.277,2.1600,100
57552296532433,15:59:12.296,2.1600,100
57552313910030,15:59:12.313,2.1600,100
57552334877645,15:59:12.334,2.1600,100
57552351137152,15:59:12.351,2.1600,100
57552366101406,15:59:12.366,2.1600,100
57552383441242,15:59:12.383,2.1600,100
57552389750551,15:59:12.389,2.1600,100
57552555513319,15:59:12.555,2.1600,100
57552567433079,15:59:12.567,2.1600,100
57552613742100,15:59:12.613,2.1600,600
57555158868779,15:59:15.158,2.1600,200
57560180173196,15:59:20.180,2.1600,200
57562043809901,15:59:22.043,2.1600,400
57565198562391,15:59:25.198,2.1600,2600
57565198562391,15:59:25.198,2.1600,900
57567044370844,15:59:27.044,2.1600,600
57569533697358,15:59:29.533,2.1600,100
57569533697358,15:59:29.533,2.1600,100
57569533697358,15:59:29.533,2.1600,99
57569533697358,15:59:29.533,2.1600,1
57569533697358,15:59:29.533,2.1600,300
57569535021144,15:59:29.535,2.1600,100
57570305107705,15:59:30.305,2.1700,700
57570305107705,15:59:30.305,2.1700,1700
57570305107705,15:59:30.305,2.1700,4
57570305107705,15:59:30.305,2.1700,1
57570305107705,15:59:30.305,2.1700,200
57570305107705,15:59:30.305,2.1700,395
57585211731356,15:59:45.211,2.1700,500
57587104383787,15:59:47.104,2.1700,105
57587104383787,15:59:47.104,2.1700,1495
57587161344969,15:59:47.161,2.1700,1500
57591233474392,15:59:51.233,2.1650,51
57592173757378,15:59:52.173,2.1700,505
57592173757378,15:59:52.173,2.1700,295
57592182579949,15:59:52.182,2.1700,55
57592216984139,15:59:52.216,2.1700,100
57592222003034,15:59:52.222,2.1700,99
57594048307752,15:59:54.048,2.1700,751
57594048307752,15:59:54.048,2.1700,149
57594072996989,15:59:54.072,2.1700,200
57594114248210,15:59:54.114,2.1700,300
57594143574673,15:59:54.143,2.1700,1420
57595198635975,15:59:55.198,2.1700,1400
57595198849945,15:59:55.198,2.1700,68
57595253688128,15:59:55.253,2.1700,900
57595253923661,15:59:55.253,2.1700,25
57597047321920,15:59:57.047,2.1700,1438
57597047321920,15:59:57.047,2.1700,1600
57597047321920,15:59:57.047,2.1700,1062
57598014607494,15:59:58.014,2.1700,1100
57598069056662,15:59:58.069,2.1700,30
57599908290423,15:59:59.908,2.1700,100
57599908290423,15:59:59.908,2.1700,200
57600291308946,16:00:00.291,2.1700,152404
