timestamp,time,price,volume
32401480606153,09:00:01.480,5.3900,5
34080098109553,09:28:00.098,5.2000,5
34200788432849,09:30:00.788,5.1600,655
34591119413467,09:36:31.119,5.1500,1
34591119413467,09:36:31.119,5.1500,48
34591119428083,09:36:31.119,5.1500,16
34665732249175,09:37:45.732,5.1400,59
34665732338972,09:37:45.732,5.1400,41
34665732338972,09:37:45.732,5.1400,100
35061479243119,09:44:21.479,5.1400,100
35068086394710,09:44:28.086,5.1200,3
35068127245473,09:44:28.127,5.1300,100
35068127848342,09:44:28.127,5.1300,100
35396583708350,09:49:56.583,5.1300,300
35565337470710,09:52:45.337,5.1000,28
35565337561409,09:52:45.337,5.1000,72
36105833212501,10:01:45.833,5.0800,31
36166562821324,10:02:46.562,5.0800,42
36225633792618,10:03:45.633,5.0800,27
36225633792618,10:03:45.633,5.0800,34
36268649454680,10:04:28.649,5.0800,36
36300679300935,10:05:00.679,5.0800,18
36330313232251,10:05:30.313,5.1000,1
36330321641095,10:05:30.321,5.1000,1
36345450871180,10:05:45.450,5.0800,51
36405824841104,10:06:45.824,5.0800,31
36616174687998,10:10:16.174,5.1000,48
36622333826186,10:10:22.333,5.1000,50
36622333826186,10:10:22.333,5.1000,79
36622333887143,10:10:22.333,5.1000,21
36622333887143,10:10:22.333,5.1000,79
36622333922120,10:10:22.333,5.1000,21
36622333922120,10:10:22.333,5.1000,100
36622334608738,10:10:22.334,5.1100,100
36807032383238,10:13:27.032,5.1200,1
36807032383238,10:13:27.032,5.1200,28
36826450755161,10:13:46.450,5.1200,72
36826450755161,10:13:46.450,5.1200,28
36829176373959,10:13:49.176,5.1200,72
37036728700737,10:17:16.728,5.1400,100
37185153800927,10:19:45.153,5.1300,100
37185153800927,10:19:45.153,5.1300,2
37185957577435,10:19:45.957,5.1200,100
37201119216610,10:20:01.119,5.1000,9
37201634738160,10:20:01.634,5.1000,33
37252919905248,10:20:52.919,5.1000,25
37315338653870,10:21:55.338,5.1000,25
37376295279958,10:22:56.295,5.1000,8
37441222122032,10:24:01.222,5.1000,5
37441222122032,10:24:01.222,5.1000,100
37441222122032,10:24:01.222,5.1000,100
37442290189360,10:24:02.290,5.1100,100
37854131611724,10:30:54.131,5.1200,1
37983208793605,10:33:03.208,5.1200,99
37983208793605,10:33:03.208,5.1200,1
38148444615977,10:35:48.444,5.1200,99
38148444615977,10:35:48.444,5.1200,1
38338350208501,10:38:58.350,5.1200,99
38338350208501,10:38:58.350,5.1200,1
38404164691625,10:40:04.164,5.1200,2
38554078348469,10:42:34.078,5.1200,100
38720092046041,10:45:20.092,5.1200,100
38720092046041,10:45:20.092,5.1200,44
38720092058061,10:45:20.092,5.1200,56
38793721258901,10:46:33.721,5.1300,100
38954205314544,10:49:14.205,5.1400,1
38954213313238,10:49:14.213,5.1400,2
39043601266616,10:50:43.601,5.1400,100
39244657784378,10:54:04.657,5.1400,1
39246282659047,10:54:06.282,5.1500,64
39246282675416,10:54:06.282,5.1500,36
39465207479966,10:57:45.207,5.1500,64
39465207561003,10:57:45.207,5.1500,36
39465207561003,10:57:45.207,5.1500,100
39465207561003,10:57:45.207,5.1500,100
39465207904060,10:57:45.207,5.1500,40
39465208065095,10:57:45.208,5.1500,3
39465208065095,10:57:45.208,5.1500,23
39466658867705,10:57:46.658,5.1400,100
39604511123241,11:00:04.511,5.1200,100
39604511414536,11:00:04.511,5.1200,100
39980584421405,11:06:20.584,5.1200,100
41419761475410,11:30:19.761,5.1200,100
41419761475410,11:30:19.761,5.1200,100
41915210455307,11:38:35.210,5.1200,100
41916671188765,11:38:36.671,5.1200,10
41916671188765,11:38:36.671,5.1200,38
41916671188765,11:38:36.671,5.1200,100
41923088284091,11:38:43.088,5.1100,100
41923088421456,11:38:43.088,5.1100,100
42074629738809,11:41:14.629,5.0900,100
42940850400303,11:55:40.850,5.1000,85
43091065765603,11:58:11.065,5.1000,15
43091065765603,11:58:11.065,5.1000,80
43286366913063,12:01:26.366,5.1000,95
43286367217336,12:01:26.367,5.0900,100
43286367217336,12:01:26.367,5.1000,25
43406534137420,12:03:26.534,5.1000,3
43496691028050,12:04:56.691,5.1000,1
43496691028050,12:04:56.691,5.1000,94
44028392277286,12:13:48.392,5.1000,6
44028392277286,12:13:48.392,5.1000,1
44028392277286,12:13:48.392,5.1000,93
44028392719281,12:13:48.392,5.1000,7
44028392719281,12:13:48.392,5.1000,100
44028392719281,12:13:48.392,5.1000,200
44028392719281,12:13:48.392,5.1000,5
44028392719281,12:13:48.392,5.1000,1
44037553976825,12:13:57.553,5.1100,100
44037553976825,12:13:57.553,5.1100,100
44231582131121,12:17:11.582,5.1100,2
44231590250860,12:17:11.590,5.1100,1
44416676708034,12:20:16.676,5.1100,97
44416676708034,12:20:16.676,5.1100,30
44416676724737,12:20:16.676,5.1100,70
44416676724737,12:20:16.676,5.1100,41
44416676745767,12:20:16.676,5.1100,59
44416676745767,12:20:16.676,5.1100,8
45397808513201,12:36:37.808,5.1300,8
45397808513201,12:36:37.808,5.1300,61
45508316011078,12:38:28.316,5.1300,3
45606694056570,12:40:06.694,5.1300,2
45606704526518,12:40:06.704,5.1300,1
45945546236302,12:45:45.546,5.1100,10
45945546236302,12:45:45.546,5.1100,55
45945546324573,12:45:45.546,5.1100,45
45945546324573,12:45:45.546,5.1100,200
45945546324573,12:45:45.546,5.1100,100
45945546692715,12:45:45.546,5.1100,50
45945558796076,12:45:45.558,5.1000,33
45945558796076,12:45:45.558,5.1000,67
45945558796076,12:45:45.558,5.1000,100
45945558824079,12:45:45.558,5.1000,33
45946047629219,12:45:46.047,5.0900,98
45946047635808,12:45:46.047,5.0900,2
45947547233171,12:45:47.547,5.0800,100
45947547233171,12:45:47.547,5.0800,100
45989346907829,12:46:29.346,5.0600,3
45989346907829,12:46:29.346,5.0600,50
45989347371129,12:46:29.347,5.0600,100
45989347371129,12:46:29.347,5.0600,100
45989347383948,12:46:29.347,5.0600,100
45989349538345,12:46:29.349,5.0600,100
45989352143776,12:46:29.352,5.0600,26
45989352143776,12:46:29.352,5.0600,100
45990315760757,12:46:30.315,5.0600,100
45990315760757,12:46:30.315,5.0600,100
45990315760757,12:46:30.315,5.0600,74
46009217922787,12:46:49.217,5.0700,91
46009217934429,12:46:49.217,5.0650,100
46009217934429,12:46:49.217,5.0700,3
46009218983367,12:46:49.218,5.0700,6
46009218983367,12:46:49.218,5.0700,94
46399808855431,12:53:19.808,5.0800,3
46743675473277,12:59:03.675,5.0700,100
47191232399179,13:06:31.232,5.0600,100
47208099690620,13:06:48.099,5.0600,3
47208099690620,13:06:48.099,5.0600,97
47208099730637,13:06:48.099,5.0600,3
47451074768134,13:10:51.074,5.0550,100
47451075134004,13:10:51.075,5.0600,100
47451075134004,13:10:51.075,5.0600,100
47451075134004,13:10:51.075,5.0600,100
47451075134004,13:10:51.075,5.0600,100
47451075566227,13:10:51.075,5.0600,1
47740335418750,13:15:40.335,5.0800,100
47740335950366,13:15:40.335,5.0800,100
47778241052505,13:16:18.241,5.0900,100
47793757472391,13:16:33.757,5.0900,100
47914794142717,13:18:34.794,5.0900,100
48039952525582,13:20:39.952,5.1000,100
48039952597946,13:20:39.952,5.1000,100
48039952985895,13:20:39.952,5.1000,100
48039953006348,13:20:39.953,5.1000,4
48042817042544,13:20:42.817,5.0950,100
48045396948493,13:20:45.396,5.1000,100
48045396948493,13:20:45.396,5.1000,1
48078831777221,13:21:18.831,5.1100,100
48105557986018,13:21:45.557,5.1200,50
48105557986018,13:21:45.557,5.1200,50
48291471271198,13:24:51.471,5.1100,100
48712957016482,13:31:52.957,5.1200,2
48712977139906,13:31:52.977,5.1200,2
49071366993788,13:37:51.366,5.1150,100
49361197809075,13:42:41.197,5.1200,92
49403156880398,13:43:23.156,5.1200,6
49403156880398,13:43:23.156,5.1200,94
49416618817623,13:43:36.618,5.1200,6
49416618817623,13:43:36.618,5.1200,94
49416619265032,13:43:36.619,5.1200,6
49416619265032,13:43:36.619,5.1200,67
49416619280352,13:43:36.619,5.1200,33
49416619280352,13:43:36.619,5.1200,56
49416619318170,13:43:36.619,5.1200,44
49628505427576,13:47:08.505,5.1400,100
50105708263803,13:55:05.708,5.1300,100
50105708288159,13:55:05.708,5.1300,200
50106087160790,13:55:06.087,5.1200,100
50178088187558,13:56:18.088,5.1100,100
50403264085706,14:00:03.264,5.1100,100
50403264085706,14:00:03.264,5.1100,100
50403264128496,14:00:03.264,5.1100,40
50403264462237,14:00:03.264,5.1100,20
50403264495764,14:00:03.264,5.1100,20
50403264528756,14:00:03.264,5.1100,20
50403265099352,14:00:03.265,5.1200,6
50403265350673,14:00:03.265,5.1200,35
50424944535818,14:00:24.944,5.1200,100
50424945021990,14:00:24.945,5.1200,100
50710214360989,14:05:10.214,5.1200,84
50710230979290,14:05:10.230,5.1200,16
50710230979290,14:05:10.230,5.1200,100
50710230979290,14:05:10.230,5.1200,84
52480408958793,14:34:40.408,5.1300,1
53030460135971,14:43:50.460,5.1300,2
53201873135728,14:46:41.873,5.1150,100
53201878090310,14:46:41.878,5.1200,100
53201878090310,14:46:41.878,5.1200,100
53201878090310,14:46:41.878,5.1200,300
53201878090310,14:46:41.878,5.1200,100
53311907356030,14:48:31.907,5.1200,100
53543844161812,14:52:23.844,5.1250,100
53554561388132,14:52:34.561,5.1300,100
53554561388132,14:52:34.561,5.1300,1
53554561388132,14:52:34.561,5.1300,6
53554561388132,14:52:34.561,5.1300,100
53905310618568,14:58:25.310,5.1400,800
54200886605999,15:03:20.886,5.1300,70
54200886699511,15:03:20.886,5.1300,30
54200886699511,15:03:20.886,5.1300,500
55550087599830,15:25:50.087,5.1200,96
55557087805037,15:25:57.087,5.1200,4
55557087805037,15:25:57.087,5.1200,96
55564087219788,15:26:04.087,5.1200,100
55564087244540,15:26:04.087,5.1200,100
55564087244540,15:26:04.087,5.1200,173
55626332468099,15:27:06.332,5.1000,100
55626332468099,15:27:06.332,5.1000,14
55626337581165,15:27:06.337,5.1000,100
55626337581165,15:27:06.337,5.1000,100
55626337773273,15:27:06.337,5.1000,100
55626337773273,15:27:06.337,5.1000,100
55634700692208,15:27:14.700,5.1050,100
55634700692208,15:27:14.700,5.1100,500
55634700692208,15:27:14.700,5.1100,5
55634700692208,15:27:14.700,5.1100,20
55634700692208,15:27:14.700,5.1100,100
55634700692208,15:27:14.700,5.1100,175
55634700791987,15:27:14.700,5.1100,100
55636085737066,15:27:16.085,5.1050,100
55703298753603,15:28:23.298,5.1050,100
55703298753603,15:28:23.298,5.1100,26
55703298753603,15:28:23.298,5.1100,100
55703298753603,15:28:23.298,5.1100,1
56582946082131,15:43:02.946,5.1100,100
56905766539275,15:48:25.766,5.1200,100
56905766539275,15:48:25.766,5.1200,100
56905766539275,15:48:25.766,5.1200,100
56905766539275,15:48:25.766,5.1200,100
56905766539275,15:48:25.766,5.1200,100
56905766539275,15:48:25.766,5.1200,100
56905766539275,15:48:25.766,5.1200,100
57034198859166,15:50:34.198,5.1300,100
57048852135360,15:50:48.852,5.1300,1
57064246669705,15:51:04.246,5.1300,99
57064246669705,15:51:04.246,5.1300,1
57155229375515,15:52:35.229,5.1300,99
57155229375515,15:52:35.229,5.1300,46
57155229375515,15:52:35.229,5.1300,1
57156228210740,15:52:36.228,5.1300,150
57156228210740,15:52:36.228,5.1300,50
57156228649404,15:52:36.228,5.1300,50
57156228649404,15:52:36.228,5.1300,68
57156228687498,15:52:36.228,5.1300,32
57262551411095,15:54:22.551,5.1300,100
57262551411095,15:54:22.551,5.1300,70
57262551432597,15:54:22.551,5.1300,60
57262552239536,15:54:22.552,5.1300,60
57265275628766,15:54:25.275,5.1300,10
57345080775938,15:55:45.080,5.1400,300
57345080814746,15:55:45.080,5.1400,62
57346878844858,15:55:46.878,5.1400,95
57356073422255,15:55:56.073,5.1400,245
57367067309838,15:56:07.067,5.1400,195
57375319189796,15:56:15.319,5.1400,200
57383583525276,15:56:23.583,5.1400,103
57383583525276,15:56:23.583,5.1400,97
57391834806556,15:56:31.834,5.1400,3
57391834806556,15:56:31.834,5.1400,97
57391835114941,15:56:31.835,5.1400,3
57391835114941,15:56:31.835,5.1400,51
57391835114941,15:56:31.835,5.1400,400
57391835114941,15:56:31.835,5.1400,46
57430342509482,15:57:10.342,5.1450,100
57449598531835,15:57:29.598,5.1450,100
57449599321653,15:57:29.599,5.1450,100
57468860066427,15:57:48.860,5.1450,100
57488459035172,15:58:08.459,5.1400,100
57503529748711,15:58:23.529,5.1400,11
57503529913528,15:58:23.529,5.1400,10
57507389060108,15:58:27.389,5.1400,20
57549881881761,15:59:09.881,5.1450,100
57569519874767,15:59:29.519,5.1400,5
57573042897827,15:59:33.042,5.1400,56
57574645411610,15:59:34.645,5.1450,50
57577472748498,15:59:37.472,5.1400,9
57577472748498,15:59:37.472,5.1400,91
57577755954490,15:59:37.755,5.1400,90
57578586642190,15:59:38.586,5.1500,1
57579754772760,15:59:39.754,5.1400,5
57582287726231,15:59:42.287,5.1400,23
57582287726231,15:59:42.287,5.1400,77
57585014789786,15:59:45.014,5.1400,89
57585026666791,15:59:45.026,5.1400,143
57585482434188,15:59:45.482,5.1400,34
57586155089161,15:59:46.155,5.1400,5
57586628236840,15:59:46.628,5.1400,25
57589846313711,15:59:49.846,5.1400,4
57589846313711,15:59:49.846,5.1400,1
57594154511006,15:59:54.154,5.1400,3
57597122196295,15:59:57.122,5.1400,2
57600769819224,16:00:00.769,5.1400,16103
