timestamp,time,price,volume
34200895101973,09:30:00.895,0.0000,0
34201546368818,09:30:01.546,36.7500,10
34201546368818,09:30:01.546,36.7500,10
34252097323043,09:30:52.097,37.1700,100
34252097424443,09:30:52.097,37.1800,3
34253686695732,09:30:53.686,37.2600,11
34254903724836,09:30:54.903,37.1700,200
34422151033731,09:33:42.151,37.2300,100
34422151058111,09:33:42.151,37.2300,3
34422151058111,09:33:42.151,37.2300,200
34422151059682,09:33:42.151,37.2300,100
34424836799377,09:33:44.836,37.1800,100
34428279728891,09:33:48.279,37.3000,41
34428279728891,09:33:48.279,37.3000,59
34428279755317,09:33:48.279,37.3000,100
34428279755317,09:33:48.279,37.3000,100
34428279779880,09:33:48.279,37.3000,100
34428280463173,09:33:48.280,37.2600,32
34452926938058,09:34:12.926,37.3900,100
34452926938058,09:34:12.926,37.4000,100
34452926938058,09:34:12.926,37.4000,32
34452926964638,09:34:12.926,37.4000,100
34453275476148,09:34:13.275,37.3900,100
34453275986699,09:34:13.275,37.4200,90
34453276337379,09:34:13.276,37.4200,10
34453277083777,09:34:13.277,37.4200,100
34453282117260,09:34:13.282,37.4100,100
34454442839452,09:34:14.442,37.4000,100
34455887449131,09:34:15.887,37.3900,100
34455887449131,09:34:15.887,37.3900,100
34455888763434,09:34:15.888,37.4100,30
34456849759571,09:34:16.849,37.4000,200
34456849816977,09:34:16.849,37.4000,50
34458064494252,09:34:18.064,37.4200,100
34459237440953,09:34:19.237,37.3900,100
34463085691792,09:34:23.085,37.4100,100
34466044361879,09:34:26.044,37.4250,100
34467002542464,09:34:27.002,37.4000,100
34467003073004,09:34:27.003,37.4100,100
34468786742318,09:34:28.786,37.4400,100
34476031127357,09:34:36.031,37.5400,100
34476031255333,09:34:36.031,37.4800,100
34490946943895,09:34:50.946,37.3900,30
34491055990468,09:34:51.055,37.3900,100
34491057794203,09:34:51.057,37.3900,100
34491446325380,09:34:51.446,37.3800,100
34491559218855,09:34:51.559,37.4000,100
34491559297446,09:34:51.559,37.4200,40
34491559301341,09:34:51.559,37.4200,50
34491560272392,09:34:51.560,37.4000,100
34491560272392,09:34:51.560,37.4000,70
34500768311189,09:35:00.768,37.3800,100
34530679456592,09:35:30.679,37.3200,100
34530679456592,09:35:30.679,37.2800,100
34530681159934,09:35:30.681,37.2900,100
34530681159934,09:35:30.681,37.2900,100
34530681159934,09:35:30.681,37.2900,100
34530681159934,09:35:30.681,37.2900,100
34530681159934,09:35:30.681,37.2900,100
34530681159934,09:35:30.681,37.2900,100
34530681246573,09:35:30.681,37.2800,40
34530681273657,09:35:30.681,37.2800,60
34530684430717,09:35:30.684,37.2800,100
34530684430717,09:35:30.684,37.2800,100
34530684430717,09:35:30.684,37.2800,100
34530689966064,09:35:30.689,37.2300,50
34530689986417,09:35:30.689,37.2800,100
34530689990577,09:35:30.689,37.2300,50
34530699402121,09:35:30.699,37.2800,100
34530702087259,09:35:30.702,37.3100,100
34530702142848,09:35:30.702,37.3100,100
34531483029032,09:35:31.483,37.2750,100
34539198255845,09:35:39.198,37.3100,100
34539198255845,09:35:39.198,37.3100,74
34571552138996,09:36:11.552,37.4000,100
34571552138996,09:36:11.552,37.4000,100
34574009148562,09:36:14.009,37.4200,60
34574151410955,09:36:14.151,37.4650,100
34582831039456,09:36:22.831,37.4650,100
34588874338818,09:36:28.874,37.4650,100
34588874773117,09:36:28.874,37.4400,160
34588874798215,09:36:28.874,37.4400,40
34588875342944,09:36:28.875,37.4600,40
34588875342944,09:36:28.875,37.4400,60
34598962056924,09:36:38.962,37.4850,100
34600440050953,09:36:40.440,37.4850,100
34600941057017,09:36:40.941,37.4850,100
34609445666547,09:36:49.445,37.5200,100
34609445666547,09:36:49.445,37.5300,9
34612631552640,09:36:52.631,37.4400,40
34612631552640,09:36:52.631,37.4400,60
34612631588069,09:36:52.631,37.4400,40
34632183170903,09:37:12.183,37.4500,100
34632188123960,09:37:12.188,37.5300,30
34632188150270,09:37:12.188,37.5300,70
34632188176867,09:37:12.188,37.5000,100
34632188188550,09:37:12.188,37.5300,100
34632730681929,09:37:12.730,37.5000,100
34633583317208,09:37:13.583,37.5000,1
34644781202657,09:37:24.781,37.4900,1
34644781300652,09:37:24.781,37.5100,30
34644939889432,09:37:24.939,37.5100,100
34647000571475,09:37:27.000,37.5500,100
34647000571475,09:37:27.000,37.5500,200
34647118996928,09:37:27.118,37.5500,100
34647119197178,09:37:27.119,37.5500,48
34656850096201,09:37:36.850,37.5000,100
34658776048327,09:37:38.776,37.4500,100
34678997468984,09:37:58.997,37.5100,100
34715454460207,09:38:35.454,37.5100,100
34715454678946,09:38:35.454,37.5100,61
34715455259757,09:38:35.455,37.4600,200
34718881410095,09:38:38.881,37.5100,11
34720603486171,09:38:40.603,37.4650,100
34726829045185,09:38:46.829,37.4700,100
34742724034292,09:39:02.724,37.4700,100
34743225030963,09:39:03.225,37.4700,100
34762117064780,09:39:22.117,37.5400,100
34775891297130,09:39:35.891,37.4850,100
34775892980576,09:39:35.892,37.4850,300
34777934150092,09:39:37.934,37.5000,200
34777934150092,09:39:37.934,37.5100,100
34777934192919,09:39:37.934,37.5100,200
34777934203875,09:39:37.934,37.5100,200
34777934236018,09:39:37.934,37.5100,128
34777934815881,09:39:37.934,37.5100,300
34777934874351,09:39:37.934,37.5100,40
34777934874351,09:39:37.934,37.5100,72
34778454937882,09:39:38.454,37.5500,100
34778469552101,09:39:38.469,37.5500,100
34780733097135,09:39:40.733,37.5200,100
34780733097135,09:39:40.733,37.5200,100
34809906022317,09:40:09.906,37.4800,100
34809906101033,09:40:09.906,37.4700,43
34809906105577,09:40:09.906,37.4700,57
34809907306135,09:40:09.907,37.4700,32
34809907306135,09:40:09.907,37.4700,100
34809907306135,09:40:09.907,37.4700,100
34809907306135,09:40:09.907,37.4700,20
34809907933868,09:40:09.907,37.4700,20
34809907933868,09:40:09.907,37.4700,20
34822474204110,09:40:22.474,37.5100,143
34822474283368,09:40:22.474,37.5100,57
34822474283368,09:40:22.474,37.5100,9
34834368919131,09:40:34.368,37.4900,100
34834368919131,09:40:34.368,37.4900,20
34834368919131,09:40:34.368,37.4900,100
34860962778229,09:41:00.962,37.5100,100
34888044960905,09:41:28.044,37.4850,200
34916456857690,09:41:56.456,37.5300,100
34916456857690,09:41:56.456,37.5400,100
34916456857690,09:41:56.456,37.5400,100
34916457173717,09:41:56.457,37.5400,100
34916457245398,09:41:56.457,37.5400,100
34916457804652,09:41:56.457,37.5300,100
34916458605543,09:41:56.458,37.5300,5
34916987686251,09:41:56.987,37.5300,95
34916987778764,09:41:56.987,37.5400,30
34916987784520,09:41:56.987,37.5400,30
34916987830752,09:41:56.987,37.5400,70
34916989045397,09:41:56.989,37.5450,100
34916989045397,09:41:56.989,37.5450,100
34917036363625,09:41:57.036,37.5400,30
34922209311588,09:42:02.209,37.5500,100
34924950096525,09:42:04.950,37.5500,100
34925006014737,09:42:05.006,37.6100,100
34925100300043,09:42:05.100,37.6100,100
34926122819949,09:42:06.122,37.5500,100
34926122819949,09:42:06.122,37.5500,100
34926122819949,09:42:06.122,37.5500,100
34926122819949,09:42:06.122,37.5500,500
34926123820456,09:42:06.123,37.5500,100
34944976272382,09:42:24.976,37.5000,42
34964619334625,09:42:44.619,37.5400,77
34964619344544,09:42:44.619,37.5400,23
34964619388878,09:42:44.619,37.5500,3
34964619391711,09:42:44.619,37.5500,61
34996744730756,09:43:16.744,37.5500,2
35124737317213,09:45:24.737,37.4200,100
35124737346382,09:45:24.737,37.4200,100
35124737346382,09:45:24.737,37.4200,100
35124738094556,09:45:24.738,37.4300,40
35124738095172,09:45:24.738,37.4300,50
35124738108358,09:45:24.738,37.4300,10
35124738480004,09:45:24.738,37.4300,21
35124738529362,09:45:24.738,37.4300,19
35124738553456,09:45:24.738,37.4300,50
35124738563662,09:45:24.738,37.4300,31
35128306891359,09:45:28.306,37.3800,100
35167985630208,09:46:07.985,37.3000,100
35167986118579,09:46:07.986,37.3000,20
35299418678783,09:48:19.418,37.2900,3
35301734445219,09:48:21.734,37.1900,100
35301734445219,09:48:21.734,37.1900,100
35362301610884,09:49:22.301,37.0200,100
35362301610884,09:49:22.301,37.0200,100
35394937193382,09:49:54.937,37.0200,100
35414215144453,09:50:14.215,37.1200,343
35442917065556,09:50:42.917,37.1900,89
35442917084856,09:50:42.917,37.1900,11
35442917118030,09:50:42.917,37.2000,89
35442917157600,09:50:42.917,37.2000,11
35442917642452,09:50:42.917,37.2000,100
35442917643725,09:50:42.917,37.2000,50
35442917649925,09:50:42.917,37.2000,50
35442917658348,09:50:42.917,37.2000,50
35442917667005,09:50:42.917,37.2000,50
35442917667005,09:50:42.917,37.2000,49
35442917677105,09:50:42.917,37.2000,10
35442917724256,09:50:42.917,37.2000,33
35442917819125,09:50:42.917,37.1900,7
35442917848079,09:50:42.917,37.2000,8
35442917999603,09:50:42.917,37.1800,30
35442917999603,09:50:42.917,37.1800,70
35442918026708,09:50:42.918,37.1800,30
35442919159778,09:50:42.919,37.1600,100
35442922884477,09:50:42.922,37.1600,100
35444546887998,09:50:44.546,37.1700,26
35444546916878,09:50:44.546,37.1700,4
35511223141518,09:51:51.223,37.1300,100
35511231540196,09:51:51.231,37.0400,100
35511238616438,09:51:51.238,37.0200,1
35511238643372,09:51:51.238,37.0200,199
35511249176438,09:51:51.249,37.0200,100
35511249176438,09:51:51.249,37.0000,400
35511249215008,09:51:51.249,37.0000,43
35511249240602,09:51:51.249,37.0000,57
35511249240602,09:51:51.249,37.0000,43
35511249249142,09:51:51.249,37.0000,57
35511249337728,09:51:51.249,37.0000,100
35594272895486,09:53:14.272,37.1200,3
35603481588594,09:53:23.481,37.0100,100
35603481588594,09:53:23.481,37.0100,100
35603483449149,09:53:23.483,37.0000,100
35603483449149,09:53:23.483,37.0100,100
35624399007040,09:53:44.399,36.9900,200
35650535048084,09:54:10.535,37.0400,100
35650535048084,09:54:10.535,37.0500,100
35665187301593,09:54:25.187,37.0100,1
35755494480736,09:55:55.494,37.0000,100
35773035494111,09:56:13.035,36.9400,100
35773037233636,09:56:13.037,36.9500,100
35779449909131,09:56:19.449,36.9800,10
35779450661264,09:56:19.450,36.9800,100
35779450924191,09:56:19.450,36.9800,100
35818957490923,09:56:58.957,37.0100,100
35849979108061,09:57:29.979,37.0700,1
35849979393110,09:57:29.979,37.1400,100
35895144068404,09:58:15.144,37.1600,100
35919410523212,09:58:39.410,37.2000,2
35942615599365,09:59:02.615,37.1300,100
35942622454764,09:59:02.622,37.1200,100
35942622740483,09:59:02.622,37.1100,100
35973892538348,09:59:33.892,37.0500,100
35973892538348,09:59:33.892,37.0500,100
35973892649668,09:59:33.892,37.1000,10
36000012322229,10:00:00.012,37.1400,18
36010864751224,10:00:10.864,37.1400,50
36019174112878,10:00:19.174,37.1100,100
36019174112878,10:00:19.174,37.1100,100
36019174291854,10:00:19.174,37.1100,100
36019174387076,10:00:19.174,37.1100,100
36019174409761,10:00:19.174,37.1100,100
36019174762129,10:00:19.174,37.1100,50
36019174787308,10:00:19.174,37.1100,50
36019174792103,10:00:19.174,37.1100,50
36019174812391,10:00:19.174,37.1100,50
36019475276707,10:00:19.475,37.1000,100
36040794816897,10:00:40.794,37.0700,100
36040794816897,10:00:40.794,37.0700,100
36041061473571,10:00:41.061,37.0150,100
36041796905913,10:00:41.796,37.0000,20
36041796906633,10:00:41.796,37.0000,10
36041796963964,10:00:41.796,37.0000,100
36041797057819,10:00:41.797,37.0000,100
36041798790204,10:00:41.798,37.0000,70
36041998308994,10:00:41.998,36.9900,1
36041998308994,10:00:41.998,36.9900,1
36041999911450,10:00:41.999,36.9800,100
36080354946549,10:01:20.354,36.9300,100
36082574357972,10:01:22.574,36.9700,100
36145511758276,10:02:25.511,36.9700,100
36166648598527,10:02:46.648,36.9600,100
36250975580487,10:04:10.975,36.9300,100
36304873640439,10:05:04.873,36.9300,1
36304873640439,10:05:04.873,36.9300,1
36304873640439,10:05:04.873,36.9300,100
36304873640439,10:05:04.873,36.9300,36
36304873640439,10:05:04.873,36.9300,100
36350497030776,10:05:50.497,36.8600,100
36350497030776,10:05:50.497,36.8600,1
36393925424178,10:06:33.925,36.8200,100
36393925424178,10:06:33.925,36.8200,100
36452662573837,10:07:32.662,36.7600,1
36452662573837,10:07:32.662,36.7600,99
36452662605066,10:07:32.662,36.7600,1
36452662605066,10:07:32.662,36.7600,100
36476724200379,10:07:56.724,36.7600,100
36492435043948,10:08:12.435,36.7900,36
36492435229430,10:08:12.435,36.7800,1
36492436108898,10:08:12.436,36.8100,100
36492439503169,10:08:12.439,36.8100,29
36492439503169,10:08:12.439,36.8100,10
36492640301725,10:08:12.640,36.8100,29
36514810862502,10:08:34.810,36.8600,200
36575229572084,10:09:35.229,36.9500,100
36577811755684,10:09:37.811,36.9100,100
36655819121375,10:10:55.819,36.9700,100
36655819121375,10:10:55.819,36.9700,200
36670355187210,10:11:10.355,36.9500,100
36694498448218,10:11:34.498,36.9750,1
36715220413231,10:11:55.220,37.0000,40
36715817563425,10:11:55.817,37.0000,100
36715817922431,10:11:55.817,37.0300,100
36715817962441,10:11:55.817,37.0100,10
36715817962441,10:11:55.817,37.0000,90
36715819599368,10:11:55.819,37.0000,100
36715819624467,10:11:55.819,37.0000,100
36715820874431,10:11:55.820,36.9900,100
36715823187258,10:11:55.823,37.0000,30
36716818216565,10:11:56.818,37.0300,100
36724904210966,10:12:04.904,37.0300,50
36724904210966,10:12:04.904,37.0300,40
36728090344270,10:12:08.090,37.0600,9
36728090355071,10:12:08.090,37.0600,18
36728090368314,10:12:08.090,37.0600,73
36728091632583,10:12:08.091,37.0600,100
36756532308268,10:12:36.532,37.1200,100
36756819476444,10:12:36.819,37.1100,200
36813316199342,10:13:33.316,37.0500,100
36834084150084,10:13:54.084,37.0500,100
36841820395999,10:14:01.820,37.1000,200
36841820395999,10:14:01.820,37.1100,100
36889350485604,10:14:49.350,37.0700,100
36896818580829,10:14:56.818,37.0700,100
36896818580829,10:14:56.818,37.1000,100
36896818580829,10:14:56.818,37.1000,100
36897440962818,10:14:57.440,37.0650,20
36935051360867,10:15:35.051,37.0400,96
36935051385257,10:15:35.051,37.0400,4
36935051385257,10:15:35.051,37.0400,200
36935051386920,10:15:35.051,37.0400,100
36935051386920,10:15:35.051,37.0400,104
36935051392303,10:15:35.051,37.0400,41
36935051404391,10:15:35.051,37.0400,155
36935051725475,10:15:35.051,37.0300,36
36935051814458,10:15:35.051,37.0300,17
36935051826676,10:15:35.051,37.0300,47
36935052044825,10:15:35.052,37.0200,89
36935052047359,10:15:35.052,37.0200,6
36935052051835,10:15:35.052,37.0200,5
36935056399176,10:15:35.056,37.0200,42
36935056404152,10:15:35.056,37.0200,58
36975018167062,10:16:15.018,36.9900,100
36975018167062,10:16:15.018,37.0200,36
36975018174335,10:16:15.018,37.0200,64
36975018174335,10:16:15.018,37.0200,54
36975018193577,10:16:15.018,37.0200,46
36975018193577,10:16:15.018,37.0200,100
36975818156664,10:16:15.818,37.0500,162
36975818541274,10:16:15.818,37.0500,38
36976853119363,10:16:16.853,37.0300,100
36979886707932,10:16:19.886,37.0000,100
36979886707932,10:16:19.886,37.0000,100
36979888182489,10:16:19.888,37.0000,100
36979890098842,10:16:19.890,36.9900,100
37018418298574,10:16:58.418,36.9600,100
37068755225882,10:17:48.755,36.8900,50
37068757444683,10:17:48.757,36.8900,50
37072636241711,10:17:52.636,36.8900,23
37072782626840,10:17:52.782,36.9000,200
37072786762707,10:17:52.786,36.9300,100
37079891502547,10:17:59.891,36.8900,77
37079891502547,10:17:59.891,36.8900,23
37079891528418,10:17:59.891,36.8900,77
37094354182646,10:18:14.354,36.8900,100
37096664285353,10:18:16.664,36.8900,100
37097973969421,10:18:17.973,36.8900,100
37097973969421,10:18:17.973,36.8900,100
37099642061283,10:18:19.642,36.8900,100
37100983338703,10:18:20.983,36.9000,47
37100983363143,10:18:20.983,36.9000,53
37100983363143,10:18:20.983,36.9000,100
37100983434184,10:18:20.983,36.9000,100
37101003925675,10:18:21.003,36.9000,29
37101003925675,10:18:21.003,36.9000,71
37101012965556,10:18:21.012,36.9000,100
37101012965556,10:18:21.012,36.9000,100
37101521293297,10:18:21.521,36.9000,100
37130322640872,10:18:50.322,36.8900,50
37130322666076,10:18:50.322,36.8900,50
37130325241737,10:18:50.325,36.8900,50
37130844479119,10:18:50.844,36.8900,50
37132907945440,10:18:52.907,36.8500,100
37166206201408,10:19:26.206,36.8500,45
37166207018048,10:19:26.207,36.8300,30
37167431520408,10:19:27.431,36.8500,30
37167431520408,10:19:27.431,36.8500,10
37167431520408,10:19:27.431,36.8500,10
37167433368400,10:19:27.433,36.8600,100
37171257976131,10:19:31.257,36.8800,136
37171257983818,10:19:31.257,36.8800,59
37171258001357,10:19:31.258,36.8800,5
37177224711849,10:19:37.224,36.8600,100
37204190079824,10:20:04.190,36.8700,100
37226478300332,10:20:26.478,36.9300,100
37283028422866,10:21:23.028,36.9550,100
37328150930805,10:22:08.150,37.0200,100
37362177196600,10:22:42.177,37.0000,100
37371346121216,10:22:51.346,36.9950,100
37378289424727,10:22:58.289,36.9700,50
37378289431346,10:22:58.289,36.9700,50
37378289486188,10:22:58.289,36.9700,32
37378289698634,10:22:58.289,36.9700,68
37379241569969,10:22:59.241,36.9500,100
37382989840399,10:23:02.989,36.9100,100
37416011113492,10:23:36.011,36.9500,100
37416011113492,10:23:36.011,36.9500,50
37416011131447,10:23:36.011,36.9500,50
37416011131447,10:23:36.011,36.9500,50
37416011138753,10:23:36.011,36.9500,50
37417164212706,10:23:37.164,37.0000,100
37472216885988,10:24:32.216,36.9600,1
37481768707588,10:24:41.768,37.0300,100
37530763181715,10:25:30.763,37.0200,100
37530768553255,10:25:30.768,37.0400,200
37530769007378,10:25:30.769,37.0500,100
37597812869932,10:26:37.812,37.0500,100
37597813337319,10:26:37.813,37.0500,100
37597813355240,10:26:37.813,37.0400,100
37597814794484,10:26:37.814,37.0500,100
37652681625296,10:27:32.681,37.0600,100
37652732798388,10:27:32.732,37.0900,200
37652754876711,10:27:32.754,37.1000,88
37652754897255,10:27:32.754,37.1000,12
37652754897255,10:27:32.754,37.1200,76
37654205186577,10:27:34.205,37.0600,7
37705118448671,10:28:25.118,37.1000,2
37705516036124,10:28:25.516,37.0400,100
37705516036124,10:28:25.516,37.0400,100
37725649231728,10:28:45.649,37.0400,100
37726674369589,10:28:46.674,37.0000,100
37726675414881,10:28:46.675,36.9800,100
37726999200514,10:28:46.999,36.9700,100
37734404668967,10:28:54.404,36.8800,100
37800070680955,10:30:00.070,36.9000,1
37800070680955,10:30:00.070,36.9000,1
37800070680955,10:30:00.070,36.9000,198
37800076428073,10:30:00.076,36.9050,2
37800076428073,10:30:00.076,36.9100,100
37800076428073,10:30:00.076,36.9300,14
37800076731524,10:30:00.076,36.9300,86
37800076731524,10:30:00.076,36.9300,100
37800081645839,10:30:00.081,36.9400,50
37800081671276,10:30:00.081,36.9400,50
37800089896075,10:30:00.089,36.9500,100
37800089917954,10:30:00.089,36.9500,100
37800090518978,10:30:00.090,36.9500,29
37800092370150,10:30:00.092,36.9700,100
37800092672308,10:30:00.092,36.9600,30
37800092716487,10:30:00.092,36.9500,100
37800092986756,10:30:00.092,36.9700,30
37800109823069,10:30:00.109,36.9700,100
37800121664808,10:30:00.121,36.9600,30
37800121664808,10:30:00.121,36.9500,70
37800122276701,10:30:00.122,36.9700,74
37800122328316,10:30:00.122,36.9700,26
37800122328316,10:30:00.122,36.9700,30
37800382417307,10:30:00.382,36.9800,9
37800382442749,10:30:00.382,36.9800,191
37800383890746,10:30:00.383,37.0000,20
37800383918128,10:30:00.383,37.0000,80
37800501447743,10:30:00.501,36.9700,1
37800873703334,10:30:00.873,36.9850,100
37813942029025,10:30:13.942,37.0000,93
37816532672279,10:30:16.532,36.9900,1
37822048701867,10:30:22.048,36.9700,100
37822048701867,10:30:22.048,36.9700,100
37822048701867,10:30:22.048,36.9600,100
37826801834080,10:30:26.801,36.9500,100
37826801834080,10:30:26.801,36.9500,244
37826801859607,10:30:26.801,36.9500,256
37829095349967,10:30:29.095,36.9400,70
37832052725428,10:30:32.052,36.9300,100
37832052725428,10:30:32.052,36.9300,100
37832052725428,10:30:32.052,36.9300,100
37918763886471,10:31:58.763,36.8800,100
37918764672898,10:31:58.764,36.8300,90
37941282468465,10:32:21.282,36.7700,100
38014788734874,10:33:34.788,36.8300,3
38017039427694,10:33:37.039,36.7700,100
38017443988964,10:33:37.443,36.7700,100
38045720429744,10:34:05.720,36.8400,200
38045720542078,10:34:05.720,36.8400,200
38045720858095,10:34:05.720,36.8400,200
38045721729976,10:34:05.721,36.8400,200
38045721816506,10:34:05.721,36.8500,800
38045725535726,10:34:05.725,36.8600,100
38045725535726,10:34:05.725,36.8600,100
38045779635418,10:34:05.779,36.8450,1
38046716452253,10:34:06.716,36.8400,100
38059211632773,10:34:19.211,36.8300,100
38100915938540,10:35:00.915,36.8550,1
38100915938540,10:35:00.915,36.8800,1
38100918957366,10:35:00.918,36.8900,100
38100920025863,10:35:00.920,36.9000,50
38100920718382,10:35:00.920,36.9200,100
38105996324347,10:35:05.996,36.9500,1
38109212754192,10:35:09.212,36.9600,100
38109212809253,10:35:09.212,36.9400,100
38116766395345,10:35:16.766,36.9600,2
38116766893243,10:35:16.766,36.9500,100
38116766893243,10:35:16.766,36.9500,30
38116766893243,10:35:16.766,36.9400,100
38116766893243,10:35:16.766,36.9400,70
38120385378816,10:35:20.385,36.9400,100
38127391543435,10:35:27.391,36.9500,100
38127391571796,10:35:27.391,36.9500,88
38128232685693,10:35:28.232,36.9700,20
38136660283302,10:35:36.660,36.9800,100
38136660283302,10:35:36.660,36.9900,100
38136660283302,10:35:36.660,36.9900,100
38136661273763,10:35:36.661,37.0000,28
38136683186676,10:35:36.683,37.0000,72
38136683186676,10:35:36.683,37.0000,100
38136683186676,10:35:36.683,37.0000,28
38136810466335,10:35:36.810,37.0000,100
38136810466335,10:35:36.810,37.0000,100
38136983003947,10:35:36.983,37.0000,100
38136983003947,10:35:36.983,37.0000,100
38137083582838,10:35:37.083,37.0000,100
38137282741408,10:35:37.282,37.0000,100
38137398404677,10:35:37.398,37.0000,100
38137512225926,10:35:37.512,37.0000,100
38137627573245,10:35:37.627,37.0000,100
38137627625136,10:35:37.627,37.0000,10
38137628694074,10:35:37.628,37.0000,100
38137696335154,10:35:37.696,37.0000,100
38137696335154,10:35:37.696,37.0000,100
38137696388824,10:35:37.696,37.0000,10
38137699113566,10:35:37.699,37.0000,100
38137811026464,10:35:37.811,37.0000,100
38137982465895,10:35:37.982,37.0000,100
38137982553992,10:35:37.982,37.0000,10
38138184053165,10:35:38.184,37.0000,90
38138184053165,10:35:38.184,37.0000,10
38138317360980,10:35:38.317,37.0000,90
38138317360980,10:35:38.317,37.0000,100
38138317360980,10:35:38.317,37.0000,10
38138317420176,10:35:38.317,37.0000,10
38138488825272,10:35:38.488,37.0000,100
38138488825272,10:35:38.488,37.0000,100
38138683293852,10:35:38.683,37.0000,100
38138683352082,10:35:38.683,37.0000,10
38141038400860,10:35:41.038,36.9700,100
38141040892048,10:35:41.040,36.9700,100
38141040892048,10:35:41.040,36.9800,100
38141040892048,10:35:41.040,36.9800,30
38141040892048,10:35:41.040,36.9800,10
38141041365109,10:35:41.041,36.9800,100
38141041365109,10:35:41.041,36.9700,30
38141041660605,10:35:41.041,36.9800,100
38141041660605,10:35:41.041,36.9800,10
38141041660605,10:35:41.041,36.9800,10
38141198053006,10:35:41.198,36.9900,200
38141198053006,10:35:41.198,36.9900,100
38141202422181,10:35:41.202,36.9900,70
38141237933631,10:35:41.237,36.9800,100
38141237933631,10:35:41.237,36.9800,20
38147302104312,10:35:47.302,36.9800,100
38147302104312,10:35:47.302,36.9800,100
38147318328254,10:35:47.318,36.9700,80
38147318356841,10:35:47.318,36.9700,20
38147521452809,10:35:47.521,36.9600,90
38156097475627,10:35:56.097,36.9700,100
38156098448171,10:35:56.098,36.9700,100
38158617201077,10:35:58.617,36.9600,10
38158617201077,10:35:58.617,36.9600,90
38158617244181,10:35:58.617,36.9600,10
38207008279044,10:36:47.008,36.9900,100
38211153683247,10:36:51.153,37.0100,10
38211153683247,10:36:51.153,37.0100,90
38211153709373,10:36:51.153,37.0100,10
38211154058628,10:36:51.154,37.0200,10
38211155800609,10:36:51.155,37.0300,10
38211649340198,10:36:51.649,37.0400,20
38211659657664,10:36:51.659,37.0500,10
38223066835742,10:37:03.066,37.0600,10
38229678379536,10:37:09.678,37.0700,10
38229678466070,10:37:09.678,37.0800,10
38229679156075,10:37:09.679,37.1000,10
38229679389137,10:37:09.679,37.1100,10
38234794627420,10:37:14.794,37.0900,100
38234794627420,10:37:14.794,37.0900,77
38234794662945,10:37:14.794,37.0900,23
38239831410252,10:37:19.831,37.0600,100
38239831410252,10:37:19.831,37.0600,14
38239831421511,10:37:19.831,37.0600,58
38239831426926,10:37:19.831,37.0600,28
38239831426926,10:37:19.831,37.0600,29
38239831439688,10:37:19.831,37.0600,71
38240755407428,10:37:20.755,37.1000,100
38243013120669,10:37:23.013,37.1300,6
38248659028604,10:37:28.659,37.1150,500
38255023196174,10:37:35.023,37.0900,100
38255023196174,10:37:35.023,37.0900,118
38255023222411,10:37:35.023,37.0900,82
38323662971319,10:38:43.662,37.1300,100
38358135384777,10:39:18.135,37.1900,100
38358146458867,10:39:18.146,37.2000,100
38358352903820,10:39:18.352,37.2050,1
38368282420985,10:39:28.282,37.2100,100
38372746512031,10:39:32.746,37.2100,100
38372748435198,10:39:32.748,37.2000,100
38372748435198,10:39:32.748,37.2000,100
38374213347701,10:39:34.213,37.2000,100
38374507285431,10:39:34.507,37.2100,28
38398257980645,10:39:58.257,37.2000,100
38425353272316,10:40:25.353,37.1900,100
38425353831760,10:40:25.353,37.1900,100
38425353918738,10:40:25.353,37.2000,30
38448416065623,10:40:48.416,37.1900,14
38449767213653,10:40:49.767,37.1900,16
38449767213653,10:40:49.767,37.1900,100
38474736387991,10:41:14.736,37.0700,100
38522068744207,10:42:02.068,37.0700,87
38522068763656,10:42:02.068,37.0700,13
38522069257312,10:42:02.069,37.0700,37
38535233015888,10:42:15.233,37.0300,100
38541635052846,10:42:21.635,37.0000,61
38569656489262,10:42:49.656,37.0200,100
38589978037272,10:43:09.978,37.0200,2
38589979467820,10:43:09.979,37.0300,63
38589979467820,10:43:09.979,37.0300,100
38589980885436,10:43:09.980,37.0200,100
38601825392208,10:43:21.825,37.0200,100
38601825392208,10:43:21.825,37.0200,100
38601825618325,10:43:21.825,37.0100,100
38611469948376,10:43:31.469,37.0500,100
38629072809354,10:43:49.072,37.0500,100
38694146284145,10:44:54.146,37.1000,19
38713719218074,10:45:13.719,37.0900,100
38713719218074,10:45:13.719,37.0900,100
38758975495059,10:45:58.975,37.0400,100
38791216879866,10:46:31.216,37.0400,7
38807804079743,10:46:47.804,37.0300,100
38825863982948,10:47:05.863,37.0200,100
38825863982948,10:47:05.863,37.0200,2
38825863982948,10:47:05.863,37.0200,100
38830014619634,10:47:10.014,37.0200,100
38847448344164,10:47:27.448,36.9900,100
38872760441188,10:47:52.760,36.9700,27
38872760468718,10:47:52.760,36.9700,73
38873460664733,10:47:53.460,36.9800,100
38900344131864,10:48:20.344,36.9500,200
38900344184980,10:48:20.344,36.9500,29
38932250330267,10:48:52.250,36.9600,1
38971329210360,10:49:31.329,36.9500,100
38971329210360,10:49:31.329,36.9400,100
38971329210360,10:49:31.329,36.9400,100
38971329210360,10:49:31.329,36.9400,100
38986038503005,10:49:46.038,36.9550,100
39012533199993,10:50:12.533,36.9500,55
39012533229369,10:50:12.533,36.9500,45
39012533831983,10:50:12.533,36.9400,43
39012533973044,10:50:12.533,36.9400,15
39039783444260,10:50:39.783,36.9400,42
39039783444260,10:50:39.783,36.9400,58
39039783488073,10:50:39.783,36.9400,42
39070358096746,10:51:10.358,36.9300,100
39078096208180,10:51:18.096,36.9500,92
39078096228231,10:51:18.096,36.9500,8
39078096228231,10:51:18.096,36.9500,40
39078096228231,10:51:18.096,36.9500,2
39078096234862,10:51:18.096,36.9500,98
39078097204702,10:51:18.097,36.9700,100
39146751250784,10:52:26.751,36.9800,1
39146751250784,10:52:26.751,37.0000,14
39146751260638,10:52:26.751,37.0000,36
39146751277189,10:52:26.751,37.0000,50
39146751277189,10:52:26.751,37.0000,28
39146751277189,10:52:26.751,37.0000,36
39175944670645,10:52:55.944,37.0300,3
39175944695065,10:52:55.944,37.0300,2
39248422732745,10:54:08.422,37.0300,100
39248423171655,10:54:08.423,37.0300,72
39248423173599,10:54:08.423,37.0300,28
39276969484440,10:54:36.969,37.0500,100
39276969484440,10:54:36.969,37.0500,600
39276969664161,10:54:36.969,37.0500,100
39276972788278,10:54:36.972,37.0400,100
39278713448639,10:54:38.713,37.0300,100
39292446755827,10:54:52.446,37.0400,90
39292447113179,10:54:52.447,37.0400,100
39292447141808,10:54:52.447,37.0400,20
39292447339634,10:54:52.447,37.0400,100
39308071894121,10:55:08.071,37.0500,13
39308073464278,10:55:08.073,37.0500,51
39308073916006,10:55:08.073,37.0500,36
39308180125442,10:55:08.180,37.0400,90
39308349255005,10:55:08.349,37.0400,1
39316238332794,10:55:16.238,37.0600,57
39316238364393,10:55:16.238,37.0500,143
39316238386707,10:55:16.238,37.0500,57
39316238386707,10:55:16.238,37.0600,43
39316238420952,10:55:16.238,37.0600,100
39328185817704,10:55:28.185,37.0500,100
39354794021083,10:55:54.794,37.0300,100
39354801503919,10:55:54.801,37.0200,100
39364523822150,10:56:04.523,37.0100,100
39378716632118,10:56:18.716,37.0100,100
39381647780866,10:56:21.647,37.0200,28
39381648028172,10:56:21.648,37.0200,7
39381648113092,10:56:21.648,37.0200,7
39432083028779,10:57:12.083,37.0350,100
39437189426349,10:57:17.189,37.0350,3
39437189426349,10:57:17.189,37.0500,97
39437189500149,10:57:17.189,37.0500,100
39437189501560,10:57:17.189,37.0500,3
39437189501560,10:57:17.189,37.0600,97
39437189536210,10:57:17.189,37.0600,3
39465046248918,10:57:45.046,37.0400,100
39465046310334,10:57:45.046,37.0400,100
39465046817286,10:57:45.046,37.0400,300
39466519706983,10:57:46.519,37.0300,100
39467360274844,10:57:47.360,37.0100,1
39467360300338,10:57:47.360,37.0100,199
39467523076490,10:57:47.523,37.0000,100
39467523076490,10:57:47.523,37.0000,100
39537526396868,10:58:57.526,37.0200,100
39537528014658,10:58:57.528,37.0400,100
39603053618887,11:00:03.053,37.0400,1
39605584886899,11:00:05.584,37.0800,100
39610665225855,11:00:10.665,37.0900,100
39666855383870,11:01:06.855,37.1900,100
39666855383870,11:01:06.855,37.1900,100
39666855383870,11:01:06.855,37.1900,100
39666855383870,11:01:06.855,37.1900,100
39671075653329,11:01:11.075,37.1800,100
39677018132527,11:01:17.018,37.1900,100
39769440400394,11:02:49.440,37.2250,100
39790174380988,11:03:10.174,37.2400,3
39799240490887,11:03:19.240,37.2100,100
39799240490887,11:03:19.240,37.2100,100
39799240490887,11:03:19.240,37.2100,100
39799241369171,11:03:19.241,37.2100,100
39799264861480,11:03:19.264,37.1900,100
39799272496841,11:03:19.272,37.1800,100
39801491644939,11:03:21.491,37.1700,100
39801492739382,11:03:21.492,37.1600,100
39801516827740,11:03:21.516,37.1600,100
39812175308553,11:03:32.175,37.1900,100
39849318550480,11:04:09.318,37.2100,1
39851598631593,11:04:11.598,37.2700,14
39851599505653,11:04:11.599,37.2600,14
39873653468801,11:04:33.653,37.2600,86
39873653469485,11:04:33.653,37.2600,86
39873653540681,11:04:33.653,37.2600,14
39873653845562,11:04:33.653,37.2700,100
39873654154148,11:04:33.654,37.2500,100
39928048165102,11:05:28.048,37.2700,7
39928048188189,11:05:28.048,37.2450,100
39928048189455,11:05:28.048,37.2700,93
39928048246600,11:05:28.048,37.2500,100
39959492248258,11:05:59.492,37.2600,100
39959492251255,11:05:59.492,37.2600,100
39959492292694,11:05:59.492,37.2500,67
39959492299487,11:05:59.492,37.2500,33
39959494681979,11:05:59.494,37.2600,100
39960536631717,11:06:00.536,37.2100,100
39960536631717,11:06:00.536,37.2100,19
39986130082069,11:06:26.130,37.1500,5
39986130083490,11:06:26.130,37.1500,2
40036823966197,11:07:16.823,37.2100,96
40049870191508,11:07:29.870,37.2200,100
40049870191508,11:07:29.870,37.2200,1
40049870197974,11:07:29.870,37.2200,55
40049870219618,11:07:29.870,37.2200,44
40049870479477,11:07:29.870,37.2100,200
40049870554084,11:07:29.870,37.2200,100
40050497349296,11:07:30.497,37.1900,400
40103836784471,11:08:23.836,37.2000,100
40112618192805,11:08:32.618,37.2100,3
40131232809549,11:08:51.232,37.2100,100
40131233368383,11:08:51.233,37.2200,100
40138042024269,11:08:58.042,37.2300,100
40138042024269,11:08:58.042,37.2300,100
40138042024269,11:08:58.042,37.2300,200
40138042111274,11:08:58.042,37.2200,7
40138042764203,11:08:58.042,37.2200,93
40149975525840,11:09:09.975,37.2100,200
40149975525840,11:09:09.975,37.2000,100
40149975525840,11:09:09.975,37.2000,100
40149975552943,11:09:09.975,37.2000,100
40162243296199,11:09:22.243,37.2000,50
40162243465022,11:09:22.243,37.2000,12
40162243510891,11:09:22.243,37.2000,38
40165916902254,11:09:25.916,37.2000,100
40170239564292,11:09:30.239,37.1800,100
40170239639859,11:09:30.239,37.1900,100
40209504170423,11:10:09.504,37.1600,100
40209504170423,11:10:09.504,37.1600,100
40209504243335,11:10:09.504,37.1600,38
40209504251602,11:10:09.504,37.1600,62
40209504251602,11:10:09.504,37.1600,38
40209504258669,11:10:09.504,37.1600,50
40209504330460,11:10:09.504,37.1600,12
40209505962018,11:10:09.505,37.1500,23
40210480569339,11:10:10.480,37.1500,12
40210480892182,11:10:10.480,37.1500,88
40246260761796,11:10:46.260,37.1800,100
40311657098987,11:11:51.657,37.1700,100
40311657798696,11:11:51.657,37.1600,1
40311657852943,11:11:51.657,37.1600,99
40330488423337,11:12:10.488,37.2100,26
40392816467496,11:13:12.816,37.2050,1
40392816467496,11:13:12.816,37.2200,1
40407938783609,11:13:27.938,37.1800,100
40407938783609,11:13:27.938,37.1800,100
40420014182922,11:13:40.014,37.2100,100
40426611743981,11:13:46.611,37.2400,4
40428476282863,11:13:48.476,37.2400,96
40431504044675,11:13:51.504,37.2200,100
40450099901517,11:14:10.099,37.2250,100
40525467458824,11:15:25.467,37.2250,1
40525467458824,11:15:25.467,37.2250,1
40525467458824,11:15:25.467,37.2500,98
40525467486831,11:15:25.467,37.2500,2
40548289407550,11:15:48.289,37.2200,100
40556424395663,11:15:56.424,37.2000,40
40556424420703,11:15:56.424,37.2000,60
40573493571446,11:16:13.493,37.1950,1
40602458659504,11:16:42.458,37.2000,100
40623826976876,11:17:03.826,37.1800,100
40623860180458,11:17:03.860,37.1900,100
40623860180458,11:17:03.860,37.1900,100
40627659052846,11:17:07.659,37.2000,28
40627659666033,11:17:07.659,37.2000,72
40647220163186,11:17:27.220,37.2600,70
40660375035348,11:17:40.375,37.2300,18
40663277455262,11:17:43.277,37.2200,100
40663277455262,11:17:43.277,37.2200,100
40664112129083,11:17:44.112,37.2350,100
40665038805709,11:17:45.038,37.2100,100
40682373017378,11:18:02.373,37.2300,100
40684914804532,11:18:04.914,37.2100,100
40684914804532,11:18:04.914,37.2100,30
40684914804532,11:18:04.914,37.2100,100
40685903200708,11:18:05.903,37.2300,100
40836648824837,11:20:36.648,37.2200,1
40842915495215,11:20:42.915,37.2200,100
40842915495215,11:20:42.915,37.2200,100
40842915576374,11:20:42.915,37.2300,100
40842915585032,11:20:42.915,37.2300,30
40842915660279,11:20:42.915,37.2300,100
40842915662024,11:20:42.915,37.2300,30
40842916768493,11:20:42.916,37.2300,100
40842932247713,11:20:42.932,37.2400,100
40842932247713,11:20:42.932,37.2400,30
40842932333226,11:20:42.932,37.2400,100
40842932762241,11:20:42.932,37.2400,70
40842932762241,11:20:42.932,37.2400,29
40842932762241,11:20:42.932,37.2400,29
40842932790862,11:20:42.932,37.2400,29
40842933330669,11:20:42.933,37.2500,100
40881002215833,11:21:21.002,37.2200,45
40881002363831,11:21:21.002,37.2200,55
40881002363831,11:21:21.002,37.2200,12
40893222903365,11:21:33.222,37.2500,10
40893222903365,11:21:33.222,37.2500,10
40912475035765,11:21:52.475,37.2600,59
40912475061007,11:21:52.475,37.2600,41
40912476410607,11:21:52.476,37.2700,100
40926662019385,11:22:06.662,37.2800,100
40926662019930,11:22:06.662,37.2800,100
40926662025255,11:22:06.662,37.2800,70
40926662219414,11:22:06.662,37.2900,100
40926669829220,11:22:06.669,37.2900,30
40926670167147,11:22:06.670,37.2900,70
40930481537359,11:22:10.481,37.3100,25
40956413253772,11:22:36.413,37.3000,100
40956413253772,11:22:36.413,37.3000,100
40956422499333,11:22:36.422,37.3000,1
40959020023378,11:22:39.020,37.3000,100
41010976241336,11:23:30.976,37.3200,3
41010976265230,11:23:30.976,37.3200,97
41058517701412,11:24:18.517,37.3300,14
41058518586871,11:24:18.518,37.3300,10
41132475878585,11:25:32.475,37.3700,1
41142074298290,11:25:42.074,37.3700,50
41142074313087,11:25:42.074,37.3700,49
41142074313087,11:25:42.074,37.3700,1
41142074355498,11:25:42.074,37.3700,50
41143775385295,11:25:43.775,37.3700,49
41143775385295,11:25:43.775,37.3700,100
41170481808772,11:26:10.481,37.3700,100
41170481808772,11:26:10.481,37.3700,100
41170489206470,11:26:10.489,37.3700,29
41178808188717,11:26:18.808,37.3400,100
41246280946146,11:27:26.280,37.3300,15
41246280949162,11:27:26.280,37.3300,85
41246481740481,11:27:26.481,37.3200,100
41254220205930,11:27:34.220,37.3000,100
41284536650153,11:28:04.536,37.3100,100
41284537274393,11:28:04.537,37.3100,100
41289291354059,11:28:09.291,37.3400,100
41290481320511,11:28:10.481,37.3500,100
41290483023436,11:28:10.483,37.3500,100
41317698589064,11:28:37.698,37.3600,2
41340758114917,11:29:00.758,37.3300,100
41340758140235,11:29:00.758,37.3300,15
41341019929608,11:29:01.019,37.3000,100
41362660804521,11:29:22.660,37.2900,100
41364703264648,11:29:24.703,37.2900,100
41375501806556,11:29:35.501,37.3100,100
41375502115805,11:29:35.502,37.3000,30
41375502115805,11:29:35.502,37.3000,70
41375502503205,11:29:35.502,37.3100,50
41375502559894,11:29:35.502,37.3100,50
41377020281431,11:29:37.020,37.3000,4
41377020281431,11:29:37.020,37.3000,34
41470588290566,11:31:10.588,37.3600,98
41470588290566,11:31:10.588,37.3600,100
41507348640501,11:31:47.348,37.3850,100
41530478296067,11:32:10.478,37.4200,100
41632020268690,11:33:52.020,37.4000,100
41632020268690,11:33:52.020,37.4000,100
41632020268690,11:33:52.020,37.4000,100
41632020268690,11:33:52.020,37.4000,100
41632020268690,11:33:52.020,37.4000,100
41632020268690,11:33:52.020,37.4000,100
41632021713614,11:33:52.021,37.4000,100
41632026749133,11:33:52.026,37.3900,50
41632032755532,11:33:52.032,37.3900,50
41632033830308,11:33:52.033,37.3900,38
41650480488751,11:34:10.480,37.4100,100
41670323487329,11:34:30.323,37.4800,100
41670323487329,11:34:30.323,37.4800,100
41670379996989,11:34:30.379,37.4700,100
41738635203603,11:35:38.635,37.4400,50
41738635228641,11:35:38.635,37.4400,50
41738635228641,11:35:38.635,37.4400,100
41738635228641,11:35:38.635,37.4400,11
41770483653397,11:36:10.483,37.4400,100
41805325369097,11:36:45.325,37.4200,34
41805325393565,11:36:45.325,37.4200,66
41833229744332,11:37:13.229,37.4300,100
41833229744332,11:37:13.229,37.4300,100
41833418644055,11:37:13.418,37.4600,100
41833418644055,11:37:13.418,37.4700,100
41833418644055,11:37:13.418,37.4700,100
41889001598935,11:38:09.001,37.4700,1
41905563076667,11:38:25.563,37.4900,3
41910088183811,11:38:30.088,37.4750,100
41947485182178,11:39:07.485,37.4500,100
41949033103813,11:39:09.033,37.4400,100
41959062926266,11:39:19.062,37.4100,15
42014521263154,11:40:14.521,37.4500,100
42037240173973,11:40:37.240,37.4300,100
42037240173973,11:40:37.240,37.4300,100
42038087150440,11:40:38.087,37.3700,200
42038088024830,11:40:38.088,37.3700,100
42111152645910,11:41:51.152,37.3700,6
42130479197141,11:42:10.479,37.3800,100
42130497626309,11:42:10.497,37.3600,6
42131248353743,11:42:11.248,37.3800,6
42131248353743,11:42:11.248,37.3800,94
42131248608299,11:42:11.248,37.3800,6
42131248608299,11:42:11.248,37.3800,10
42131248608299,11:42:11.248,37.3800,2
42131881330966,11:42:11.881,37.3900,32
42131881654582,11:42:11.881,37.3900,68
42201158738899,11:43:21.158,37.4500,100
42278261026218,11:44:38.261,37.4400,100
42278261067668,11:44:38.261,37.4400,100
42278261067668,11:44:38.261,37.4400,50
42278261097880,11:44:38.261,37.4400,50
42278261106380,11:44:38.261,37.4400,50
42279495272032,11:44:39.495,37.4300,100
42290137924145,11:44:50.137,37.4100,8
42290137942693,11:44:50.137,37.4100,92
42290138387241,11:44:50.138,37.4100,30
42311664293453,11:45:11.664,37.4000,100
42311664293453,11:45:11.664,37.4000,100
42322392270763,11:45:22.392,37.3800,56
42322392295971,11:45:22.392,37.3800,4
42322394395206,11:45:22.394,37.3800,40
42322401369560,11:45:22.401,37.3700,100
42322401369560,11:45:22.401,37.3700,100
42322401369560,11:45:22.401,37.3700,100
42322401784397,11:45:22.401,37.3700,100
42324020578463,11:45:24.020,37.3500,100
42331100208314,11:45:31.100,37.3700,40
42342521260457,11:45:42.521,37.3500,28
42345259966329,11:45:45.259,37.3400,46
42345279891243,11:45:45.279,37.3400,50
42345279927854,11:45:45.279,37.3400,4
42345279927854,11:45:45.279,37.3400,21
42363221611826,11:46:03.221,37.3550,1
42363221611826,11:46:03.221,37.3550,1
42458843015898,11:47:38.843,37.4000,100
42496758419141,11:48:16.758,37.4500,3
42496814694859,11:48:16.814,37.4200,100
42496814703099,11:48:16.814,37.4200,50
42496814733492,11:48:16.814,37.4200,50
42523809549676,11:48:43.809,37.4000,56
42523809574795,11:48:43.809,37.4000,44
42553008494889,11:49:13.008,37.4100,75
42553008502657,11:49:13.008,37.4100,25
42553008502657,11:49:13.008,37.4100,25
42553008526875,11:49:13.008,37.4100,75
42553074675699,11:49:13.074,37.4400,200
42558471559677,11:49:18.471,37.4800,100
42558471559677,11:49:18.471,37.4800,100
42612289853104,11:50:12.289,37.4600,100
42612289853104,11:50:12.289,37.4400,100
42612289881537,11:50:12.289,37.4400,100
42615148627353,11:50:15.148,37.4300,6
42615148627353,11:50:15.148,37.4200,94
42615148654660,11:50:15.148,37.4200,6
42847001882954,11:54:07.001,37.4600,25
42887701612507,11:54:47.701,37.4300,100
42887701612507,11:54:47.701,37.4300,100
42902932523871,11:55:02.932,37.4400,9
42926210856791,11:55:26.210,37.4500,6
42930453375495,11:55:30.453,37.4100,100
42976123239791,11:56:16.123,37.4350,1
42976328329086,11:56:16.328,37.4500,100
42978405108368,11:56:18.405,37.4600,100
43102380025716,11:58:22.380,37.4800,100
43102380129881,11:58:22.380,37.4800,70
43102380171968,11:58:22.380,37.4800,30
43102380171968,11:58:22.380,37.4900,59
43102380220102,11:58:22.380,37.4900,41
43103995679139,11:58:23.995,37.4750,100
43103995679139,11:58:23.995,37.4700,100
43103995704621,11:58:23.995,37.4700,100
43103996871459,11:58:23.996,37.4600,100
43104723435704,11:58:24.723,37.4600,10
43191020887437,11:59:51.020,37.4800,100
43204233093683,12:00:04.233,37.5100,99
43204233117573,12:00:04.233,37.5100,1
43207000415099,12:00:07.000,37.5500,100
43207406958455,12:00:07.406,37.5500,100
43245822747615,12:00:45.822,37.5300,100
43245924029152,12:00:45.924,37.5200,100
43245924776409,12:00:45.924,37.5200,100
43246024150545,12:00:46.024,37.5200,29
43279713702157,12:01:19.713,37.5100,100
43294872286073,12:01:34.872,37.4800,80
43294872373382,12:01:34.872,37.4800,20
43356041207014,12:02:36.041,37.4750,100
43356041207014,12:02:36.041,37.4600,100
43356041232915,12:02:36.041,37.4600,100
43401779104706,12:03:21.779,37.4700,3
43420170104863,12:03:40.170,37.4300,28
43432297914479,12:03:52.297,37.4200,100
43432297914479,12:03:52.297,37.4200,72
43432297944259,12:03:52.297,37.4200,28
43432297944259,12:03:52.297,37.4200,4
43463781503280,12:04:23.781,37.3800,55
43463781572044,12:04:23.781,37.3800,45
43463781572044,12:04:23.781,37.3800,500
43463782475313,12:04:23.782,37.3800,100
43463782864111,12:04:23.782,37.3800,20
43463860073904,12:04:23.860,37.3500,100
43465554340927,12:04:25.554,37.3400,9
43465554367211,12:04:25.554,37.3400,91
43465938770049,12:04:25.938,37.3300,100
43496203595948,12:04:56.203,37.3350,1
43496203595948,12:04:56.203,37.3500,100
43496203595948,12:04:56.203,37.3500,99
43496203638358,12:04:56.203,37.3500,1
43496203638358,12:04:56.203,37.3500,28
43549455764423,12:05:49.455,37.3700,15
43549456988793,12:05:49.456,37.3700,1
43549456988793,12:05:49.456,37.3700,1
43549456989528,12:05:49.456,37.3700,1
43549456990792,12:05:49.456,37.3700,1
43549457066483,12:05:49.457,37.3700,30
43549457067748,12:05:49.457,37.3700,30
43562518161262,12:06:02.518,37.3600,100
43569830776595,12:06:09.830,37.3500,200
43569830818355,12:06:09.830,37.3400,100
43569830823536,12:06:09.830,37.3400,6
43569836382278,12:06:09.836,37.3200,100
43585680407009,12:06:25.680,37.3250,100
43620455883054,12:07:00.455,37.3500,100
43620456194526,12:07:00.456,37.3500,50
43620672648670,12:07:00.672,37.3500,50
43637558296841,12:07:17.558,37.3200,100
43637559248046,12:07:17.559,37.3100,100
43703761319076,12:08:23.761,37.3500,3
43704468112729,12:08:24.468,37.3500,97
43705046763406,12:08:25.046,37.3800,2
43705048275188,12:08:25.048,37.3900,20
43705050692686,12:08:25.050,37.3900,100
43705051303540,12:08:25.051,37.3900,100
43731783632793,12:08:51.783,37.3800,52
43801595413128,12:10:01.595,37.4000,10
43801595413128,12:10:01.595,37.4000,50
43801595413128,12:10:01.595,37.4000,100
43801597281237,12:10:01.597,37.4100,3
43801597305593,12:10:01.597,37.4100,97
43809479864235,12:10:09.479,37.4300,100
43809487848784,12:10:09.487,37.4400,10
43833635834180,12:10:33.635,37.4400,100
43833635834180,12:10:33.635,37.4400,100
43833639367779,12:10:33.639,37.4300,100
43833639367779,12:10:33.639,37.4300,100
43900679695783,12:11:40.679,37.4600,20
43900684091899,12:11:40.684,37.4700,100
43900684131409,12:11:40.684,37.4800,2
43900684131409,12:11:40.684,37.4800,116
43900684156318,12:11:40.684,37.4800,84
43903250263780,12:11:43.250,37.4800,35
43903250874237,12:11:43.250,37.4900,20
43987579764054,12:13:07.579,37.5100,100
43990710051184,12:13:10.710,37.5050,100
44002051780754,12:13:22.051,37.5000,100
44002101663621,12:13:22.101,37.4900,100
44002103339569,12:13:22.103,37.4900,50
44002105545754,12:13:22.105,37.4900,50
44006563762690,12:13:26.563,37.4900,100
44047017356423,12:14:07.017,37.5000,100
44157499188770,12:15:57.499,37.4200,100
44161213019796,12:16:01.213,37.4000,100
44166216589104,12:16:06.216,37.3900,100
44170715040021,12:16:10.715,37.3900,6
44277736708318,12:17:57.736,37.4400,1
44277736708318,12:17:57.736,37.4400,2
44290521669826,12:18:10.521,37.3900,100
44290521669826,12:18:10.521,37.3900,200
44290521669826,12:18:10.521,37.3900,100
44290523273801,12:18:10.523,37.3900,100
44290572470685,12:18:10.572,37.3650,100
44334506873838,12:18:54.506,37.3400,100
44376093261533,12:19:36.093,37.3600,50
44376093311656,12:19:36.093,37.3600,50
44376096627664,12:19:36.096,37.3600,50
44376097944230,12:19:36.097,37.3600,49
44376101833899,12:19:36.101,37.3600,51
44396782418091,12:19:56.782,37.3300,100
44396782849136,12:19:56.782,37.3300,8
44396783546827,12:19:56.783,37.3200,100
44396783546827,12:19:56.783,37.3200,100
44399785346010,12:19:59.785,37.3200,8
44450384158921,12:20:50.384,37.3400,52
44450384163940,12:20:50.384,37.3400,48
44467859574224,12:21:07.859,37.3900,50
44467861619922,12:21:07.861,37.4000,100
44467861619922,12:21:07.861,37.4000,23
44481879996489,12:21:21.879,37.4300,100
44527404796792,12:22:07.404,37.4000,100
44533604307079,12:22:13.604,37.4000,29
44533604307079,12:22:13.604,37.4000,100
44574154469199,12:22:54.154,37.4000,100
44574154469199,12:22:54.154,37.4000,100
44584721511616,12:23:04.721,37.3900,100
44584757505503,12:23:04.757,37.3700,100
44584758960932,12:23:04.758,37.3600,100
44588483802797,12:23:08.483,37.3500,100
44673315531474,12:24:33.315,37.3200,100
44673315531474,12:24:33.315,37.3200,100
44734175008843,12:25:34.175,37.3000,100
44734175008843,12:25:34.175,37.3100,100
44781405850555,12:26:21.405,37.3000,100
44817914873999,12:26:57.914,37.3200,100
44817921383474,12:26:57.921,37.3300,100
44880659543236,12:28:00.659,37.3500,100
44880660059679,12:28:00.660,37.3300,100
44880735099927,12:28:00.735,37.3500,20
44880735100734,12:28:00.735,37.3500,20
44881005531619,12:28:01.005,37.3600,20
44881006382382,12:28:01.006,37.3700,20
44887000221579,12:28:07.000,37.3800,50
44887000221579,12:28:07.000,37.3900,20
44887000221579,12:28:07.000,37.4000,20
44888847357907,12:28:08.847,37.4000,2
44915476845624,12:28:35.476,37.4000,100
44915476865131,12:28:35.476,37.4000,53
44915477514553,12:28:35.477,37.4100,1
44915477514553,12:28:35.477,37.4100,100
44949113123302,12:29:09.113,37.3700,100
44951735398442,12:29:11.735,37.4100,100
45002822335116,12:30:02.822,37.4200,1
45002822403353,12:30:02.822,37.4200,49
45002822767660,12:30:02.822,37.4200,26
45006999953671,12:30:06.999,37.4200,28
45006999953671,12:30:06.999,37.4300,16
45010414822856,12:30:10.414,37.4400,20
45010414822856,12:30:10.414,37.4400,200
45010414822856,12:30:10.414,37.4400,80
45010415520423,12:30:10.415,37.4400,100
45012482029928,12:30:12.482,37.4500,20
45078654633129,12:31:18.654,37.4500,100
45079103979268,12:31:19.103,37.4500,100
45079111066202,12:31:19.111,37.4600,20
45082905346861,12:31:22.905,37.4700,20
45144887692945,12:32:24.887,37.4500,51
45144887704079,12:32:24.887,37.4500,49
45144887704079,12:32:24.887,37.4500,1
45144887729759,12:32:24.887,37.4500,50
45144887731092,12:32:24.887,37.4500,49
45272625347506,12:34:32.625,37.4200,50
45272625367391,12:34:32.625,37.4200,50
45278099801009,12:34:38.099,37.4600,200
45278100161602,12:34:38.100,37.4400,10
45342732461070,12:35:42.732,37.4300,20
45352441581576,12:35:52.441,37.4100,8
45354977410522,12:35:54.977,37.4100,50
45354977804224,12:35:54.977,37.4100,42
45354977804224,12:35:54.977,37.4100,100
45354977804224,12:35:54.977,37.4100,100
45355648748357,12:35:55.648,37.3900,100
45374374511781,12:36:14.374,37.3600,100
45374375676195,12:36:14.375,37.3600,9
45375945626117,12:36:15.945,37.3600,20
45459453948996,12:37:39.453,37.3700,100
45459658532281,12:37:39.658,37.3800,60
45459659032915,12:37:39.659,37.4000,12
45487004253934,12:38:07.004,37.4000,100
45489199362503,12:38:09.199,37.4400,3
45507774732951,12:38:27.774,37.4000,12
45507774759985,12:38:27.774,37.4000,88
45507774759985,12:38:27.774,37.4000,100
45507776950816,12:38:27.776,37.4000,100
45507777302555,12:38:27.777,37.4000,40
45573105717968,12:39:33.105,37.4100,48
45573105742122,12:39:33.105,37.4100,52
45597409375537,12:39:57.409,37.4300,12
45598494952920,12:39:58.494,37.4300,51
45598494982070,12:39:58.494,37.4300,30
45598495006265,12:39:58.495,37.4300,7
45622605562657,12:40:22.605,37.4200,100
45622605562657,12:40:22.605,37.4200,4
45667230946283,12:41:07.230,37.4300,100
45706079338349,12:41:46.079,37.4100,100
45706079338349,12:41:46.079,37.4100,51
45706079346217,12:41:46.079,37.4100,49
45706079766822,12:41:46.079,37.4100,20
45706093730956,12:41:46.093,37.4000,100
45710288268052,12:41:50.288,37.3700,7
45710288533467,12:41:50.288,37.3700,7
45710289130646,12:41:50.289,37.3700,56
45710290185751,12:41:50.290,37.3700,30
45710290185751,12:41:50.290,37.3700,20
45750772643135,12:42:30.772,37.4000,100
45774605702242,12:42:54.605,37.4200,100
45774605733743,12:42:54.605,37.4200,100
45774606447735,12:42:54.606,37.4200,100
45774606494630,12:42:54.606,37.4200,60
45794935575717,12:43:14.935,37.4300,2
45809983487749,12:43:29.983,37.4400,17
45809983512022,12:43:29.983,37.4400,33
45809985793761,12:43:29.985,37.4500,20
45809991673575,12:43:29.991,37.4300,99
45819991558982,12:43:39.991,37.4300,88
45829992808954,12:43:49.992,37.4300,100
45829992808954,12:43:49.992,37.4300,100
45829992840036,12:43:49.992,37.4300,100
45830015464073,12:43:50.015,37.4200,100
45830015464073,12:43:50.015,37.4200,100
45830018339981,12:43:50.018,37.4300,100
45910779552557,12:45:10.779,37.4500,50
45910779562242,12:45:10.779,37.4500,50
45926004337446,12:45:26.004,37.4400,100
45926004337446,12:45:26.004,37.4400,100
45926004337446,12:45:26.004,37.4400,100
45926004392454,12:45:26.004,37.4400,100
45926004617266,12:45:26.004,37.4300,100
45926004617266,12:45:26.004,37.4300,100
45926004617266,12:45:26.004,37.4300,100
45989236108636,12:46:29.236,37.4200,100
45989236108636,12:46:29.236,37.4200,100
46022899067333,12:47:02.899,37.4500,49
46022899132496,12:47:02.899,37.4500,51
46032925410125,12:47:12.925,37.4300,100
46032926125606,12:47:12.926,37.4200,100
46032926125606,12:47:12.926,37.4200,100
46062041034229,12:47:42.041,37.3900,100
46062041034229,12:47:42.041,37.3900,100
46138429060010,12:48:58.429,37.3900,100
46179865859940,12:49:39.865,37.4200,100
46179865859940,12:49:39.865,37.4200,100
46184650758279,12:49:44.650,37.4400,100
46194659028942,12:49:54.659,37.4200,100
46194659505054,12:49:54.659,37.4200,100
46194659505054,12:49:54.659,37.4200,100
46194659505054,12:49:54.659,37.4200,100
46324684185777,12:52:04.684,37.4600,1
46324684185777,12:52:04.684,37.4700,20
46324684185777,12:52:04.684,37.4700,79
46327001588998,12:52:07.001,37.4700,21
46327001588998,12:52:07.001,37.4900,2
46327001588998,12:52:07.001,37.4900,6
46365962217301,12:52:45.962,37.5000,20
46365962217301,12:52:45.962,37.5100,20
46365962808841,12:52:45.962,37.5200,20
46365964011953,12:52:45.964,37.5100,100
46366462774850,12:52:46.462,37.5300,20
46366462774850,12:52:46.462,37.5300,71
46366462802540,12:52:46.462,37.5300,29
46366463576471,12:52:46.463,37.5300,200
46366474917250,12:52:46.474,37.5300,100
46446998734202,12:54:06.998,37.5400,1
46448382667432,12:54:08.382,37.5300,100
46448382667432,12:54:08.382,37.5300,6
46448383089854,12:54:08.383,37.5300,94
46448386361644,12:54:08.386,37.5200,100
46448386361644,12:54:08.386,37.5200,31
46472955799459,12:54:32.955,37.5500,100
46472956209609,12:54:32.956,37.5400,10
46472956807875,12:54:32.956,37.5500,10
46472956807875,12:54:32.956,37.5500,30
46473367904069,12:54:33.367,37.5500,100
46473367904069,12:54:33.367,37.5500,100
46483052217380,12:54:43.052,37.5400,100
46483052922812,12:54:43.052,37.5300,100
46535040799910,12:55:35.040,37.5100,50
46535040804040,12:55:35.040,37.5100,50
46535040804772,12:55:35.040,37.5100,51
46535040814291,12:55:35.040,37.5100,49
46569275416488,12:56:09.275,37.5100,99
46569275445894,12:56:09.275,37.5100,1
46709654682177,12:58:29.654,37.5400,3
46728581507215,12:58:48.581,37.5500,25
46751842551257,12:59:11.842,37.5300,100
46751842885068,12:59:11.842,37.5300,100
46751843132282,12:59:11.843,37.5200,100
46751844102166,12:59:11.844,37.5100,100
46751844102166,12:59:11.844,37.5100,100
46751846127903,12:59:11.846,37.5000,100
46756737171980,12:59:16.737,37.5000,100
46882683774311,13:01:22.683,37.5100,100
46882683774311,13:01:22.683,37.5100,100
46901621205794,13:01:41.621,37.4900,100
46901621205794,13:01:41.621,37.4900,100
46901621242680,13:01:41.621,37.4900,49
46901621251369,13:01:41.621,37.4900,47
46901621263603,13:01:41.621,37.4900,100
46901621282126,13:01:41.621,37.4900,304
46928110373454,13:02:08.110,37.4800,100
46959877983765,13:02:39.877,37.5000,100
47004843103202,13:03:24.843,37.5400,3
47091197314217,13:04:51.197,37.5200,100
47189167558440,13:06:29.167,37.5300,100
47206020228589,13:06:46.020,37.5300,100
47206020228589,13:06:46.020,37.5300,6
47206020965491,13:06:46.020,37.5300,100
47207984031254,13:06:47.984,37.5500,4
47207984093915,13:06:47.984,37.5500,6
47208120744596,13:06:48.120,37.5500,100
47216088361207,13:06:56.088,37.5400,100
47216088361207,13:06:56.088,37.5400,100
47257143807221,13:07:37.143,37.5500,96
47257143808797,13:07:37.143,37.5500,4
47342238031070,13:09:02.238,37.5500,100
47342240684380,13:09:02.240,37.5600,10
47342240684380,13:09:02.240,37.5600,10
47365427217291,13:09:25.427,37.5700,10
47365427217291,13:09:25.427,37.5700,41
47365427220313,13:09:25.427,37.5700,59
47406999442435,13:10:06.999,37.5800,20
47406999560012,13:10:06.999,37.5900,8
47407001262894,13:10:07.001,37.5900,2
47407001262894,13:10:07.001,37.5900,10
47445784017661,13:10:45.784,37.5700,100
47445784017661,13:10:45.784,37.5700,46
47445784035114,13:10:45.784,37.5700,48
47445784067592,13:10:45.784,37.5700,6
47445784067592,13:10:45.784,37.5700,94
47453838898632,13:10:53.838,37.6000,20
47453838898632,13:10:53.838,37.6000,2
47453838898632,13:10:53.838,37.6000,178
47457395216589,13:10:57.395,37.6000,22
47527000955665,13:12:07.000,37.6200,10
47527000955665,13:12:07.000,37.6200,10
47607477020721,13:13:27.477,37.6200,3
47607477045761,13:13:27.477,37.6200,7
47635142520840,13:13:55.142,37.6300,1
47635142520840,13:13:55.142,37.6300,19
47635350837238,13:13:55.350,37.6400,10
47635350837238,13:13:55.350,37.6400,90
47647003299110,13:14:07.003,37.6600,10
47647003299110,13:14:07.003,37.6600,10
47647003299110,13:14:07.003,37.6600,100
47647003884376,13:14:07.003,37.6600,10
47647003908111,13:14:07.003,37.6600,1
47647004024410,13:14:07.004,37.6600,40
47647010382143,13:14:07.010,37.6600,49
47767000222714,13:16:07.000,37.6700,100
47767000876833,13:16:07.000,37.6700,6
47767000876833,13:16:07.000,37.6700,10
47829663049001,13:17:09.663,37.6800,20
47829663049001,13:17:09.663,37.6800,100
47830038346015,13:17:10.038,37.6900,20
47868751622442,13:17:48.751,37.7100,100
47886999972625,13:18:06.999,37.7100,100
47902050439208,13:18:22.050,37.7200,10
47902050439208,13:18:22.050,37.7200,300
47909974885686,13:18:29.974,37.7200,3
47948674285579,13:19:08.674,37.7200,97
47948674285579,13:19:08.674,37.7200,3
47948674332503,13:19:08.674,37.7200,50
47965123792604,13:19:25.123,37.7300,10
47986369347388,13:19:46.369,37.7200,49
47986369413878,13:19:46.369,37.7200,51
47986369413878,13:19:46.369,37.7200,47
47997782906262,13:19:57.782,37.7400,100
47997783086438,13:19:57.783,37.7400,10
47997783182222,13:19:57.783,37.7300,30
47997783318397,13:19:57.783,37.7300,60
47997784236680,13:19:57.784,37.7400,39
48004421404511,13:20:04.421,37.7200,100
48004421404511,13:20:04.421,37.7200,100
48004422141015,13:20:04.422,37.7200,98
48007000499971,13:20:07.000,37.7200,30
48083851663396,13:21:23.851,37.7500,10
48083851663396,13:21:23.851,37.7500,90
48083852646838,13:21:23.852,37.7600,20
48083852646838,13:21:23.852,37.7600,80
48083852675571,13:21:23.852,37.7600,20
48083852690231,13:21:23.852,37.7600,20
48083853258968,13:21:23.853,37.7600,50
48083853292188,13:21:23.853,37.7600,100
48083853648282,13:21:23.853,37.7600,30
48083853648282,13:21:23.853,37.7700,10
48083853648282,13:21:23.853,37.7700,10
48163604052879,13:22:43.604,37.7400,100
48163604052879,13:22:43.604,37.7400,100
48163604052879,13:22:43.604,37.7400,65
48163604096152,13:22:43.604,37.7400,35
48163604096152,13:22:43.604,37.7400,14
48163604104796,13:22:43.604,37.7400,19
48163604112323,13:22:43.604,37.7400,48
48163604122746,13:22:43.604,37.7400,419
48163631345095,13:22:43.631,37.7300,63
48163631393061,13:22:43.631,37.7300,37
48163632560656,13:22:43.632,37.7200,100
48163632560656,13:22:43.632,37.7200,80
48238181684014,13:23:58.181,37.7400,50
48238181693592,13:23:58.181,37.7400,50
48266750341747,13:24:26.750,37.7400,49
48266751605338,13:24:26.751,37.7400,51
48298699681849,13:24:58.699,37.7400,100
48298699681849,13:24:58.699,37.7400,100
48298701967361,13:24:58.701,37.7300,100
48298701967361,13:24:58.701,37.7300,100
48340691035734,13:25:40.691,37.7100,100
48340691035734,13:25:40.691,37.7100,100
48360577850711,13:26:00.577,37.7200,100
48461693344862,13:27:41.693,37.7400,100
48487000210426,13:28:07.000,37.7600,100
48500253020719,13:28:20.253,37.7600,100
48519188030071,13:28:39.188,37.7800,3
48541680640209,13:29:01.680,37.7900,10
48541680640209,13:29:01.680,37.7900,10
48541680640209,13:29:01.680,37.7900,400
48541680640209,13:29:01.680,37.7900,80
48607000377768,13:30:07.000,37.8100,100
48607000743601,13:30:07.000,37.8100,200
48617001466448,13:30:17.001,37.8200,20
48636554320383,13:30:36.554,37.8100,100
48636554657356,13:30:36.554,37.8100,40
48639071593831,13:30:39.071,37.8000,100
48667520620791,13:31:07.520,37.8300,100
48667523434638,13:31:07.523,37.8400,20
48674083768658,13:31:14.083,37.8500,92
48674084233734,13:31:14.084,37.8500,8
48696670480526,13:31:36.670,37.8600,100
48696671236816,13:31:36.671,37.8500,94
48696671262928,13:31:36.671,37.8500,6
48696722215338,13:31:36.722,37.8400,100
48696722215338,13:31:36.722,37.8400,100
48734319013333,13:32:14.319,37.8400,100
48734319013333,13:32:14.319,37.8400,100
48753019623038,13:32:33.019,37.8200,100
48753021929072,13:32:33.021,37.8100,100
48822493735503,13:33:42.493,37.7900,100
48822493735503,13:33:42.493,37.7900,100
48822494399445,13:33:42.494,37.7900,16
48904301805777,13:35:04.301,37.7700,100
48904301805777,13:35:04.301,37.7700,100
49027966681777,13:37:07.966,37.7900,100
49027966681777,13:37:07.966,37.7900,100
49027978181088,13:37:07.978,37.7900,41
49027978193307,13:37:07.978,37.7900,36
49027979560661,13:37:07.979,37.7900,23
49036555524475,13:37:16.555,37.7700,47
49036555527217,13:37:16.555,37.7700,53
49085610223127,13:38:05.610,37.7700,100
49085610666060,13:38:05.610,37.7800,100
49096974160748,13:38:16.974,37.8000,2
49126074037797,13:38:46.074,37.7700,100
49126075862520,13:38:46.075,37.7700,47
49132801688844,13:38:52.801,37.7700,100
49132802166533,13:38:52.802,37.7700,29
49132802166533,13:38:52.802,37.7700,30
49266920167004,13:41:06.920,37.7800,1
49266920167004,13:41:06.920,37.7800,100
49266920167004,13:41:06.920,37.7800,100
49266920591694,13:41:06.920,37.7600,18
49266920945507,13:41:06.920,37.7700,100
49266920945507,13:41:06.920,37.7700,30
49266920945507,13:41:06.920,37.7800,66
49266920977130,13:41:06.920,37.7800,34
49266921079250,13:41:06.921,37.7600,30
49266921094419,13:41:06.921,37.7600,30
49266942777241,13:41:06.942,37.7300,100
49266942777241,13:41:06.942,37.7300,2
49271087909186,13:41:11.087,37.7000,100
49271087909186,13:41:11.087,37.7000,100
49294186855409,13:41:34.186,37.6700,100
49294186855409,13:41:34.186,37.6700,100
49365834264248,13:42:45.834,37.6900,47
49365834290183,13:42:45.834,37.6900,53
49365836437882,13:42:45.836,37.7000,100
49365838684494,13:42:45.838,37.7000,30
49365840724704,13:42:45.840,37.6700,100
49365840724704,13:42:45.840,37.6700,100
49391945499349,13:43:11.945,37.7000,3
49448245061668,13:44:08.245,37.7000,97
49464766885659,13:44:24.766,37.6800,100
49464766994180,13:44:24.766,37.6800,100
49464767266767,13:44:24.767,37.6800,100
49464767376116,13:44:24.767,37.6800,100
49464767378585,13:44:24.767,37.6800,100
49464767381490,13:44:24.767,37.6800,100
49464767398496,13:44:24.767,37.6800,50
49519210106704,13:45:19.210,37.6500,100
49519210106704,13:45:19.210,37.6500,100
49629538756223,13:47:09.538,37.6500,100
49629538756223,13:47:09.538,37.6600,100
49807128320201,13:50:07.128,37.6500,100
49807128320201,13:50:07.128,37.6500,100
49975775034398,13:52:55.775,37.6000,50
49975775034398,13:52:55.775,37.6000,100
49975775128373,13:52:55.775,37.6000,100
49975775128373,13:52:55.775,37.6100,30
49975775154031,13:52:55.775,37.6100,70
49975775154031,13:52:55.775,37.6100,30
49975775229478,13:52:55.775,37.6000,30
49975775525778,13:52:55.775,37.5900,100
49976527571186,13:52:56.527,37.5900,100
49976527595010,13:52:56.527,37.5900,100
50045466983473,13:54:05.466,37.5700,100
50095220849282,13:54:55.220,37.5600,47
50095220889249,13:54:55.220,37.5600,50
50095220927444,13:54:55.220,37.5600,3
50173469081915,13:56:13.469,37.5200,100
50173469081915,13:56:13.469,37.5200,100
50182429980403,13:56:22.429,37.5500,100
50183360864071,13:56:23.360,37.5600,100
50219889895154,13:56:59.889,37.5800,100
50219889895154,13:56:59.889,37.5800,1
50219889954577,13:56:59.889,37.5900,20
50232861504666,13:57:12.861,37.5900,100
50232864475495,13:57:12.864,37.6000,20
50232996397040,13:57:12.996,37.6100,20
50234746411015,13:57:14.746,37.6200,20
50252879996330,13:57:32.879,37.6000,100
50252879996330,13:57:32.879,37.6000,100
50252884866638,13:57:32.884,37.5900,100
50298333109733,13:58:18.333,37.5900,51
50298333133957,13:58:18.333,37.5900,49
50304753134504,13:58:24.753,37.5900,3
50354782788390,13:59:14.782,37.5900,100
50355480030666,13:59:15.480,37.5600,50
50355480064034,13:59:15.480,37.5600,47
50355480077307,13:59:15.480,37.5600,3
50402706311465,14:00:02.706,37.6000,100
50407676204207,14:00:07.676,37.6200,20
50407676307052,14:00:07.676,37.6000,80
50408593708496,14:00:08.593,37.6300,20
50408593708496,14:00:08.593,37.6300,91
50408593713354,14:00:08.593,37.6300,9
50408594356137,14:00:08.594,37.6300,149
50408594511281,14:00:08.594,37.6300,51
50408683464673,14:00:08.683,37.6300,25
50408683464673,14:00:08.683,37.6300,46
50408685776719,14:00:08.685,37.6400,1
50408996136304,14:00:08.996,37.6500,3
50408997057552,14:00:08.997,37.6500,5
50408997180359,14:00:08.997,37.6500,3
50409019010850,14:00:09.019,37.6500,9
50409019010850,14:00:09.019,37.6500,5
50409019254720,14:00:09.019,37.6500,15
50409416145777,14:00:09.416,37.6500,20
50409416145777,14:00:09.416,37.6600,20
50409416900884,14:00:09.416,37.6500,100
50409615938859,14:00:09.615,37.6500,40
50409615938859,14:00:09.615,37.6600,43
50413434653556,14:00:13.434,37.6500,100
50413434726705,14:00:13.434,37.6500,100
50413633060189,14:00:13.633,37.6500,100
50417997791074,14:00:17.997,37.6100,100
50423159702923,14:00:23.159,37.6100,48
50423159712103,14:00:23.159,37.6100,50
50423159731149,14:00:23.159,37.6100,2
50423160898042,14:00:23.160,37.6100,100
50423462511608,14:00:23.462,37.6000,100
50438658563996,14:00:38.658,37.6200,100
50439574868771,14:00:39.574,37.6200,100
50439574868771,14:00:39.574,37.6200,100
50466718228937,14:01:06.718,37.6000,100
50487581266421,14:01:27.581,37.6000,100
50502294564117,14:01:42.294,37.5700,100
50536090650062,14:02:16.090,37.6000,100
50536090650062,14:02:16.090,37.6500,100
50541630216465,14:02:21.630,37.5700,1
50599686853888,14:03:19.686,37.6600,3
50602045450763,14:03:22.045,37.6000,100
50602045547204,14:03:22.045,37.6300,30
50602046572506,14:03:22.046,37.6500,100
50603341394891,14:03:23.341,37.6600,100
50603341394891,14:03:23.341,37.6600,100
50605294311406,14:03:25.294,37.6900,79
50610175025440,14:03:30.175,37.6900,21
50644184339784,14:04:04.184,37.7000,20
50646998620807,14:04:06.998,37.7100,20
50646998620807,14:04:06.998,37.7100,80
50681305025521,14:04:41.305,37.7200,10
50682544249636,14:04:42.544,37.7300,20
50683764136230,14:04:43.764,37.6700,100
50683764167619,14:04:43.764,37.6700,100
50691462224551,14:04:51.462,37.7100,50
50691463037420,14:04:51.463,37.6700,100
50691463037420,14:04:51.463,37.6700,100
50703809034895,14:05:03.809,37.6900,100
50735938633902,14:05:35.938,37.6400,100
50749374273451,14:05:49.374,37.5900,100
50749504712111,14:05:49.504,37.5900,44
50749504790815,14:05:49.504,37.6000,133
50760914601625,14:06:00.914,37.6800,18
50760914601625,14:06:00.914,37.6800,4
50760915159128,14:06:00.915,37.6700,100
50760915159128,14:06:00.915,37.6700,100
50760915159128,14:06:00.915,37.6800,27
50760915159128,14:06:00.915,37.6800,100
50760915159128,14:06:00.915,37.6800,100
50760915159128,14:06:00.915,37.6800,79
50760915191116,14:06:00.915,37.6800,100
50760915191116,14:06:00.915,37.6800,100
50761561276564,14:06:01.561,37.6600,100
50761561276564,14:06:01.561,37.6700,100
50761561276564,14:06:01.561,37.6700,26
50761561303066,14:06:01.561,37.6700,2
50761561303066,14:06:01.561,37.6700,100
50761561851746,14:06:01.561,37.6700,100
50761562694834,14:06:01.562,37.6700,27
50770501897479,14:06:10.501,37.6500,100
50770501914580,14:06:10.501,37.6500,100
50770501925964,14:06:10.501,37.6500,100
50829516321414,14:07:09.516,37.6700,100
50830262811070,14:07:10.262,37.6200,100
50830263034912,14:07:10.263,37.6200,98
50830264075412,14:07:10.264,37.6200,2
50830264119911,14:07:10.264,37.5600,100
50830264119911,14:07:10.264,37.5600,100
50830316568177,14:07:10.316,37.5500,100
50830316568177,14:07:10.316,37.5500,100
50830341904581,14:07:10.341,37.5400,100
50830342293541,14:07:10.342,37.6000,30
50892203445478,14:08:12.203,37.5900,1
50898706014118,14:08:18.706,37.6600,100
50898706014118,14:08:18.706,37.6700,51
50901752788327,14:08:21.752,37.6400,2
50920120740694,14:08:40.120,37.6000,50
50979998544909,14:09:39.998,37.5600,100
50979998631862,14:09:39.998,37.5600,100
50995972558934,14:09:55.972,37.5500,100
51000269955489,14:10:00.269,37.5100,1
51059916971450,14:10:59.916,37.5700,82
51059916995514,14:10:59.916,37.5700,18
51059917009109,14:10:59.917,37.5700,18
51059917015200,14:10:59.917,37.5700,11
51059917283885,14:10:59.917,37.5700,100
51059917415818,14:10:59.917,37.5800,39
51059918125114,14:10:59.918,37.5800,61
51059948197765,14:10:59.948,37.5900,100
51061972993729,14:11:01.972,37.6300,2
51066324019573,14:11:06.324,37.6300,2
51066326923661,14:11:06.326,37.5900,100
51066326986115,14:11:06.326,37.5900,100
51126334245559,14:12:06.334,37.6100,33
51185676817330,14:13:05.676,37.6300,3
51196782769233,14:13:16.782,37.6300,11
51196783044337,14:13:16.783,37.6300,100
51196783651533,14:13:16.783,37.6300,84
51196783651533,14:13:16.783,37.6400,16
51196783659800,14:13:16.783,37.6400,84
51212867102124,14:13:32.867,37.6200,100
51212867153486,14:13:32.867,37.6200,100
51215185364431,14:13:35.185,37.6100,89
51230993159127,14:13:50.993,37.6100,11
51230993159127,14:13:50.993,37.6100,100
51267831672819,14:14:27.831,37.5900,100
51267831735372,14:14:27.831,37.5900,100
51267831753912,14:14:27.831,37.5900,100
51300789128318,14:15:00.789,37.5700,66
51300789150622,14:15:00.789,37.5700,34
51301099456469,14:15:01.099,37.5700,29
51305516375351,14:15:05.516,37.5800,34
51305517165330,14:15:05.517,37.5800,6
51312513816198,14:15:12.513,37.5700,100
51339407793034,14:15:39.407,37.5600,100
51420314156115,14:17:00.314,37.5300,100
51420325924646,14:17:00.325,37.5300,100
51427473969524,14:17:07.473,37.5200,100
51427473969524,14:17:07.473,37.5200,100
51427473969524,14:17:07.473,37.5200,100
51427567442471,14:17:07.567,37.5000,100
51427567509020,14:17:07.567,37.5000,100
51427568884142,14:17:07.568,37.4900,100
51428995675878,14:17:08.995,37.4900,100
51446618297456,14:17:26.618,37.4700,50
51464826409134,14:17:44.826,37.5000,100
51482592798266,14:18:02.592,37.5000,100
51482593402664,14:18:02.593,37.5100,100
51482595686803,14:18:02.595,37.5100,100
51482808570058,14:18:02.808,37.5100,25
51485175129331,14:18:05.175,37.5200,39
51487337088269,14:18:07.337,37.5300,70
51489437084833,14:18:09.437,37.5600,3
51549415513181,14:19:09.415,37.5700,100
51654278162993,14:20:54.278,37.5950,1
51654278162993,14:20:54.278,37.6200,49
51654278174799,14:20:54.278,37.6200,50
51654278203004,14:20:54.278,37.6200,1
51654282585952,14:20:54.282,37.6200,45
51654364908125,14:20:54.364,37.6000,25
51654364908125,14:20:54.364,37.6100,75
51654724435467,14:20:54.724,37.6400,100
51795144820763,14:23:15.144,37.7200,2
51952568824613,14:25:52.568,37.7100,100
51952568824613,14:25:52.568,37.7100,100
51952568824613,14:25:52.568,37.7100,100
51952568824613,14:25:52.568,37.7100,100
51952568861235,14:25:52.568,37.7100,100
51997504214427,14:26:37.504,37.7000,36
51997504325366,14:26:37.504,37.7000,4
51998083152094,14:26:38.083,37.7000,45
51998083180583,14:26:38.083,37.7000,15
52009083205423,14:26:49.083,37.6900,10
52048314008959,14:27:28.314,37.6900,50
52080026350729,14:28:00.026,37.7000,1
52086752801466,14:28:06.752,37.7200,3
52095327335842,14:28:15.327,37.6900,40
52095327335842,14:28:15.327,37.6900,100
52143895037905,14:29:03.895,37.7000,100
52143895843848,14:29:03.895,37.7000,100
52203265270072,14:30:03.265,37.7000,100
52204777890495,14:30:04.777,37.6900,100
52204779402522,14:30:04.779,37.6900,100
52204779402522,14:30:04.779,37.6900,100
52232197655654,14:30:32.197,37.7000,100
52232198290059,14:30:32.198,37.7000,100
52261675140959,14:31:01.675,37.7100,100
52269964159988,14:31:09.964,37.7100,100
52396835814405,14:33:16.835,37.7200,100
52564425658418,14:36:04.425,37.7300,90
52564425685096,14:36:04.425,37.7300,10
52564425685096,14:36:04.425,37.7300,8
52564425685096,14:36:04.425,37.7300,100
52564425685096,14:36:04.425,37.7300,100
52564425686225,14:36:04.425,37.7300,100
52564426081497,14:36:04.426,37.7300,29
52564446906596,14:36:04.446,37.7100,100
52564446906596,14:36:04.446,37.7100,100
52564460236678,14:36:04.460,37.7000,100
52564461201939,14:36:04.461,37.6900,100
52566574047112,14:36:06.574,37.6700,100
52577112350988,14:36:17.112,37.6700,86
52577112404514,14:36:17.112,37.6700,14
52646795219128,14:37:26.795,37.6900,20
52686998464617,14:38:06.998,37.6800,100
52722508625560,14:38:42.508,37.7200,100
52733306837930,14:38:53.306,37.7400,100
52768714772154,14:39:28.714,37.7200,100
52768715181904,14:39:28.715,37.7100,100
52769524756464,14:39:29.524,37.6900,100
52770504000133,14:39:30.504,37.6800,1
52770539300096,14:39:30.539,37.6800,1
52779047711679,14:39:39.047,37.7000,100
52808741804541,14:40:08.741,37.7000,100
52864193201724,14:41:04.193,37.7200,100
52915184706673,14:41:55.184,37.7300,100
52940587142827,14:42:20.587,37.7700,100
52941548251549,14:42:21.548,37.7800,100
52974671041801,14:42:54.671,37.8000,3
52974671066704,14:42:54.671,37.8000,780
52974671324559,14:42:54.671,37.8000,115
52974671420779,14:42:54.671,37.8000,100
52995069415287,14:43:15.069,37.7900,50
52995069423060,14:43:15.069,37.7900,50
52995069740875,14:43:15.069,37.7900,100
52995069747037,14:43:15.069,37.7900,61
52996048477097,14:43:16.048,37.7800,100
53032023586579,14:43:52.023,37.8400,90
53032023601582,14:43:52.023,37.8400,10
53032023956452,14:43:52.023,37.8500,100
53147538643518,14:45:47.538,37.8300,100
53147538643518,14:45:47.538,37.8300,100
53147539666015,14:45:47.539,37.8200,100
53147541367252,14:45:47.541,37.8100,100
53159890235986,14:45:59.890,37.8500,100
53188341706317,14:46:28.341,37.8600,4
53188341720592,14:46:28.341,37.8600,2
53188341720592,14:46:28.341,37.8600,100
53216476944439,14:46:56.476,37.9400,2
53216480691535,14:46:56.480,37.9400,34
53231971267948,14:47:11.971,37.9400,64
53240395474785,14:47:20.395,37.9600,1
53245832795284,14:47:25.832,37.9400,16
53281633485435,14:48:01.633,37.9600,99
53294955705095,14:48:14.955,37.9700,3
53294955705095,14:48:14.955,37.9700,100
53294955705095,14:48:14.955,37.9700,97
53294955736317,14:48:14.955,37.9700,3
53363933032111,14:49:23.933,37.9800,100
53363933061489,14:49:23.933,37.9800,10
53363934159467,14:49:23.934,37.9800,10
53423103640225,14:50:23.103,38.0200,50
53423103671911,14:50:23.103,38.0200,50
53423103671911,14:50:23.103,38.0200,100
53423104474758,14:50:23.104,38.0200,100
53461909200091,14:51:01.909,38.0000,19
53466031921719,14:51:06.031,38.0000,50
53479255348683,14:51:19.255,38.0200,100
53495022750611,14:51:35.022,38.0100,100
53497995220157,14:51:37.995,38.0100,100
53509325130505,14:51:49.325,38.0300,100
53509325560516,14:51:49.325,38.0300,100
53542007077357,14:52:22.007,38.0600,4
53542007720059,14:52:22.007,38.0600,51
53542015042772,14:52:22.015,38.0600,45
53555681841152,14:52:35.681,38.0800,68
53555681874468,14:52:35.681,38.0800,32
53555682280243,14:52:35.682,38.0800,100
53603982882673,14:53:23.982,38.1200,2
53673312209993,14:54:33.312,38.1300,73
53675213068348,14:54:35.213,38.1300,27
53679736462851,14:54:39.736,38.1500,100
53705812920466,14:55:05.812,38.1600,2
53745772656464,14:55:45.772,38.1500,100
53745772656464,14:55:45.772,38.1500,100
53745772656464,14:55:45.772,38.1500,100
53745772656464,14:55:45.772,38.1500,100
53745772794832,14:55:45.772,38.1500,100
53745772794832,14:55:45.772,38.1500,100
53745773121160,14:55:45.773,38.1500,100
53745773186613,14:55:45.773,38.1500,29
53745778933093,14:55:45.778,38.1500,71
53745809689881,14:55:45.809,38.1300,100
53745824089573,14:55:45.824,38.1200,100
53750623790663,14:55:50.623,38.1000,100
53751034658915,14:55:51.034,38.0800,1
53751034658915,14:55:51.034,38.0800,9
53774371834953,14:56:14.371,38.0850,100
53774371834953,14:56:14.371,38.0700,2
53774371861254,14:56:14.371,38.0700,100
53774372257359,14:56:14.372,38.0700,29
53774372281755,14:56:14.372,38.0700,29
53774372281755,14:56:14.372,38.0700,45
53775039010643,14:56:15.039,38.0600,2
53785437118983,14:56:25.437,38.0700,100
53786958870371,14:56:26.958,38.0800,100
53793617059384,14:56:33.617,38.1100,100
53793618357802,14:56:33.618,38.1300,200
53827791344150,14:57:07.791,38.1200,25
53827791370902,14:57:07.791,38.1200,75
53827810309123,14:57:07.810,38.1000,99
53827810335161,14:57:07.810,38.1000,1
53827810335161,14:57:07.810,38.1000,100
53851662662656,14:57:31.662,38.1100,15
53851662665862,14:57:31.662,38.1100,43
53917593431601,14:58:37.593,38.1100,10
53917910191360,14:58:37.910,38.1000,100
53917929153974,14:58:37.929,38.0800,100
54051425742271,15:00:51.425,38.0900,100
54077874039916,15:01:17.874,38.0800,100
54077874039916,15:01:17.874,38.0800,100
54079076999384,15:01:19.076,38.0600,2
54128007158733,15:02:08.007,38.0600,1
54176540331890,15:02:56.540,38.0500,2
54176540331890,15:02:56.540,38.0500,48
54176540361996,15:02:56.540,38.0500,52
54176541304090,15:02:56.541,38.0500,100
54187036805222,15:03:07.036,38.0700,100
54196235445346,15:03:16.235,38.0500,61
54196235469892,15:03:16.235,38.0500,39
54199668024331,15:03:19.668,38.0500,37
54199668052916,15:03:19.668,38.0500,63
54200929693220,15:03:20.929,38.0400,100
54210750906665,15:03:30.750,38.0300,2
54210750906665,15:03:30.750,38.0300,2
54210750906665,15:03:30.750,38.0300,1
54210750906665,15:03:30.750,38.0300,100
54236839494232,15:03:56.839,38.0200,1
54236839494232,15:03:56.839,38.0200,1
54246034081802,15:04:06.034,38.0000,2
54246034172064,15:04:06.034,37.9900,2
54263722550059,15:04:23.722,37.9600,2
54263722550059,15:04:23.722,37.9600,15
54263723001676,15:04:23.723,37.9500,2
54263723001676,15:04:23.723,37.9500,100
54263723158150,15:04:23.723,37.9500,100
54265021863432,15:04:25.021,37.9400,2
54265021863432,15:04:25.021,37.9400,98
54265021888596,15:04:25.021,37.9400,2
54311372603143,15:05:11.372,37.9100,2
54311372603143,15:05:11.372,37.9100,100
54312020507929,15:05:12.020,37.9000,2
54312021355636,15:05:12.021,37.8900,2
54326468328296,15:05:26.468,37.8900,50
54326468349530,15:05:26.468,37.8900,50
54326469084621,15:05:26.469,37.8800,1
54326469436169,15:05:26.469,37.8800,25
54349226965931,15:05:49.226,37.8600,100
54360461877262,15:06:00.461,37.8400,100
54360461877262,15:06:00.461,37.8400,100
54360462973093,15:06:00.462,37.8300,5
54365971376327,15:06:05.971,37.8200,5
54365971376327,15:06:05.971,37.8200,51
54365971403064,15:06:05.971,37.8200,49
54367021863330,15:06:07.021,37.8000,10
54367022355733,15:06:07.022,37.7800,2
54381751048898,15:06:21.751,37.8000,18
54381751454266,15:06:21.751,37.7950,100
54381751460289,15:06:21.751,37.8000,100
54381753697279,15:06:21.753,37.8000,100
54381756275380,15:06:21.756,37.7900,100
54381756327002,15:06:21.756,37.7900,17
54381756353227,15:06:21.756,37.7900,3
54383051871274,15:06:23.051,37.7700,1
54388123709289,15:06:28.123,37.7600,5
54388123709289,15:06:28.123,37.7600,100
54400629763701,15:06:40.629,37.7800,6
54400629772152,15:06:40.629,37.7800,6
54400634506373,15:06:40.634,37.7800,74
54400634534248,15:06:40.634,37.7800,10
54400638835018,15:06:40.638,37.7800,42
54400638835018,15:06:40.638,37.7900,8
54401558531114,15:06:41.558,37.8100,1
54425747642883,15:07:05.747,37.8100,31
54438420956421,15:07:18.420,37.8000,100
54438420956421,15:07:18.420,37.8000,100
54438421676260,15:07:18.421,37.7900,100
54438443884937,15:07:18.443,37.7900,100
54438443884937,15:07:18.443,37.7900,100
54480350765877,15:08:00.350,37.8200,100
54483558831665,15:08:03.558,37.8300,100
54487003119064,15:08:07.003,37.8800,70
54488058069023,15:08:08.058,37.9200,2
54514943833563,15:08:34.943,37.8800,100
54514943896850,15:08:34.943,37.8700,20
54514944525566,15:08:34.944,37.8700,80
54545675332028,15:09:05.675,37.8700,100
54545675332028,15:09:05.675,37.8700,20
54545675342602,15:09:05.675,37.8700,74
54545675379806,15:09:05.675,37.8700,6
54545676545605,15:09:05.676,37.8600,5
54545700121901,15:09:05.700,37.8500,1
54545700121901,15:09:05.700,37.8600,99
54591055965922,15:09:51.055,37.8700,6
54591057011250,15:09:51.057,37.8700,100
54605523928552,15:10:05.523,37.8500,100
54605524242973,15:10:05.524,37.8500,100
54656220584441,15:10:56.220,37.8300,27
54656220609183,15:10:56.220,37.8300,73
54656220609183,15:10:56.220,37.8300,100
54656220609183,15:10:56.220,37.8300,2
54656221010764,15:10:56.221,37.8200,1
54656221010764,15:10:56.221,37.8200,4
54666037729576,15:11:06.037,37.8100,10
54666037729576,15:11:06.037,37.8100,100
54672624681761,15:11:12.624,37.8000,2
54672624681761,15:11:12.624,37.8000,100
54672625859935,15:11:12.625,37.7900,100
54672626341585,15:11:12.626,37.7900,100
54752837343010,15:12:32.837,37.8000,50
54752837366865,15:12:32.837,37.8000,50
54752837792387,15:12:32.837,37.8000,50
54752838062747,15:12:32.838,37.8000,50
54763789732864,15:12:43.789,37.8000,100
54785117231861,15:13:05.117,37.7900,100
54785117231861,15:13:05.117,37.7900,100
54785117231861,15:13:05.117,37.7900,20
54924602733232,15:15:24.602,37.8200,11
54929789584041,15:15:29.789,37.8400,100
54934334669849,15:15:34.334,37.8500,100
54934334669849,15:15:34.334,37.8500,100
54934334669849,15:15:34.334,37.8500,100
54935263562681,15:15:35.263,37.8400,100
54943193908100,15:15:43.193,37.8400,100
54953889476013,15:15:53.889,37.8500,50
54953889488059,15:15:53.889,37.8500,50
54953889575309,15:15:53.889,37.8500,100
54998445871323,15:16:38.445,37.8400,100
54999153852746,15:16:39.153,37.8100,100
54999614029845,15:16:39.614,37.7900,100
55003919400581,15:16:43.919,37.8000,100
55058434368471,15:17:38.434,37.8100,100
55058434596778,15:17:38.434,37.8100,100
55097676581092,15:18:17.676,37.8200,100
55144455070255,15:19:04.455,37.8650,1
55144469791756,15:19:04.469,37.8800,20
55144469791756,15:19:04.469,37.8800,100
55160828013549,15:19:20.828,37.9100,100
55161454139809,15:19:21.454,37.9100,100
55206998574215,15:20:06.998,37.9800,100
55206998597861,15:20:06.998,37.9800,100
55218585303940,15:20:18.585,37.9600,100
55218585303940,15:20:18.585,37.9600,100
55218585419702,15:20:18.585,37.9600,100
55276056882976,15:21:16.056,37.9700,100
55295619497818,15:21:35.619,37.9700,11
55295619646227,15:21:35.619,37.9700,50
55295619892113,15:21:35.619,37.9700,39
55295619892113,15:21:35.619,37.9700,100
55295620382664,15:21:35.620,37.9700,29
55295636027031,15:21:35.636,37.9600,100
55295636027031,15:21:35.636,37.9600,29
55295636027031,15:21:35.636,37.9600,100
55300996876379,15:21:40.996,37.9300,1
55310712452563,15:21:50.712,37.9500,100
55310885081606,15:21:50.885,37.9600,100
55332290982169,15:22:12.290,37.9300,100
55332291006979,15:22:12.291,37.9300,100
55374786939785,15:22:54.786,37.9000,100
55374788628705,15:22:54.788,37.8900,100
55374788653305,15:22:54.788,37.8900,100
55374788857213,15:22:54.788,37.8900,100
55413019817855,15:23:33.019,37.8500,100
55413019817855,15:23:33.019,37.8500,200
55413019817855,15:23:33.019,37.8500,100
55436324400139,15:23:56.324,37.8300,18
55436339469027,15:23:56.339,37.8300,82
55436339469027,15:23:56.339,37.8300,100
55441614185771,15:24:01.614,37.8100,100
55441614185771,15:24:01.614,37.8100,100
55536439062000,15:25:36.439,37.8400,10
55536439062000,15:25:36.439,37.8400,27
55539726911255,15:25:39.726,37.8300,30
55539726936233,15:25:39.726,37.8300,70
55539726936233,15:25:39.726,37.8300,182
55539727486266,15:25:39.727,37.8300,32
55539727981908,15:25:39.727,37.8200,21
55540822162314,15:25:40.822,37.8100,100
55540822225220,15:25:40.822,37.8100,11
55541560971771,15:25:41.560,37.8100,11
55542313775850,15:25:42.313,37.8000,56
55542316398967,15:25:42.316,37.8000,44
55543020518503,15:25:43.020,37.8000,30
55543020518503,15:25:43.020,37.8000,24
55558989605154,15:25:58.989,37.8100,100
55561052270998,15:26:01.052,37.8200,100
55561933030405,15:26:01.933,37.8300,100
55561933056515,15:26:01.933,37.8300,100
55567000357786,15:26:07.000,37.8600,6
55613688228758,15:26:53.688,37.8300,100
55613688228758,15:26:53.688,37.8300,67
55613688228758,15:26:53.688,37.8300,33
55613688279871,15:26:53.688,37.8300,67
55613689648953,15:26:53.689,37.8300,100
55644933832355,15:27:24.933,37.7900,100
55644934053027,15:27:24.934,37.7900,29
55644934053027,15:27:24.934,37.7900,100
55673131103253,15:27:53.131,37.8100,100
55673300342708,15:27:53.300,37.8100,100
55678329770795,15:27:58.329,37.8300,100
55697150606741,15:28:17.150,37.8200,10
55739837176390,15:28:59.837,37.8300,42
55753114189064,15:29:13.114,37.8200,100
55753114189064,15:29:13.114,37.8200,100
55753114194940,15:29:13.114,37.8200,100
55756964148982,15:29:16.964,37.7900,100
55762286174385,15:29:22.286,37.7800,100
55763954555848,15:29:23.954,37.7600,100
55764065408062,15:29:24.065,37.7400,100
55764065408062,15:29:24.065,37.7400,100
55764066283472,15:29:24.066,37.7300,100
55764183554869,15:29:24.183,37.7200,100
55769238311260,15:29:29.238,37.7400,100
55769238843397,15:29:29.238,37.7500,100
55804465660196,15:30:04.465,37.7100,1
55837855660239,15:30:37.855,37.7500,100
55839029629777,15:30:39.029,37.7600,24
55839029654523,15:30:39.029,37.7600,76
55857598249744,15:30:57.598,37.7400,56
55857696873321,15:30:57.696,37.7400,44
55857696873321,15:30:57.696,37.7400,100
55872410678902,15:31:12.410,37.7500,2
55872410678902,15:31:12.410,37.7500,48
55872432594380,15:31:12.432,37.7500,52
55888473272390,15:31:28.473,37.7500,56
55917275357653,15:31:57.275,37.7800,6
55927000518474,15:32:07.000,37.8000,65
55948555112487,15:32:28.555,37.7700,100
55948555139375,15:32:28.555,37.7700,46
55948555139375,15:32:28.555,37.7700,100
55948555139375,15:32:28.555,37.7700,100
56011640997976,15:33:31.640,37.7800,50
56011641393797,15:33:31.641,37.7800,50
56011641393797,15:33:31.641,37.7800,50
56070695819641,15:34:30.695,37.7950,1
56072971906739,15:34:32.971,37.8000,100
56072971940554,15:34:32.971,37.7900,100
56072971940554,15:34:32.971,37.7900,4
56072971940554,15:34:32.971,37.7900,100
56072971940554,15:34:32.971,37.7900,100
56072971940554,15:34:32.971,37.7900,100
56077617461508,15:34:37.617,37.7800,100
56077617461508,15:34:37.617,37.7800,100
56077617930314,15:34:37.617,37.7800,100
56077617968358,15:34:37.617,37.7800,100
56092244175054,15:34:52.244,37.7700,51
56125379552193,15:35:25.379,37.7800,100
56132444290905,15:35:32.444,37.7900,100
56207029769727,15:36:47.029,37.8050,100
56266366583815,15:37:46.366,37.8000,1
56287000408874,15:38:07.000,37.8100,50
56287000739837,15:38:07.000,37.8000,100
56287000739837,15:38:07.000,37.8100,50
56287000908479,15:38:07.000,37.8100,100
56383120054251,15:39:43.120,37.8100,133
56383120078745,15:39:43.120,37.8100,44
56468046818821,15:41:08.046,37.8000,100
56468046818821,15:41:08.046,37.8000,100
56468046818821,15:41:08.046,37.8000,100
56468046818821,15:41:08.046,37.8000,100
56468046818821,15:41:08.046,37.8000,55
56468046827134,15:41:08.046,37.8000,2
56468046861482,15:41:08.046,37.8000,43
56468047199611,15:41:08.047,37.8000,40
56468047209496,15:41:08.047,37.8000,40
56468050150243,15:41:08.050,37.8100,100
56468050150243,15:41:08.050,37.8100,100
56468050581724,15:41:08.050,37.8100,100
56469433436182,15:41:09.433,37.8100,70
56469433874912,15:41:09.433,37.8100,30
56478888782235,15:41:18.888,37.8100,100
56480512373479,15:41:20.512,37.8050,200
56481504270644,15:41:21.504,37.8000,56
56481504705057,15:41:21.504,37.8050,144
56481505321846,15:41:21.505,37.8050,300
56483078031610,15:41:23.078,37.8000,44
56483164724075,15:41:23.164,37.8000,56
56483169231496,15:41:23.169,37.8050,100
56484494719468,15:41:24.494,37.8000,100
56485871418446,15:41:25.871,37.8050,100
56500467538672,15:41:40.467,37.7950,100
56516588033678,15:41:56.588,37.8000,100
56527001232374,15:42:07.001,37.8100,7
56544700352210,15:42:24.700,37.8100,12
56544700827656,15:42:24.700,37.8100,88
56544700827656,15:42:24.700,37.8100,51
56544700827656,15:42:24.700,37.8100,12
56572103776889,15:42:52.103,37.8150,100
56580151413945,15:43:00.151,37.8200,100
56580387633764,15:43:00.387,37.8300,100
56602595647094,15:43:22.595,37.8300,13
56652927066159,15:44:12.927,37.8400,50
56652927679420,15:44:12.927,37.8350,100
56652927679420,15:44:12.927,37.8400,50
56652927679420,15:44:12.927,37.8400,100
56652927701311,15:44:12.927,37.8400,50
56652927709026,15:44:12.927,37.8400,50
56652927709026,15:44:12.927,37.8400,50
56700228510906,15:45:00.228,37.8400,100
56700228510906,15:45:00.228,37.8400,100
56700228510906,15:45:00.228,37.8400,100
56700228510906,15:45:00.228,37.8400,2
56700228510906,15:45:00.228,37.8400,100
56700875984309,15:45:00.875,37.8400,100
56701028748947,15:45:01.028,37.8400,2
56702385649828,15:45:02.385,37.8450,100
56702974491436,15:45:02.974,37.8500,100
56709930347767,15:45:09.930,37.8400,98
56740739547559,15:45:40.739,37.8400,1
56740739547559,15:45:40.739,37.8400,99
56745997367837,15:45:45.997,37.8400,52
56755790205914,15:45:55.790,37.8500,40
56793243683993,15:46:33.243,37.8400,51
56793243705033,15:46:33.243,37.8400,49
56793243705033,15:46:33.243,37.8400,100
56793243705033,15:46:33.243,37.8400,200
56793243705033,15:46:33.243,37.8400,100
56793243705033,15:46:33.243,37.8400,100
56793244449143,15:46:33.244,37.8400,100
56793246680787,15:46:33.246,37.8400,100
56793472980353,15:46:33.472,37.8400,49
56793472988494,15:46:33.472,37.8400,48
56793473016436,15:46:33.473,37.8400,3
56793473023574,15:46:33.473,37.8400,50
56793479984620,15:46:33.479,37.8400,100
56794136876405,15:46:34.136,37.8300,100
56794169229254,15:46:34.169,37.8300,100
56794169256070,15:46:34.169,37.8300,100
56794379571953,15:46:34.379,37.8200,100
56794997263448,15:46:34.997,37.8200,100
56794997263448,15:46:34.997,37.8200,100
56805633263139,15:46:45.633,37.8100,100
56830579259594,15:47:10.579,37.8050,100
56842137451195,15:47:22.137,37.8000,100
56842137451195,15:47:22.137,37.8000,100
56842137451195,15:47:22.137,37.8000,200
56842138023110,15:47:22.138,37.8000,100
56842138937906,15:47:22.138,37.8000,100
56864877084172,15:47:44.877,37.8000,100
56916332241339,15:48:36.332,37.7900,1
56916332747643,15:48:36.332,37.7900,3
56916332747643,15:48:36.332,37.7900,97
56916332777620,15:48:36.332,37.7900,3
56916332777620,15:48:36.332,37.7900,100
56916465788099,15:48:36.465,37.7800,100
56953934607973,15:49:13.934,37.7700,4
56954161545415,15:49:14.161,37.7750,100
56954161545415,15:49:14.161,37.7800,43
56954162187343,15:49:14.162,37.7800,57
56954162187343,15:49:14.162,37.7800,79
56954192053557,15:49:14.192,37.7800,21
56954192053557,15:49:14.192,37.7800,79
56954192112314,15:49:14.192,37.7800,21
56954192112314,15:49:14.192,37.7800,25
56954253110561,15:49:14.253,37.7800,2
56954254168050,15:49:14.254,37.7800,98
56970061621980,15:49:30.061,37.7700,96
56970061621980,15:49:30.061,37.7700,100
56970061621980,15:49:30.061,37.7700,100
56970061621980,15:49:30.061,37.7700,100
56970061621980,15:49:30.061,37.7700,4
56970061655954,15:49:30.061,37.7700,96
56970062334655,15:49:30.062,37.7700,100
56975711251681,15:49:35.711,37.7700,100
57000215092363,15:50:00.215,37.7600,100
57000215105619,15:50:00.215,37.7600,100
57000215105619,15:50:00.215,37.7600,100
57001138899778,15:50:01.138,37.7500,100
57001139824295,15:50:01.139,37.7500,100
57030865462070,15:50:30.865,37.7500,100
57064658635214,15:51:04.658,37.7500,100
57064658635214,15:51:04.658,37.7500,100
57064658635214,15:51:04.658,37.7500,100
57064689104558,15:51:04.689,37.7600,93
57064689665135,15:51:04.689,37.7600,7
57065137954328,15:51:05.137,37.7500,200
57065137954328,15:51:05.137,37.7500,150
57065137954328,15:51:05.137,37.7500,100
57065137954328,15:51:05.137,37.7500,100
57065139345474,15:51:05.139,37.7500,100
57072676376573,15:51:12.676,37.7400,100
57072676376573,15:51:12.676,37.7400,100
57075995562271,15:51:15.995,37.7400,8
57075998533413,15:51:15.998,37.7400,92
57082016119308,15:51:22.016,37.7400,6
57082016123227,15:51:22.016,37.7400,44
57100671251494,15:51:40.671,37.7300,30
57113001550817,15:51:53.001,37.7300,2
57137519815590,15:52:17.519,37.7300,42
57138364255461,15:52:18.364,37.7300,26
57138364255461,15:52:18.364,37.7300,4
57138364255461,15:52:18.364,37.7300,28
57141049272207,15:52:21.049,37.7300,72
57141049272207,15:52:21.049,37.7300,28
57141049723794,15:52:21.049,37.7300,50
57141049725321,15:52:21.049,37.7300,22
57141049725321,15:52:21.049,37.7300,83
57141049769288,15:52:21.049,37.7300,17
57146019068636,15:52:26.019,37.7100,100
57146019071615,15:52:26.019,37.7100,100
57147138375311,15:52:27.138,37.6900,100
57159172071742,15:52:39.172,37.6800,100
57159173268224,15:52:39.173,37.6800,100
57174021095075,15:52:54.021,37.6400,100
57190523673229,15:53:10.523,37.6450,100
57190524031712,15:53:10.524,37.6500,24
57190524071148,15:53:10.524,37.6500,50
57190524098981,15:53:10.524,37.6500,26
57190583649136,15:53:10.583,37.6600,100
57218019907166,15:53:38.019,37.6400,100
57218019907166,15:53:38.019,37.6400,100
57234606627418,15:53:54.606,37.6300,12
57270712454573,15:54:30.712,37.6200,1
57270737334360,15:54:30.737,37.6150,100
57270897398868,15:54:30.897,37.6200,100
57271140291269,15:54:31.140,37.6200,100
57273404467454,15:54:33.404,37.6100,100
57273404505408,15:54:33.404,37.6100,50
57273949302894,15:54:33.949,37.6100,50
57286140362807,15:54:46.140,37.6000,29
57286140362807,15:54:46.140,37.6000,71
57297358318915,15:54:57.358,37.6050,100
57298017532551,15:54:58.017,37.6000,2
57298140641899,15:54:58.140,37.6000,27
57298140641899,15:54:58.140,37.6000,73
57300108032037,15:55:00.108,37.6100,50
57300108153961,15:55:00.108,37.6100,50
57300108500985,15:55:00.108,37.6100,100
57300621131036,15:55:00.621,37.6100,100
57301041365423,15:55:01.041,37.6200,100
57302020972767,15:55:02.020,37.6200,100
57303219834742,15:55:03.219,37.6300,100
57303219834742,15:55:03.219,37.6300,154
57303219862303,15:55:03.219,37.6300,46
57303574577651,15:55:03.574,37.6400,100
57303574577651,15:55:03.574,37.6400,100
57303574577651,15:55:03.574,37.6400,100
57308893724574,15:55:08.893,37.6400,100
57308893965995,15:55:08.893,37.6400,100
57314432436908,15:55:14.432,37.6500,51
57314436701903,15:55:14.436,37.6500,49
57326010583635,15:55:26.010,37.6500,3
57326193790846,15:55:26.193,37.6500,97
57326195326164,15:55:26.195,37.6500,100
57345008045624,15:55:45.008,37.6600,92
57345008182806,15:55:45.008,37.6600,8
57345010867667,15:55:45.010,37.6600,100
57345800308636,15:55:45.800,37.6800,100
57347987538853,15:55:47.987,37.6800,98
57347987893331,15:55:47.987,37.6800,1
57347988108449,15:55:47.988,37.6800,1
57347991818785,15:55:47.991,37.6800,100
57348019534709,15:55:48.019,37.6700,50
57348019655340,15:55:48.019,37.6700,50
57368253273619,15:56:08.253,37.6750,100
57368254100624,15:56:08.254,37.6800,50
57368254666112,15:56:08.254,37.6800,50
57370085465636,15:56:10.085,37.6800,100
57370085465636,15:56:10.085,37.6800,100
57370085465636,15:56:10.085,37.6800,100
57379072894231,15:56:19.072,37.6700,100
57387586575926,15:56:27.586,37.6550,100
57390979403738,15:56:30.979,37.6550,100
57390979403738,15:56:30.979,37.6600,100
57390979403738,15:56:30.979,37.6600,17
57390979679813,15:56:30.979,37.6600,83
57399745985528,15:56:39.745,37.6650,45
57422678905742,15:57:02.678,37.6850,100
57424988251375,15:57:04.988,37.6900,6
57424988251375,15:57:04.988,37.6900,94
57424988295792,15:57:04.988,37.6900,6
57424988295792,15:57:04.988,37.6900,94
57424989990388,15:57:04.989,37.6900,6
57425800559022,15:57:05.800,37.6900,100
57429388747526,15:57:09.388,37.7000,16
57429388769849,15:57:09.388,37.7000,6
57432090990876,15:57:12.090,37.6900,200
57434926227279,15:57:14.926,37.6900,100
57440407245402,15:57:20.407,37.6900,6
57444783813551,15:57:24.783,37.6850,100
57446985747316,15:57:26.985,37.6850,100
57450361826763,15:57:30.361,37.6900,100
57450362426667,15:57:30.362,37.6900,100
57450365449824,15:57:30.365,37.6900,100
57450614848548,15:57:30.614,37.6900,100
57463468740129,15:57:43.468,37.7000,100
57463471731972,15:57:43.471,37.7000,100
57466864993040,15:57:46.864,37.7000,100
57470425470280,15:57:50.425,37.6950,100
57474540222363,15:57:54.540,37.6900,100
57474540653059,15:57:54.540,37.6900,100
57475242349390,15:57:55.242,37.6900,2
57475244058142,15:57:55.244,37.6900,100
57483517163492,15:58:03.517,37.7000,100
57485141837167,15:58:05.141,37.7050,100
57497589273271,15:58:17.589,37.7100,100
57497589273271,15:58:17.589,37.7100,8
57502708321854,15:58:22.708,37.7050,100
57507740622883,15:58:27.740,37.7100,82
57508601278736,15:58:28.601,37.7100,10
57508601278736,15:58:28.601,37.7100,90
57508601823881,15:58:28.601,37.7100,10
57522321264587,15:58:42.321,37.7200,100
57524911064515,15:58:44.911,37.7200,44
57526119938848,15:58:46.119,37.7200,18
57526634980531,15:58:46.634,37.7200,38
57526634980531,15:58:46.634,37.7200,32
57527997906879,15:58:47.997,37.7200,9
57528004167213,15:58:48.004,37.7200,59
57528004167213,15:58:48.004,37.7200,100
57542512903627,15:59:02.512,37.7200,71
57542515545254,15:59:02.515,37.7200,29
57542515545254,15:59:02.515,37.7200,100
57543154888814,15:59:03.154,37.7300,2
57543154888814,15:59:03.154,37.7300,48
57543763737073,15:59:03.763,37.7300,52
57543763737073,15:59:03.763,37.7400,48
57546565457112,15:59:06.565,37.7300,50
57546565465925,15:59:06.565,37.7300,50
57550070458426,15:59:10.070,37.7300,100
57561363349185,15:59:21.363,37.7600,100
57575012634974,15:59:35.012,37.7500,100
57580544938077,15:59:40.544,37.7500,100
57581537485294,15:59:41.537,37.7400,84
57581537514007,15:59:41.537,37.7400,16
57597716111561,15:59:57.716,37.7500,100
57600209371714,16:00:00.209,0.0000,0
