timestamp,time,price,volume
34200416115195,09:30:00.416,0.0000,0
35423545040828,09:50:23.545,27.2700,100
36313143936801,10:05:13.143,27.2100,200
36313143984806,10:05:13.143,27.2100,83
36400920742087,10:06:40.920,27.2100,47
36708693748903,10:11:48.693,27.2100,100
36773942886064,10:12:53.942,27.2200,100
36773954031420,10:12:53.954,27.2300,100
36778613951490,10:12:58.613,27.2300,100
36923817803218,10:15:23.817,27.2300,100
37087316578258,10:18:07.316,27.2100,100
37087316578258,10:18:07.316,27.2100,100
37139450943189,10:18:59.450,27.1700,100
37247710730038,10:20:47.710,27.1900,46
37247710750508,10:20:47.710,27.1900,54
37247710750508,10:20:47.710,27.1900,13
37247710834135,10:20:47.710,27.1900,44
37247710869920,10:20:47.710,27.1900,22
37247710919087,10:20:47.710,27.1900,21
37353653718126,10:22:33.653,27.1900,200
37353653718126,10:22:33.653,27.1900,100
37364702247151,10:22:44.702,27.2100,56
37444916717384,10:24:04.916,27.2100,144
37577246418016,10:26:17.246,27.2100,100
37706484287339,10:28:26.484,27.1900,100
37706484287339,10:28:26.484,27.1900,200
37839826263957,10:30:39.826,27.2300,100
37839826704106,10:30:39.826,27.2300,100
37912034283410,10:31:52.034,27.2200,200
37915727267670,10:31:55.727,27.2200,29
38037739880367,10:33:57.739,27.2300,100
38044758043364,10:34:04.758,27.2400,59
38044758059291,10:34:04.758,27.2400,41
38044758059291,10:34:04.758,27.2400,59
38044758061294,10:34:04.758,27.2400,100
38044758088833,10:34:04.758,27.2400,2
38044758094653,10:34:04.758,27.2400,37
38044758116507,10:34:04.758,27.2400,2
38082219986533,10:34:42.219,27.2500,100
38102267908784,10:35:02.267,27.2400,1
38277482303083,10:37:57.482,27.2300,1
38348206725898,10:39:08.206,27.2400,100
38348206725898,10:39:08.206,27.2400,100
38645502694862,10:44:05.502,27.2600,1
38658944610288,10:44:18.944,27.2600,199
38771765909889,10:46:11.765,27.2700,100
38771766104139,10:46:11.766,27.2700,1
38775267891863,10:46:15.267,27.2700,100
38899880371758,10:48:19.880,27.2500,1
38899980684293,10:48:19.980,27.2500,1
38946547244329,10:49:06.547,27.2400,1
39046224304735,10:50:46.224,27.2300,1
39046224455313,10:50:46.224,27.2200,1
39193313026498,10:53:13.313,27.2100,1
39248050885473,10:54:08.050,27.2100,30
39248050885473,10:54:08.050,27.2100,1
39312221336415,10:55:12.221,27.2100,48
39312221344953,10:55:12.221,27.2100,5
39312221347955,10:55:12.221,27.2100,31
39312221361779,10:55:12.221,27.2100,16
39312221361779,10:55:12.221,27.2100,48
39312221370082,10:55:12.221,27.2100,52
39312221370082,10:55:12.221,27.2100,100
39439017406778,10:57:19.017,27.2200,100
39439017406778,10:57:19.017,27.2200,1
39448690952794,10:57:28.690,27.2200,30
39530770443083,10:58:50.770,27.2100,100
39530770443083,10:58:50.770,27.2100,1
39530770966658,10:58:50.770,27.2100,52
39530770966658,10:58:50.770,27.2100,100
39531580273605,10:58:51.580,27.2100,1
39582035025616,10:59:42.035,27.2000,1
39582971422987,10:59:42.971,27.1900,100
39601235043404,11:00:01.235,27.2100,99
39601235043404,11:00:01.235,27.2100,26
39601235070861,11:00:01.235,27.2100,61
39601235179563,11:00:01.235,27.2100,13
39601235179563,11:00:01.235,27.2100,47
39601235185119,11:00:01.235,27.2100,53
39601235185119,11:00:01.235,27.2100,43
39601235291746,11:00:01.235,27.2100,57
39663480573512,11:01:03.480,27.2300,59
39663483646599,11:01:03.483,27.2300,8
39663539080201,11:01:03.539,27.2300,33
39707826565707,11:01:47.826,27.2300,100
39785788619743,11:03:05.788,27.2300,2
39814471447418,11:03:34.471,27.2300,58
39814471447418,11:03:34.471,27.2300,1
39866511207643,11:04:26.511,27.2200,100
39876845365102,11:04:36.845,27.2200,98
39916682746862,11:05:16.682,27.2200,2
39916682746862,11:05:16.682,27.2200,100
39916682746862,11:05:16.682,27.2200,98
40095666001345,11:08:15.666,27.2400,100
40239037032849,11:10:39.037,27.2400,1
40239037032849,11:10:39.037,27.2400,99
40288460529648,11:11:28.460,27.2400,80
40288460531638,11:11:28.460,27.2400,61
40288460546833,11:11:28.460,27.2400,301
40288460552759,11:11:28.460,27.2400,100
40288460559020,11:11:28.460,27.2400,62
40288460567510,11:11:28.460,27.2400,203
40288460568167,11:11:28.460,27.2400,179
40288460574831,11:11:28.460,27.2400,60
40288460577222,11:11:28.460,27.2400,341
40288460577758,11:11:28.460,27.2400,61
40288460610057,11:11:28.460,27.2400,52
40288460610057,11:11:28.460,27.2400,1
40288460624018,11:11:28.460,27.2400,28
40295807971963,11:11:35.807,27.2400,1
40481462601782,11:14:41.462,27.2300,55
40481462652868,11:14:41.462,27.2300,45
40481462652868,11:14:41.462,27.2300,55
40481462664418,11:14:41.462,27.2300,45
40481462664418,11:14:41.462,27.2300,94
40481462668441,11:14:41.462,27.2300,5
40481568650126,11:14:41.568,27.2600,39
40482989884222,11:14:42.989,27.2600,61
40692530662764,11:18:12.530,27.2400,30
40810490110207,11:20:10.490,27.2400,100
41023572043105,11:23:43.572,27.2400,2
41023572044094,11:23:43.572,27.2400,2
41023572061712,11:23:43.572,27.2400,5
41023572100472,11:23:43.572,27.2400,37
41023572149253,11:23:43.572,27.2300,1
41103884989376,11:25:03.884,27.2200,1
41103885285912,11:25:03.885,27.2150,100
41103886214396,11:25:03.886,27.2200,100
41103887011043,11:25:03.887,27.2200,100
41215197329661,11:26:55.197,27.2100,1
41215197329661,11:26:55.197,27.2100,100
41215198286531,11:26:55.198,27.2050,100
41239270952348,11:27:19.270,27.2050,100
41239271319178,11:27:19.271,27.2100,100
41258343431421,11:27:38.343,27.2200,30
41258354734437,11:27:38.354,27.2100,100
41258355613571,11:27:38.355,27.2100,38
41258356530777,11:27:38.356,27.2100,100
41263388539532,11:27:43.388,27.2150,100
41269228169567,11:27:49.228,27.2150,100
41272397711181,11:27:52.397,27.2200,24
41280741730824,11:28:00.741,27.2200,76
41310269066467,11:28:30.269,27.2250,100
41325012954136,11:28:45.012,27.2400,1
41709772606121,11:35:09.772,27.2750,100
41709772799699,11:35:09.772,27.2900,100
42318735531929,11:45:18.735,27.2700,1
42586593371947,11:49:46.593,27.2600,1
42688066007328,11:51:28.066,27.2500,1
42688066007328,11:51:28.066,27.2500,41
42688066035999,11:51:28.066,27.2500,59
42835388687879,11:53:55.388,27.2600,57
42835388702464,11:53:55.388,27.2600,43
43010962730393,11:56:50.962,27.2600,40
43010971234677,11:56:50.971,27.2600,2
43077616760049,11:57:57.616,27.2500,1
43101465388173,11:58:21.465,27.2600,100
43101465388173,11:58:21.465,27.2600,100
43119823678751,11:58:39.823,27.2600,1
43158635623477,11:59:18.635,27.2500,1
43197923952072,11:59:57.923,27.2500,87
43197923968218,11:59:57.923,27.2500,13
43252118668814,12:00:52.118,27.3100,100
43346960807496,12:02:26.960,27.3200,100
43351405025645,12:02:31.405,27.3300,200
43564766297521,12:06:04.766,27.3600,89
43564790235865,12:06:04.790,27.3600,2
43574149930496,12:06:14.149,27.3600,9
43614007924985,12:06:54.007,27.3400,100
43614008175765,12:06:54.008,27.3400,100
43614008175765,12:06:54.008,27.3400,61
43614008191499,12:06:54.008,27.3400,39
43774933019130,12:09:34.933,27.3900,100
43774933019130,12:09:34.933,27.3900,22
43778598929501,12:09:38.598,27.3600,23
43778598932196,12:09:38.598,27.3600,54
43778598962284,12:09:38.598,27.3600,23
43828999625447,12:10:28.999,27.3800,6
43838393938325,12:10:38.393,27.3800,94
43838393938325,12:10:38.393,27.3900,12
43872057428882,12:11:12.057,27.3900,100
43872057428882,12:11:12.057,27.3900,5
43890559251959,12:11:30.559,27.3900,5
44017080107018,12:13:37.080,27.3900,84
44099168438688,12:14:59.168,27.3900,16
44100952500038,12:15:00.952,27.4000,100
44431595817065,12:20:31.595,27.3700,1
44461679853817,12:21:01.679,27.3800,100
44883852027933,12:28:03.852,27.3200,22
45450580476531,12:37:30.580,27.3300,1
45481847775776,12:38:01.847,27.3300,99
45503847300722,12:38:23.847,27.3400,100
45511867443924,12:38:31.867,27.3500,2
45511868459018,12:38:31.868,27.3400,2
45511869576464,12:38:31.869,27.3400,84
45633542649556,12:40:33.542,27.3300,1
45892541725082,12:44:52.541,27.3900,43
45898524240372,12:44:58.524,27.3600,2
45898528216394,12:44:58.528,27.3600,100
46022454285069,12:47:02.454,27.3700,86
46022454310487,12:47:02.454,27.3700,14
46029615016410,12:47:09.615,27.3700,100
46029615134527,12:47:09.615,27.3700,100
46029615134527,12:47:09.615,27.3700,2
46053112911345,12:47:33.112,27.3800,86
46053241392027,12:47:33.241,27.3800,14
46132384326229,12:48:52.384,27.3900,41
46140422401020,12:49:00.422,27.3900,16
46140422401020,12:49:00.422,27.3900,26
46144757494812,12:49:04.757,27.3900,63
46160617044066,12:49:20.617,27.3900,4
46183092433759,12:49:43.092,27.3900,63
46192200940856,12:49:52.200,27.3900,41
46263667702464,12:51:03.667,27.3700,1
46526294084693,12:55:26.294,27.3600,1
47236483077918,13:07:16.483,27.3800,100
47515496183448,13:11:55.496,27.3900,2
47540421606199,13:12:20.421,27.3900,36
47540421606779,13:12:20.421,27.3900,62
47540439774237,13:12:20.439,27.4000,100
47540439774237,13:12:20.439,27.4000,100
47540439774237,13:12:20.439,27.4000,100
47540440913256,13:12:20.440,27.4000,100
47573837406603,13:12:53.837,27.4000,10
48360322134993,13:26:00.322,27.3600,1
48644160705817,13:30:44.160,27.3600,43
48644160722544,13:30:44.160,27.3600,41
48644160726383,13:30:44.160,27.3600,16
49416241775247,13:43:36.241,27.3500,30
49739447632216,13:48:59.447,27.3200,1
50022620115066,13:53:42.620,27.3300,3
50047359136302,13:54:07.359,27.3300,97
50047359136302,13:54:07.359,27.3300,103
50047359173447,13:54:07.359,27.3300,97
50155062054862,13:55:55.062,27.3300,1
50383232618940,13:59:43.232,27.3100,2
50407276037758,14:00:07.276,27.3300,37
50407276039284,14:00:07.276,27.3300,12
50407276046003,14:00:07.276,27.3300,41
50407276249616,14:00:07.276,27.3300,10
50408995417528,14:00:08.995,27.3500,1
50428013466480,14:00:28.013,27.3400,100
50442791239463,14:00:42.791,27.3500,100
50442791247372,14:00:42.791,27.3500,22
50442791249805,14:00:42.791,27.3500,18
50442791269100,14:00:42.791,27.3500,60
50536288253313,14:02:16.288,27.4100,56
50537829174428,14:02:17.829,27.4000,41
50537829427016,14:02:17.829,27.4000,147
50537836005653,14:02:17.836,27.4000,12
50636710534566,14:03:56.710,27.4200,43
50636710547511,14:03:56.710,27.4200,42
50652696045330,14:04:12.696,27.4300,100
50704184539535,14:05:04.184,27.4600,100
50717175058270,14:05:17.175,27.4600,2
50717548215246,14:05:17.548,27.4600,2
50735364263078,14:05:35.364,27.4500,11
50735364331828,14:05:35.364,27.4500,81
50735364341502,14:05:35.364,27.4500,8
50739418339904,14:05:39.418,27.4400,100
50739420195692,14:05:39.420,27.4400,100
51064353628195,14:11:04.353,27.5200,30
51064353643071,14:11:04.353,27.5200,70
51133288974941,14:12:13.288,27.5500,41
51133288981074,14:12:13.288,27.5500,40
51133288984684,14:12:13.288,27.5500,19
51243016911789,14:14:03.016,27.5600,100
51371509422552,14:16:11.509,27.5800,100
51515774934830,14:18:35.774,27.6400,100
51515842195513,14:18:35.842,27.6400,100
51515842195513,14:18:35.842,27.6400,100
51516241888826,14:18:36.241,27.6400,29
51516241888826,14:18:36.241,27.6400,10
51516241888826,14:18:36.241,27.6400,29
51516241888826,14:18:36.241,27.6400,100
51521545922509,14:18:41.545,27.6600,100
51521550630697,14:18:41.550,27.6500,40
51521550647873,14:18:41.550,27.6600,41
51521550649959,14:18:41.550,27.6600,44
51521550655653,14:18:41.550,27.6600,15
51521576964645,14:18:41.576,27.6600,100
51522696142877,14:18:42.696,27.6800,136
51593500198377,14:19:53.500,27.6600,100
51599044102715,14:19:59.044,27.6400,100
51803609430803,14:23:23.609,27.6500,100
51804863759081,14:23:24.863,27.6600,41
51804863765570,14:23:24.863,27.6600,59
51822894036991,14:23:42.894,27.6400,100
51825071904077,14:23:45.071,27.6500,100
51913626004523,14:25:13.626,27.6600,14
51923091435526,14:25:23.091,27.6600,41
51923091441928,14:25:23.091,27.6600,17
51923091459330,14:25:23.091,27.6600,28
51923091459330,14:25:23.091,27.6600,9
51944268911023,14:25:44.268,27.6700,100
52043081269696,14:27:23.081,27.6600,122
52043081289432,14:27:23.081,27.6600,78
52232357639409,14:30:32.357,27.6400,9
52344255728586,14:32:24.255,27.6400,100
52431444360868,14:33:51.444,27.6500,100
52497039655693,14:34:57.039,27.6600,6
52497060973820,14:34:57.060,27.6600,94
52552200238010,14:35:52.200,27.6600,22
52680507986613,14:38:00.507,27.6400,100
52971603067027,14:42:51.603,27.6400,10
52971603067027,14:42:51.603,27.6400,28
52971603084276,14:42:51.603,27.6400,39
52971603310013,14:42:51.603,27.6400,33
53371762060737,14:49:31.762,27.6900,100
53401857171192,14:50:01.857,27.6800,57
53426970460043,14:50:26.970,27.6700,100
53461256744556,14:51:01.256,27.6700,17
53461256768473,14:51:01.256,27.6700,1
53461257171348,14:51:01.257,27.6700,82
53476141659780,14:51:16.141,27.6500,1
53525072864185,14:52:05.072,27.6600,100
53527444645608,14:52:07.444,27.6800,100
53542213605672,14:52:22.213,27.7000,100
53557729010948,14:52:37.729,27.7050,300
53574524908888,14:52:54.524,27.7200,100
53720613476975,14:55:20.613,27.7300,2
53738608511438,14:55:38.608,27.7200,38
53738608525556,14:55:38.608,27.7200,48
53738608533339,14:55:38.608,27.7200,14
54258912496465,15:04:18.912,27.7100,100
54387298654607,15:06:27.298,27.7200,1
54387298654607,15:06:27.298,27.7200,199
54490078172369,15:08:10.078,27.7300,1
54553279861317,15:09:13.279,27.7200,1
54553279861317,15:09:13.279,27.7200,42
54553284100844,15:09:13.284,27.7200,157
54553284100844,15:09:13.284,27.7200,1
54601278088028,15:10:01.278,27.7200,200
54608819099724,15:10:08.819,27.7200,1
54609017027135,15:10:09.017,27.7100,100
54687224891091,15:11:27.224,27.6500,100
54687225149710,15:11:27.225,27.6500,100
54691974776590,15:11:31.974,27.6650,2
54712294284415,15:11:52.294,27.6650,2
54751888381596,15:12:31.888,27.6500,1
54800116377099,15:13:20.116,27.6400,20
54800116399530,15:13:20.116,27.6400,80
54801444854736,15:13:21.444,27.6500,100
54926878372728,15:15:26.878,27.6600,100
54999568292090,15:16:39.568,27.6500,1
54999568292090,15:16:39.568,27.6500,67
55058990001240,15:17:38.990,27.6500,33
55058990001240,15:17:38.990,27.6500,1
55128155949709,15:18:48.155,27.6500,1
55200014559434,15:20:00.014,27.6400,100
55212046506422,15:20:12.046,27.6500,100
55300439738732,15:21:40.439,27.6600,2
55300439738732,15:21:40.439,27.6600,29
55304674912308,15:21:44.674,27.6600,29
55304674922580,15:21:44.674,27.6600,42
55304674922580,15:21:44.674,27.6600,1
55587016828601,15:26:27.016,27.6400,8
55588019599311,15:26:28.019,27.6400,6
55643960306074,15:27:23.960,27.6400,3
55654375393070,15:27:34.375,27.6500,100
55654375393070,15:27:34.375,27.6500,100
55654377364529,15:27:34.377,27.6500,100
55713091138748,15:28:33.091,27.6600,100
55753708603056,15:29:13.708,27.6600,2
55753710211176,15:29:13.710,27.6600,82
55757960630848,15:29:17.960,27.6600,100
55800680002807,15:30:00.680,27.6500,1
55825257663372,15:30:25.257,27.6400,1
55868334019899,15:31:08.334,27.6400,27
55868334032395,15:31:08.334,27.6400,32
55868334047052,15:31:08.334,27.6400,41
55872419507182,15:31:12.419,27.6500,4
55872451036221,15:31:12.451,27.6500,96
55941384406904,15:32:21.384,27.6500,100
55974721730462,15:32:54.721,27.6450,200
55974721730462,15:32:54.721,27.6500,100
55974723172155,15:32:54.723,27.6500,97
55974763657708,15:32:54.763,27.6500,100
55999376114672,15:33:19.376,27.6400,93
56028741642646,15:33:48.741,27.6400,64
56028741656894,15:33:48.741,27.6400,33
56028741670280,15:33:48.741,27.6400,10
56028741670280,15:33:48.741,27.6400,1
56031392144147,15:33:51.392,27.6400,1
56104014991077,15:35:04.014,27.6300,1
56104015220317,15:35:04.015,27.6300,96
56133874643912,15:35:33.874,27.6400,57
56133874774942,15:35:33.874,27.6400,43
56133874774942,15:35:33.874,27.6400,100
56204736440028,15:36:44.736,27.6400,2
56208355027466,15:36:48.355,27.6400,100
56427367279061,15:40:27.367,27.6400,33
56427367279627,15:40:27.367,27.6400,30
56427367298947,15:40:27.367,27.6400,34
56427367303646,15:40:27.367,27.6400,3
56427367303646,15:40:27.367,27.6400,1
56453969242803,15:40:53.969,27.6400,1
56453969242803,15:40:53.969,27.6400,100
56480528668286,15:41:20.528,27.6300,1
56499462855104,15:41:39.462,27.6100,2
56523407516663,15:42:03.407,27.6050,100
56523407932225,15:42:03.407,27.6050,100
56523407932755,15:42:03.407,27.6100,98
56523408004457,15:42:03.408,27.6100,2
56524055030022,15:42:04.055,27.6100,100
56566165758583,15:42:46.165,27.6050,100
56566165758583,15:42:46.165,27.6050,100
56566165758583,15:42:46.165,27.6050,100
56566165758583,15:42:46.165,27.6100,300
56566165845173,15:42:46.165,27.6100,20
56566165886473,15:42:46.165,27.6100,448
56566165912193,15:42:46.165,27.6100,148
56700470699145,15:45:00.470,27.6200,33
56700470699764,15:45:00.470,27.6200,33
56700470736231,15:45:00.470,27.6200,34
56700470736231,15:45:00.470,27.6200,1
56703477425448,15:45:03.477,27.6200,100
56761407000047,15:46:01.407,27.6250,200
56764491731239,15:46:04.491,27.6250,100
56764491731239,15:46:04.491,27.6300,100
56764491731239,15:46:04.491,27.6300,100
56764491731239,15:46:04.491,27.6300,65
56764491731239,15:46:04.491,27.6300,100
56836017076735,15:47:16.017,27.6400,1
56838491357816,15:47:18.491,27.6350,100
56838491647115,15:47:18.491,27.6400,100
56843118135503,15:47:23.118,27.6500,100
56956512847550,15:49:16.512,27.6600,100
56956512847550,15:49:16.512,27.6600,100
56956514087114,15:49:16.514,27.6600,100
56956514087114,15:49:16.514,27.6600,100
56965163988118,15:49:25.163,27.6650,100
57005404043696,15:50:05.404,27.6600,66
57005404045110,15:50:05.404,27.6600,34
57005404045110,15:50:05.404,27.6600,66
57005404047020,15:50:05.404,27.6600,100
57005404054652,15:50:05.404,27.6600,100
57005404282115,15:50:05.404,27.6600,69
57005404643635,15:50:05.404,27.6600,31
57005404643635,15:50:05.404,27.6600,34
57031985995961,15:50:31.985,27.6600,6
57039462934869,15:50:39.462,27.6600,18
57039462948506,15:50:39.462,27.6600,7
57046387396838,15:50:46.387,27.6600,32
57049237718968,15:50:49.237,27.6650,1
57049245245189,15:50:49.245,27.6650,1
57052055735475,15:50:52.055,27.6600,33
57052055755258,15:50:52.055,27.6600,4
57052055755258,15:50:52.055,27.6600,30
57052055789883,15:50:52.055,27.6600,30
57052055791128,15:50:52.055,27.6600,32
57052055904768,15:50:52.055,27.6600,14
57052058433129,15:50:52.058,27.6550,100
57052058433129,15:50:52.058,27.6600,100
57109806465648,15:51:49.806,27.6500,100
57119015968600,15:51:59.015,27.6550,2
57128282815307,15:52:08.282,27.6500,19
57152607696453,15:52:32.607,27.6500,33
57152607744268,15:52:32.607,27.6500,67
57159709006944,15:52:39.709,27.6250,100
57189462644616,15:53:09.462,27.6200,200
57207393280032,15:53:27.393,27.6200,100
57270716991703,15:54:30.716,27.6150,100
57270716991703,15:54:30.716,27.6200,100
57270716991703,15:54:30.716,27.6200,100
57270716991703,15:54:30.716,27.6200,56
57270717873226,15:54:30.717,27.6200,24
57270717898932,15:54:30.717,27.6200,20
57270717898932,15:54:30.717,27.6200,100
57270717917844,15:54:30.717,27.6200,100
57271413070069,15:54:31.413,27.6200,100
57283095550825,15:54:43.095,27.6100,90
57283095553169,15:54:43.095,27.6100,10
57283095553169,15:54:43.095,27.6100,1
57300269236480,15:55:00.269,27.6100,33
57300269238441,15:55:00.269,27.6100,90
57300269240173,15:55:00.269,27.6100,28
57300269246311,15:55:00.269,27.6100,34
57300269248260,15:55:00.269,27.6100,15
57300269248260,15:55:00.269,27.6100,15
57300269300600,15:55:00.269,27.6100,15
57352296620709,15:55:52.296,27.6200,51
57352296727960,15:55:52.296,27.6200,65
57352296729418,15:55:52.296,27.6200,5
57352296730800,15:55:52.296,27.6200,30
57390010569996,15:56:30.010,27.6150,3
57390017948959,15:56:30.017,27.6150,3
57390024232968,15:56:30.024,27.6150,1
57429451308418,15:57:09.451,27.6150,7
57429451308418,15:57:09.451,27.6150,14
57429451308418,15:57:09.451,27.6200,179
57429452339028,15:57:09.452,27.6200,100
57429452397976,15:57:09.452,27.6200,2
57467135895597,15:57:47.135,27.6150,200
57475105712690,15:57:55.105,27.6200,15
57475105712690,15:57:55.105,27.6200,85
57475105714302,15:57:55.105,27.6200,15
57475105714302,15:57:55.105,27.6200,15
57518409725499,15:58:38.409,27.6400,29
57520115219675,15:58:40.115,27.6400,100
57554130616678,15:59:14.130,27.6450,2
57558429823072,15:59:18.429,27.6600,100
57590189585579,15:59:50.189,27.6700,1
57600411357207,16:00:00.411,0.0000,0
