timestamp,time,price,volume
34200791446301,09:30:00.791,19.3700,272
35062627140598,09:44:22.627,19.2800,100
35062627140598,09:44:22.627,19.2600,1
35062627140598,09:44:22.627,19.2500,71
35062627140598,09:44:22.627,19.2500,100
35062627140598,09:44:22.627,19.2500,100
35062653082105,09:44:22.653,19.1500,100
35253846325316,09:47:33.846,19.1900,2
35557432631573,09:52:37.432,19.1800,2
35850825601791,09:57:30.825,19.1800,1
36161150890004,10:02:41.150,19.1200,2
36227254856832,10:03:47.254,19.1200,100
36229003062890,10:03:49.003,19.0600,100
36235272866604,10:03:55.272,19.0600,5
36235273292938,10:03:55.273,19.0600,5
36235273370783,10:03:55.273,19.0600,83
36235273370783,10:03:55.273,19.0500,5
36235273370783,10:03:55.273,19.0400,5
36235273370783,10:03:55.273,19.0300,7
36238277617777,10:03:58.277,19.0300,93
36292475418353,10:04:52.475,18.9900,100
36292480723626,10:04:52.480,18.9800,69
36292480723626,10:04:52.480,18.9700,31
36461608566743,10:07:41.608,19.1100,2
36764443119836,10:12:44.443,19.0900,2
36806660376351,10:13:26.660,18.9800,100
37050302569256,10:17:30.302,19.1500,1
37356079118544,10:22:36.079,19.0900,2
37639619044882,10:27:19.619,19.0900,2
37801717168811,10:30:01.717,19.0000,2
37801717168811,10:30:01.717,18.9900,100
37801717168811,10:30:01.717,18.9900,100
37801717168811,10:30:01.717,18.9900,98
37945211542012,10:32:25.211,19.0500,2
38261106620423,10:37:41.106,19.0500,2
38538663990244,10:42:18.663,19.0600,1
38687627255999,10:44:47.627,19.0600,28
38687627255999,10:44:47.627,19.0600,72
38687627294587,10:44:47.627,19.0600,28
38862569024733,10:47:42.569,19.0900,2
38953554965251,10:49:13.554,19.0400,100
39134603081940,10:52:14.603,19.0900,2
39322532661279,10:55:22.532,19.0400,10
39322532661279,10:55:22.532,19.0400,100
39322532661279,10:55:22.532,19.0400,100
39322532661279,10:55:22.532,19.0400,33
39322532661279,10:55:22.532,19.0400,7
39322532708792,10:55:22.532,19.0400,51
39329625542345,10:55:29.625,19.0000,33
39451128170839,10:57:31.128,19.0600,2
39735335899724,11:02:15.335,19.0700,1
40059808161076,11:07:39.808,19.0700,2
40059808787867,11:07:39.808,19.0000,100
40059808787867,11:07:39.808,19.0000,100
40059808787867,11:07:39.808,19.0000,100
40059808787867,11:07:39.808,19.0000,50
40059809852868,11:07:39.809,19.0100,100
40059809858449,11:07:39.809,19.0100,100
40064594591674,11:07:44.594,18.9900,69
40343512048042,11:12:23.512,19.0400,2
40561646154831,11:16:01.646,18.9700,69
40561646154831,11:16:01.646,18.9700,5
40649112044630,11:17:29.112,19.0000,2
40792316906191,11:19:52.316,18.9400,100
40838380423861,11:20:38.380,18.9400,2
40960531139595,11:22:40.531,18.9600,2
40986973827699,11:23:06.973,18.9300,5
40986973827699,11:23:06.973,18.9200,95
40994155243763,11:23:14.155,18.9100,100
41243456765407,11:27:23.456,18.9300,1
41544559488509,11:32:24.559,18.9300,2
41647046478924,11:34:07.046,18.9300,100
41647046539412,11:34:07.046,18.9400,38
41647046541852,11:34:07.046,18.9400,62
41647047091681,11:34:07.047,18.9700,82
41647047093139,11:34:07.047,18.9700,18
41647347093102,11:34:07.347,18.9800,100
41844295515236,11:37:24.295,19.0000,2
42158963395684,11:42:38.963,19.0000,2
42449567760353,11:47:29.567,19.0000,2
42669147193631,11:51:09.147,18.9900,100
42740712774387,11:52:20.712,19.0000,1
42740712859429,11:52:20.712,19.0000,99
43044991338196,11:57:24.991,19.0600,2
43356305029823,12:02:36.305,19.0500,2
43659308682784,12:07:39.308,19.0500,2
43944202267990,12:12:24.202,19.0600,1
44250907809735,12:17:30.907,19.0600,2
44546171209423,12:22:26.171,19.0600,2
44546171291189,12:22:26.171,19.0600,98
44546171291189,12:22:26.171,19.0600,100
44546171339542,12:22:26.171,19.0700,66
44546171374470,12:22:26.171,19.0700,34
44547546936571,12:22:27.546,19.1400,2
44585022207232,12:23:05.022,19.1700,100
44700295709272,12:25:00.295,19.2300,100
44849125516031,12:27:29.125,19.2300,2
45140917901824,12:32:20.917,19.2300,2
45465504878889,12:37:45.504,19.2200,1
45712303954110,12:41:52.303,19.1500,65
45712304038159,12:41:52.304,19.1500,35
45712304038159,12:41:52.304,19.1500,100
45712304038159,12:41:52.304,19.1500,100
45712304080056,12:41:52.304,19.1400,1
45739791924477,12:42:19.791,19.2000,2
46643915874509,12:57:23.915,19.1700,1
46934718207198,13:02:14.718,19.1700,2
47009565916742,13:03:29.565,19.1000,33
47009565916742,13:03:29.565,19.1000,100
47009565916742,13:03:29.565,19.1000,167
47009565956046,13:03:29.565,19.1000,65
47009565961557,13:03:29.565,19.1000,62
47009565971878,13:03:29.565,19.1000,434
47009565979451,13:03:29.565,19.1000,96
47009565999152,13:03:29.565,19.1000,48
47009566016219,13:03:29.566,19.1000,100
47022178262824,13:03:42.178,19.1000,139
47031339010292,13:03:51.339,19.1000,300
47031339343356,13:03:51.339,19.1000,89
47031339343356,13:03:51.339,19.1000,11
47031345597227,13:03:51.345,19.1000,100
47070955012258,13:04:30.955,19.1200,100
47076389979772,13:04:36.389,19.1400,100
47141334293539,13:05:41.334,19.2400,100
47141334638995,13:05:41.334,19.2500,6
47141334656570,13:05:41.334,19.2500,94
47178548819431,13:06:18.548,19.2600,2
47215369061032,13:06:55.369,19.1900,72
47215369097238,13:06:55.369,19.1900,28
47215369097238,13:06:55.369,19.1900,100
47215369097238,13:06:55.369,19.1900,38
47215369101724,13:06:55.369,19.1900,62
47215369101724,13:06:55.369,19.1900,150
47215369115759,13:06:55.369,19.1900,16
47215369213337,13:06:55.369,19.1900,34
47244914677061,13:07:24.914,19.2500,2
47337606426755,13:08:57.606,19.2500,25
47337606427325,13:08:57.606,19.2500,8
47439022072513,13:10:39.022,19.2800,22
47439269794049,13:10:39.269,19.2200,100
47566214547640,13:12:46.214,19.2900,2
47779487518921,13:16:19.487,19.2900,98
47779487518921,13:16:19.487,19.2900,1
47779487518921,13:16:19.487,19.3000,1
47841095992230,13:17:21.095,19.2900,2
48150341397605,13:22:30.341,19.3000,1
48150341458870,13:22:30.341,19.3000,30
48443176004178,13:27:23.176,19.3000,2
48543549155347,13:29:03.549,19.3100,2
48543550728997,13:29:03.550,19.3100,1
48755014684550,13:32:35.014,19.3000,2
49057324634215,13:37:37.324,19.3100,2
49296553651086,13:41:36.553,19.3100,2
49338956551995,13:42:18.956,19.3200,2
49644279049137,13:47:24.279,19.3200,1
49769689508994,13:49:29.689,19.2200,100
49769689593917,13:49:29.689,19.2200,100
49865553507981,13:51:05.553,19.2600,2
49963581632590,13:52:43.581,19.2600,2
49969574686304,13:52:49.574,19.2600,96
50152606448242,13:55:52.606,19.2800,100
50244759503359,13:57:24.759,19.2900,2
50427626216566,14:00:27.626,19.2900,98
50472562493694,14:01:12.562,19.3200,2
50472565793087,14:01:12.565,19.3200,3
50536530103165,14:02:16.530,19.3200,2
50779829425547,14:06:19.829,19.3200,93
50779829425547,14:06:19.829,19.3200,7
50779829465953,14:06:19.829,19.3200,2
50857405162627,14:07:37.405,19.3700,1
50925417298172,14:08:45.417,19.4300,100
50925417785550,14:08:45.417,19.4300,1
50925418148783,14:08:45.418,19.4400,1
50962446316240,14:09:22.446,19.3900,5
51050677670229,14:10:50.677,19.4400,100
51051041773181,14:10:51.041,19.4300,88
51154956490418,14:12:34.956,19.4300,2
51463171984244,14:17:43.171,19.4300,2
51739116497992,14:22:19.116,19.4300,2
51781703463105,14:23:01.703,19.4300,96
51781703463105,14:23:01.703,19.4700,404
51781703607705,14:23:01.703,19.3900,29
51781703764076,14:23:01.703,19.4300,29
51781706085868,14:23:01.706,19.4700,100
51781775203263,14:23:01.775,19.4900,100
51781775203263,14:23:01.775,19.5000,100
51781775203263,14:23:01.775,19.5000,100
51781807735351,14:23:01.807,19.5000,100
51781807735351,14:23:01.807,19.5000,100
51781808289401,14:23:01.808,19.5000,100
51781808294037,14:23:01.808,19.5000,92
51781808829110,14:23:01.808,19.5000,100
51781809768760,14:23:01.809,19.5000,100
51781810859217,14:23:01.810,19.5000,8
51781811355795,14:23:01.811,19.5000,100
51781815073688,14:23:01.815,19.5100,33
51781815121997,14:23:01.815,19.5100,87
51782042835378,14:23:02.042,19.5200,100
51782078499297,14:23:02.078,19.4700,100
51794347092137,14:23:14.347,19.4700,100
51794347092137,14:23:14.347,19.4600,28
51979732594470,14:26:19.732,19.5200,100
52016328275463,14:26:56.328,19.5200,44
52051214263107,14:27:31.214,19.5200,2
52051223614089,14:27:31.223,19.4700,185
52051223648467,14:27:31.223,19.4700,15
52051223712956,14:27:31.223,19.4600,72
52051223712956,14:27:31.223,19.4600,8
52242414600557,14:30:42.414,19.4700,100
52242414600557,14:30:42.414,19.4700,100
52242414600557,14:30:42.414,19.4700,100
52242414640965,14:30:42.414,19.4700,70
52242414648384,14:30:42.414,19.4800,83
52242414666214,14:30:42.414,19.4800,17
52242414666214,14:30:42.414,19.4800,11
52242414667059,14:30:42.414,19.4800,89
52274298701957,14:31:14.298,19.4500,100
52365166683810,14:32:45.166,19.5100,1
52600979792711,14:36:40.979,19.5200,100
52653654228973,14:37:33.654,19.5100,2
52910065566163,14:41:50.065,19.5100,98
52910065566163,14:41:50.065,19.5200,2
53049992238604,14:44:09.992,19.5000,100
53049992262358,14:44:09.992,19.4800,154
53049992317589,14:44:09.992,19.4700,1
53049992317589,14:44:09.992,19.4700,1
53060440550621,14:44:20.440,19.5000,100
53172174339726,14:46:12.174,19.5000,35
53190582868105,14:46:30.582,19.5200,2
53256016414369,14:47:36.016,19.5200,2
53455829874333,14:50:55.829,19.4800,88
53539625529782,14:52:19.625,19.5200,98
53539827146455,14:52:19.827,19.5300,2
53539827195134,14:52:19.827,19.5300,98
53798040898026,14:56:38.040,19.5300,7
53847505079479,14:57:27.505,19.5300,1
53865587892955,14:57:45.587,19.5400,2
53865591192958,14:57:45.591,19.5400,3
54063648681231,15:01:03.648,19.5400,95
54063648681231,15:01:03.648,19.5400,5
54063648681231,15:01:03.648,19.5400,100
54063648681231,15:01:03.648,19.5400,200
54063649050106,15:01:03.649,19.5400,94
54141390591037,15:02:21.390,19.5400,2
54237288345298,15:03:57.288,19.5100,100
54237288345298,15:03:57.288,19.5100,100
54237288491689,15:03:57.288,19.4900,10
54237288525012,15:03:57.288,19.4900,73
54237288763687,15:03:57.288,19.4900,17
54237772592631,15:03:57.772,19.4800,100
54237772633227,15:03:57.772,19.4700,100
54249123710159,15:04:09.123,19.4700,100
54249123710159,15:04:09.123,19.4700,9
54265823333267,15:04:25.823,19.4700,31
54265823333267,15:04:25.823,19.4700,40
54265823333267,15:04:25.823,19.4700,29
54357142630107,15:05:57.142,19.4700,11
54357142630107,15:05:57.142,19.4700,5
54415949345295,15:06:55.949,19.4700,21
54445064123662,15:07:25.064,19.5000,2
54446015382620,15:07:26.015,19.5000,98
54446015397652,15:07:26.015,19.5200,2
54477982090548,15:07:57.982,19.4900,46
54477986779808,15:07:57.986,19.4800,4
54677548700212,15:11:17.548,19.4500,100
54677549616042,15:11:17.549,19.4300,100
54766429985723,15:12:46.429,19.4500,2
54956310609155,15:15:56.310,19.4100,5
54956310609155,15:15:56.310,19.4100,100
54956310609155,15:15:56.310,19.4100,100
54956312403069,15:15:56.312,19.4100,100
54956312459235,15:15:56.312,19.4100,100
54956312505231,15:15:56.312,19.4100,100
54956312513323,15:15:56.312,19.4100,29
55043041647007,15:17:23.041,19.4300,1
55111022759471,15:18:31.022,19.3800,100
55202774870346,15:20:02.774,19.4200,100
55366203441066,15:22:46.203,19.5100,2
55391642228721,15:23:11.642,19.4700,33
55391642371261,15:23:11.642,19.4600,33
55391642788405,15:23:11.642,19.4500,8
55392217584179,15:23:12.217,19.4000,100
55651051916666,15:27:31.051,19.4500,9
55651051917965,15:27:31.051,19.4500,91
55790546616273,15:29:50.546,19.4200,100
55790546616273,15:29:50.546,19.4100,47
55790546674333,15:29:50.546,19.4100,53
55790546674333,15:29:50.546,19.4100,100
55790546936964,15:29:50.546,19.4100,3
55790551168605,15:29:50.551,19.4400,20
55791758695100,15:29:51.758,19.4100,97
55791758695100,15:29:51.758,19.4100,3
55870067113267,15:31:10.067,19.3900,100
56057769390951,15:34:17.769,19.3900,100
56066109688657,15:34:26.109,19.3900,100
56143011659628,15:35:43.011,19.3600,100
56143011734053,15:35:43.011,19.3500,100
56488480239274,15:41:28.480,19.3500,100
56488480239274,15:41:28.480,19.3500,19
56879741406221,15:47:59.741,19.3500,81
56879741406221,15:47:59.741,19.3500,5
57210261906192,15:53:30.261,19.3500,95
57210261906192,15:53:30.261,19.3500,100
57210261906192,15:53:30.261,19.3500,86
57210264029851,15:53:30.264,19.3500,14
57210264029851,15:53:30.264,19.3500,86
57210387295230,15:53:30.387,19.3500,14
57210435620389,15:53:30.435,19.3200,100
57210435620389,15:53:30.435,19.3200,12
57237487190371,15:53:57.487,19.3200,3
57239731518135,15:53:59.731,19.3200,85
57239731518135,15:53:59.731,19.3000,46
57310137627457,15:55:10.137,19.3400,20
57310137627892,15:55:10.137,19.3400,19
57321042105584,15:55:21.042,19.3500,41
57321042107171,15:55:21.042,19.3500,59
57452772229223,15:57:32.772,19.4100,12
57510915555037,15:58:30.915,19.3700,5
57510915555037,15:58:30.915,19.3600,67
57510915635914,15:58:30.915,19.3600,5
57554431841248,15:59:14.431,19.3800,7
57557284695843,15:59:17.284,19.3800,88
57557284695843,15:59:17.284,19.3800,12
57565092434427,15:59:25.092,19.3700,100
57570494836705,15:59:30.494,19.3800,100
57585168624328,15:59:45.168,19.3800,80
57590922959854,15:59:50.922,19.3500,6
57590922959854,15:59:50.922,19.3500,94
57593041904312,15:59:53.041,19.3800,100
57594132891658,15:59:54.132,19.3600,77
57595331464337,15:59:55.331,19.3600,3
57595331464337,15:59:55.331,19.3500,6
57595331464337,15:59:55.331,19.3500,80
57595331464337,15:59:55.331,19.3500,11
57596313450042,15:59:56.313,19.3800,5
57600306998662,16:00:00.306,19.3600,3041
