timestamp,time,price,volume
34200738067123,09:30:00.738,16.4100,1242
34231719474256,09:30:31.719,16.4000,2
34231719474256,09:30:31.719,16.3900,1
34572686718094,09:36:12.686,16.2500,100
34572686771238,09:36:12.686,16.2500,100
34573164417578,09:36:13.164,16.2600,10
34573300297844,09:36:13.300,16.3100,2
34573300297844,09:36:13.300,16.3200,98
34573306465727,09:36:13.306,16.3200,2
34884950679554,09:41:24.950,16.2600,100
34884951895630,09:41:24.951,16.2900,100
34885033898925,09:41:25.033,16.2600,100
34958082053656,09:42:38.082,16.2400,100
35031144834419,09:43:51.144,16.2300,100
35133028988415,09:45:33.028,16.2700,100
35133028988415,09:45:33.028,16.2700,100
35133028988415,09:45:33.028,16.2700,5
35133028988415,09:45:33.028,16.2700,100
35133028988415,09:45:33.028,16.2700,2
35135034778733,09:45:35.034,16.2500,100
35764472365419,09:56:04.472,16.2700,100
35775606751779,09:56:15.606,16.2500,30
35775606754850,09:56:15.606,16.2500,30
35775606807944,09:56:15.606,16.2800,100
35775606807944,09:56:15.606,16.2800,100
35775606807944,09:56:15.606,16.2800,30
35920836402577,09:58:40.836,16.2400,100
36047531214970,10:00:47.531,16.2550,40
36047531214970,10:00:47.531,16.2800,100
36166734416091,10:02:46.734,16.2300,100
36166758565541,10:02:46.758,16.2300,100
36166774310345,10:02:46.774,16.2300,100
36166774345220,10:02:46.774,16.2300,80
36297008680957,10:04:57.008,16.2300,1200
36297014701868,10:04:57.014,16.2400,100
36297014701868,10:04:57.014,16.2400,100
36388630270476,10:06:28.630,16.2400,100
36388630270476,10:06:28.630,16.2400,100
36388630329872,10:06:28.630,16.2500,20
36388630531121,10:06:28.630,16.2500,35
36388630562736,10:06:28.630,16.2500,45
36388630562736,10:06:28.630,16.2500,25
36388630567104,10:06:28.630,16.2500,70
36388630569960,10:06:28.630,16.2500,5
36388634320529,10:06:28.634,16.2700,100
36715408694839,10:11:55.408,16.2400,100
36875502038640,10:14:35.502,16.2500,22
36875502038640,10:14:35.502,16.2500,78
36875502038640,10:14:35.502,16.2500,95
36875502099062,10:14:35.502,16.2500,5
36909207244610,10:15:09.207,16.2600,100
36909229613878,10:15:09.229,16.2500,10
36909378350472,10:15:09.378,16.2400,14
36909378350472,10:15:09.378,16.2400,86
36913604448663,10:15:13.604,16.2600,10
36913604448663,10:15:13.604,16.2600,5
36913604448663,10:15:13.604,16.2600,5
37018294139891,10:16:58.294,16.2400,100
37018294139891,10:16:58.294,16.2400,100
37018294215660,10:16:58.294,16.2300,100
37018294215660,10:16:58.294,16.2300,30
37018294215660,10:16:58.294,16.2300,70
37018294537707,10:16:58.294,16.2300,100
37018294537707,10:16:58.294,16.2300,30
37018384089945,10:16:58.384,16.2200,100
37068980444984,10:17:48.980,16.2300,2
37068980567605,10:17:48.980,16.2300,98
37160130746292,10:19:20.130,16.2100,100
37231784681731,10:20:31.784,16.2300,100
37231784681731,10:20:31.784,16.2300,100
37231784722864,10:20:31.784,16.2300,100
37231789595225,10:20:31.789,16.2400,100
37231789595225,10:20:31.789,16.2400,100
37231789595225,10:20:31.789,16.2400,100
37332228041447,10:22:12.228,16.2600,100
37332230995015,10:22:12.230,16.2700,100
37428330045819,10:23:48.330,16.2600,100
37431646699497,10:23:51.646,16.2400,14
37562985841968,10:26:02.985,16.2600,100
37718566183121,10:28:38.566,16.2400,14
37885129312678,10:31:25.129,16.2500,100
37885129312678,10:31:25.129,16.2500,100
37885129474453,10:31:25.129,16.2500,100
37885129751081,10:31:25.129,16.2500,100
37908416372074,10:31:48.416,16.2500,100
37916514276965,10:31:56.514,16.2500,100
37937341746032,10:32:17.341,16.2300,31
37950625608262,10:32:30.625,16.2400,100
38059926071846,10:34:19.926,16.2400,100
38067176791488,10:34:27.176,16.2500,100
38147677780512,10:35:47.677,16.2500,100
38153847526820,10:35:53.847,16.2400,37
38191452522740,10:36:31.452,16.2300,14
38197890846940,10:36:37.890,16.2200,100
38221211575295,10:37:01.211,16.2200,100
38229370405470,10:37:09.370,16.2200,100
38345275012515,10:39:05.275,16.2300,100
38345275012515,10:39:05.275,16.2300,100
38345275403414,10:39:05.275,16.2400,100
38412336009783,10:40:12.336,16.2300,30
38412502273288,10:40:12.502,16.2200,100
38412502273288,10:40:12.502,16.2200,100
38412502273288,10:40:12.502,16.2200,2
38412502273288,10:40:12.502,16.2200,98
38412502757247,10:40:12.502,16.2200,100
38734387050115,10:45:34.387,16.2200,38
38734387050115,10:45:34.387,16.2200,14
38734387050115,10:45:34.387,16.2100,48
38762691719237,10:46:02.691,16.2100,52
38851492958371,10:47:31.492,16.2100,100
38851493893391,10:47:31.493,16.2000,100
38882156932856,10:48:02.156,16.1700,100
38897697530527,10:48:17.697,16.1600,100
38947556425872,10:49:07.556,16.1500,100
38947593198592,10:49:07.593,16.1500,1000
38947641919626,10:49:07.641,16.1500,100
38947643990973,10:49:07.643,16.1500,100
38992723585506,10:49:52.723,16.1600,100
39020385066317,10:50:20.385,16.1500,100
39085795164811,10:51:25.795,16.1700,15
39091511854782,10:51:31.511,16.1500,100
39091511971165,10:51:31.511,16.1500,200
39091511971165,10:51:31.511,16.1500,100
39091511971165,10:51:31.511,16.1500,2
39091859682939,10:51:31.859,16.1500,100
39091859713426,10:51:31.859,16.1500,100
39093040246787,10:51:33.040,16.1400,100
39140020633572,10:52:20.020,16.1300,100
39140020868361,10:52:20.020,16.1300,76
39140020883924,10:52:20.020,16.1300,24
39191246586736,10:53:11.246,16.1200,11
39191246636425,10:53:11.246,16.1200,3
39191249622268,10:53:11.249,16.1100,28
39221089684629,10:53:41.089,16.1000,100
39221089684629,10:53:41.089,16.1000,100
39314658407375,10:55:14.658,16.1000,100
39314658407375,10:55:14.658,16.1100,100
39314658435617,10:55:14.658,16.1100,100
39314662437822,10:55:14.662,16.1100,100
39314662502594,10:55:14.662,16.1200,100
39314662502594,10:55:14.662,16.1200,10
39314662727502,10:55:14.662,16.1200,90
39334692181823,10:55:34.692,16.1300,100
39334692410689,10:55:34.692,16.1300,100
39334692410689,10:55:34.692,16.1300,100
39400266190822,10:56:40.266,16.1300,100
39424376422416,10:57:04.376,16.1400,100
39424511513768,10:57:04.511,16.1400,100
39424549671466,10:57:04.549,16.1400,100
39424802801979,10:57:04.802,16.1400,100
39424802801979,10:57:04.802,16.1400,200
39425155380396,10:57:05.155,16.1400,100
39446244085098,10:57:26.244,16.1450,100
39446244085098,10:57:26.244,16.1500,100
39446245188508,10:57:26.245,16.1500,100
39447811070766,10:57:27.811,16.1700,16
39459364850247,10:57:39.364,16.1500,100
39459365019885,10:57:39.365,16.1500,100
39459437915802,10:57:39.437,16.1500,100
39466627437728,10:57:46.627,16.1400,95
39466627437728,10:57:46.627,16.1400,44
39466627468457,10:57:46.627,16.1400,56
39508314913916,10:58:28.314,16.1100,100
39508334403119,10:58:28.334,16.1100,100
39508434693528,10:58:28.434,16.1100,100
39618403731187,11:00:18.403,16.1200,100
39628253247021,11:00:28.253,16.1200,100
39628256450479,11:00:28.256,16.1300,100
39628256450479,11:00:28.256,16.1300,100
39663390968880,11:01:03.390,16.1300,39
39663390986491,11:01:03.390,16.1300,39
39663391224488,11:01:03.391,16.1300,22
39664818904052,11:01:04.818,16.1300,16
39664818935333,11:01:04.818,16.1300,84
39667746560410,11:01:07.746,16.1300,100
39736633399951,11:02:16.633,16.1400,100
39736633399951,11:02:16.633,16.1400,100
39736634762249,11:02:16.634,16.1500,100
39743694708121,11:02:23.694,16.1800,100
39771969307068,11:02:51.969,16.1700,100
39771991347782,11:02:51.991,16.1700,100
39771993528184,11:02:51.993,16.1700,100
39772001718496,11:02:52.001,16.1700,29
39795586692864,11:03:15.586,16.1700,100
39795586747510,11:03:15.586,16.1700,71
39799830002230,11:03:19.830,16.1900,17
39799832574122,11:03:19.832,16.1900,17
39884817050525,11:04:44.817,16.1800,2
39921353517320,11:05:21.353,16.1700,14
39925010971613,11:05:25.010,16.1600,32
39925013869302,11:05:25.013,16.1500,100
39925014877469,11:05:25.014,16.1500,40
39927021982108,11:05:27.021,16.1500,49
39927021982108,11:05:27.021,16.1500,51
39927022037977,11:05:27.022,16.1500,49
39927022105828,11:05:27.022,16.1500,100
40310985112761,11:11:50.985,16.1500,30
40310985112761,11:11:50.985,16.1600,64
40349667195196,11:12:29.667,16.1700,100
40349667195196,11:12:29.667,16.1700,1
40349667195196,11:12:29.667,16.1700,100
40497586687189,11:14:57.586,16.2100,10
40626919475261,11:17:06.919,16.1800,100
40626919475261,11:17:06.919,16.1800,27
40639299845766,11:17:19.299,16.1700,100
40803145118922,11:20:03.145,16.1500,100
40819159141571,11:20:19.159,16.1700,37
40819159155652,11:20:19.159,16.1700,63
40819159155652,11:20:19.159,16.1700,98
40819159161486,11:20:19.159,16.1700,2
40819159293163,11:20:19.159,16.1800,100
40819160323953,11:20:19.160,16.1800,100
40819161581902,11:20:19.161,16.1800,73
40946814650826,11:22:26.814,16.1700,100
41151035977784,11:25:51.035,16.1700,100
41151035977784,11:25:51.035,16.1700,100
41151035977784,11:25:51.035,16.1700,14
41151053652054,11:25:51.053,16.1500,6
41230423029454,11:27:10.423,16.1700,100
41230432005676,11:27:10.432,16.1800,100
41230436177889,11:27:10.436,16.1800,100
41230436177889,11:27:10.436,16.2000,100
41230439074461,11:27:10.439,16.1900,100
41230442244997,11:27:10.442,16.2100,100
41425793342152,11:30:25.793,16.1700,100
41437203844663,11:30:37.203,16.1600,100
41521020806306,11:32:01.020,16.1600,100
41521020812876,11:32:01.020,16.1700,100
41521020812876,11:32:01.020,16.1700,60
41521020951474,11:32:01.020,16.1700,50
41521020951474,11:32:01.020,16.1700,100
41521027933740,11:32:01.027,16.1800,100
41665821976135,11:34:25.821,16.1800,100
41692053061474,11:34:52.053,16.1900,100
41700138388302,11:35:00.138,16.1900,100
41711364167815,11:35:11.364,16.2000,100
41724250566229,11:35:24.250,16.1900,100
41725393576472,11:35:25.393,16.2000,100
41870754345500,11:37:50.754,16.1900,100
41892366553594,11:38:12.366,16.1800,14
41924764252337,11:38:44.764,16.1650,100
41969804062791,11:39:29.804,16.1600,100
41969804062791,11:39:29.804,16.1600,100
41973759528737,11:39:33.759,16.1600,100
41973759761343,11:39:33.759,16.1600,100
41982414016591,11:39:42.414,16.1500,94
41982414016591,11:39:42.414,16.1500,6
41982414082808,11:39:42.414,16.1500,194
41982414082808,11:39:42.414,16.1500,8
41982414112209,11:39:42.414,16.1500,92
41982414137855,11:39:42.414,16.1500,92
41982414194538,11:39:42.414,16.1500,100
41982414288639,11:39:42.414,16.1500,8
41982414288639,11:39:42.414,16.1500,84
41982414302755,11:39:42.414,16.1500,116
41982414302755,11:39:42.414,16.1500,1026
41982414499829,11:39:42.414,16.1500,100
41982423328167,11:39:42.423,16.1500,100
41982424873189,11:39:42.424,16.1500,200
41982425043083,11:39:42.425,16.1500,100
41982531249428,11:39:42.531,16.1500,100
41986890343544,11:39:46.890,16.1600,100
41986890977158,11:39:46.890,16.1600,100
42080699402093,11:41:20.699,16.1600,100
42581660640666,11:49:41.660,16.1500,35
42626554556695,11:50:26.554,16.1700,100
42626554556695,11:50:26.554,16.1700,100
42626554644094,11:50:26.554,16.1700,100
42626556409618,11:50:26.556,16.1650,100
42626588920180,11:50:26.588,16.1700,100
42626595516116,11:50:26.595,16.1700,100
43029874132366,11:57:09.874,16.1800,73
43029874235731,11:57:09.874,16.1700,100
43029874235731,11:57:09.874,16.1800,27
43029874235731,11:57:09.874,16.1800,100
43029874235731,11:57:09.874,16.1800,100
43029874235731,11:57:09.874,16.1800,54
43029874279657,11:57:09.874,16.1800,80
43029874490520,11:57:09.874,16.1800,20
43029976201563,11:57:09.976,16.1800,100
43030550480239,11:57:10.550,16.1800,100
43030598475122,11:57:10.598,16.1600,100
43030598475122,11:57:10.598,16.1600,25
43030598475122,11:57:10.598,16.1600,100
43030598475122,11:57:10.598,16.1600,100
43030598475122,11:57:10.598,16.1600,38
43030899070360,11:57:10.899,16.1700,100
43044814867665,11:57:24.814,16.1800,100
43044814867665,11:57:24.814,16.1800,100
43153684892630,11:59:13.684,16.1800,100
43153684892630,11:59:13.684,16.1800,100
43153710556064,11:59:13.710,16.1800,49
43204940976176,12:00:04.940,16.1800,5
43339447597168,12:02:19.447,16.1900,100
43339447597168,12:02:19.447,16.1900,100
43339447597168,12:02:19.447,16.1900,100
43339477701456,12:02:19.477,16.2000,20
43423951442244,12:03:43.951,16.2200,100
43927748004822,12:12:07.748,16.2300,100
43955403790669,12:12:35.403,16.2400,100
43955403790669,12:12:35.403,16.2400,100
43955403875288,12:12:35.403,16.2400,2
43955403875288,12:12:35.403,16.2400,100
43970720574514,12:12:50.720,16.2500,2
43970720574514,12:12:50.720,16.2500,98
44081147183910,12:14:41.147,16.2300,100
44081147183910,12:14:41.147,16.2300,13
44081147183910,12:14:41.147,16.2300,100
44081147183910,12:14:41.147,16.2300,87
44081147191764,12:14:41.147,16.2300,13
44081147191764,12:14:41.147,16.2300,4
44089566184421,12:14:49.566,16.2200,14
44126166429215,12:15:26.166,16.2100,100
44126168470657,12:15:26.168,16.2000,100
44126168526924,12:15:26.168,16.2000,100
44126171079372,12:15:26.171,16.1900,100
44126171114623,12:15:26.171,16.1900,100
44126176266819,12:15:26.176,16.1900,100
44126295008425,12:15:26.295,16.1800,100
44161151975321,12:16:01.151,16.1700,100
44201036840491,12:16:41.036,16.1800,100
44201036843211,12:16:41.036,16.1800,100
44204584487099,12:16:44.584,16.1700,100
44205018914339,12:16:45.018,16.1700,100
44212031470339,12:16:52.031,16.2100,100
44288058067934,12:18:08.058,16.1800,100
44298454420874,12:18:18.454,16.1700,3
44406960962029,12:20:06.960,16.1900,2
44541670842320,12:22:21.670,16.2000,100
44541670842320,12:22:21.670,16.2000,100
44541671529908,12:22:21.671,16.2100,100
44566022181889,12:22:46.022,16.2600,100
44609486279477,12:23:29.486,16.2200,100
44609486511721,12:23:29.486,16.2200,100
44609486511721,12:23:29.486,16.2200,66
44609486522476,12:23:29.486,16.2200,34
44690019921928,12:24:50.019,16.2300,2
44772140693920,12:26:12.140,16.2200,100
44772151027956,12:26:12.151,16.2200,100
44772151027956,12:26:12.151,16.2200,100
44772151373667,12:26:12.151,16.2200,40
44772151674786,12:26:12.151,16.2200,55
44772251476176,12:26:12.251,16.2200,100
44817412297698,12:26:57.412,16.2100,64
44847814475330,12:27:27.814,16.2200,5
44894430492853,12:28:14.430,16.2300,100
44989285256497,12:29:49.285,16.2300,3
45050404422808,12:30:50.404,16.2200,100
45050407174685,12:30:50.407,16.2300,97
45050410103668,12:30:50.410,16.2300,3
45067730863143,12:31:07.730,16.2300,3
45330809640299,12:35:30.809,16.2200,24
45330809640299,12:35:30.809,16.2200,100
45330809640299,12:35:30.809,16.2200,100
45373088444622,12:36:13.088,16.2100,36
45373747113676,12:36:13.747,16.2100,100
45581726515921,12:39:41.726,16.1900,100
45742214706338,12:42:22.214,16.2100,100
45742215250850,12:42:22.215,16.2100,100
45742215283435,12:42:22.215,16.2100,100
45742315428015,12:42:22.315,16.2150,100
45742315428015,12:42:22.315,16.2200,1
45759728301560,12:42:39.728,16.2200,99
45759728301560,12:42:39.728,16.2200,1
45891378914204,12:44:51.378,16.2300,1
45936550959199,12:45:36.550,16.2300,99
45936551242804,12:45:36.551,16.2400,100
45936553838856,12:45:36.553,16.2300,3
45936554318035,12:45:36.554,16.2300,100
45983442522479,12:46:23.442,16.2300,100
45983442522479,12:46:23.442,16.2300,100
45983442522479,12:46:23.442,16.2300,14
45983442522479,12:46:23.442,16.2300,100
45983544369698,12:46:23.544,16.2200,100
45983544598968,12:46:23.544,16.2200,100
45984795613931,12:46:24.795,16.2300,100
45984795698471,12:46:24.795,16.2300,100
45992287818806,12:46:32.287,16.2200,69
46178188547743,12:49:38.188,16.2200,100
46178188547743,12:49:38.188,16.2200,100
46514248398713,12:55:14.248,16.2500,4
46565864871499,12:56:05.864,16.2600,100
46645372489706,12:57:25.372,16.2300,100
46645372489706,12:57:25.372,16.2300,14
46727853119200,12:58:47.853,16.2400,167
46727853119200,12:58:47.853,16.2400,100
46727853119200,12:58:47.853,16.2400,23
46727853626806,12:58:47.853,16.2400,77
46844630532792,13:00:44.630,16.2300,100
46844630532792,13:00:44.630,16.2300,100
47184961759782,13:06:24.961,16.2300,167
47184961759782,13:06:24.961,16.2300,100
47184962165855,13:06:24.962,16.2300,100
47199939895546,13:06:39.939,16.2200,14
47199939895546,13:06:39.939,16.2200,100
47199939895546,13:06:39.939,16.2200,100
47199939895546,13:06:39.939,16.2200,53
47199940052379,13:06:39.940,16.2200,47
47204170908460,13:06:44.170,16.2100,100
47204171349177,13:06:44.171,16.2100,100
47204172722698,13:06:44.172,16.2100,50
47206175947820,13:06:46.175,16.2100,100
47236229947030,13:07:16.229,16.2100,100
47503682123847,13:11:43.682,16.2000,50
47503682123847,13:11:43.682,16.2000,100
47503682123847,13:11:43.682,16.2000,100
47503682123847,13:11:43.682,16.2000,14
47503682123847,13:11:43.682,16.2000,100
47506601944392,13:11:46.601,16.1900,100
47506602392060,13:11:46.602,16.1900,100
47515653811120,13:11:55.653,16.2000,100
47526871040067,13:12:06.871,16.2000,100
47709230967298,13:15:09.230,16.2000,276
47709231000627,13:15:09.231,16.2000,247
47709231006403,13:15:09.231,16.2000,100
47709231432544,13:15:09.231,16.2000,200
47826628207567,13:17:06.628,16.2100,17
47842526851745,13:17:22.526,16.2100,83
47842526851745,13:17:22.526,16.2100,17
48110015035030,13:21:50.015,16.2100,83
48110015035030,13:21:50.015,16.2100,100
48110015035030,13:21:50.015,16.2100,300
48110017368235,13:21:50.017,16.2200,100
48110017368235,13:21:50.017,16.2200,100
48110017368235,13:21:50.017,16.2200,5
48110258712501,13:21:50.258,16.2200,21
48335944080948,13:25:35.944,16.2100,100
48335944154440,13:25:35.944,16.2100,100
48335944154440,13:25:35.944,16.2100,200
48335944185339,13:25:35.944,16.2100,14
48335944185339,13:25:35.944,16.2100,100
48335944185339,13:25:35.944,16.2100,100
48335949486761,13:25:35.949,16.1900,200
48342005408937,13:25:42.005,16.1900,300
48368713039714,13:26:08.713,16.1900,200
48368713039714,13:26:08.713,16.1900,100
48368713039714,13:26:08.713,16.1900,100
48380327282575,13:26:20.327,16.1900,200
48454732299226,13:27:34.732,16.1800,2
48454842285716,13:27:34.842,16.1700,100
48481691563529,13:28:01.691,16.1800,100
48544945047735,13:29:04.945,16.1800,100
48553967612976,13:29:13.967,16.1800,100
48572169866454,13:29:32.169,16.1900,100
48572169937914,13:29:32.169,16.1900,200
48572169942828,13:29:32.169,16.1900,100
48572170143793,13:29:32.170,16.1900,100
48578005108706,13:29:38.005,16.2000,200
48581002864027,13:29:41.002,16.2000,100
48605634339800,13:30:05.634,16.2000,100
48605634339800,13:30:05.634,16.2000,1
48605634339800,13:30:05.634,16.2000,100
48610006067166,13:30:10.006,16.1900,95
48610006145937,13:30:10.006,16.1900,5
48632608954380,13:30:32.608,16.1900,200
48632608984751,13:30:32.608,16.1900,100
48666562486247,13:31:06.562,16.1900,20
48715804860146,13:31:55.804,16.1900,280
48715804860146,13:31:55.804,16.1900,100
48717553854503,13:31:57.553,16.1900,64
48717691338079,13:31:57.691,16.1900,1
48727444717479,13:32:07.444,16.1800,14
48727444964194,13:32:07.444,16.1800,100
48758382399499,13:32:38.382,16.1700,2
48758382399499,13:32:38.382,16.1700,98
48758382991000,13:32:38.382,16.1800,144
48766003970236,13:32:46.003,16.1800,100
48777471829619,13:32:57.471,16.1800,83
48777796833280,13:32:57.796,16.1800,17
48777857131948,13:32:57.857,16.1800,100
48777857131948,13:32:57.857,16.1800,35
48777857131948,13:32:57.857,16.1800,65
48790053517742,13:33:10.053,16.1800,100
48790056778172,13:33:10.056,16.1800,100
48802463239181,13:33:22.463,16.1800,100
48802464478321,13:33:22.464,16.1800,44
48802464485956,13:33:22.464,16.1800,45
48802464494063,13:33:22.464,16.1800,11
48802464494063,13:33:22.464,16.1800,100
48802506817358,13:33:22.506,16.1700,100
48802507070108,13:33:22.507,16.1700,100
48807543564605,13:33:27.543,16.1800,95
48837746194106,13:33:57.746,16.1800,100
48837842978100,13:33:57.842,16.1700,100
48897196242566,13:34:57.196,16.1600,16
48953207759028,13:35:53.207,16.1700,15
48955219341452,13:35:55.219,16.1700,9
48957795601001,13:35:57.795,16.1700,76
48963221015451,13:36:03.221,16.1600,1
49017055628935,13:36:57.055,16.1700,81
49087194193699,13:38:07.194,16.1600,83
49087194193699,13:38:07.194,16.1600,17
49114645915162,13:38:34.645,16.1600,2
49137206958377,13:38:57.206,16.1500,91
49154136979242,13:39:14.136,16.1500,74
49154136979242,13:39:14.136,16.1500,2
49154136979242,13:39:14.136,16.1500,24
49154252776362,13:39:14.252,16.1500,100
49197024460593,13:39:57.024,16.1500,53
49229300139493,13:40:29.300,16.1500,23
49229300139493,13:40:29.300,16.1500,200
49229300139493,13:40:29.300,16.1500,100
49229300139493,13:40:29.300,16.1500,177
49229300318458,13:40:29.300,16.1500,92
49229300419262,13:40:29.300,16.1500,8
49229332626133,13:40:29.332,16.1500,100
49229332626133,13:40:29.332,16.1500,96
49257183360086,13:40:57.183,16.1500,4
49257183360086,13:40:57.183,16.1500,8
49288213335580,13:41:28.213,16.1500,92
49311538213668,13:41:51.538,16.1500,100
49311538319087,13:41:51.538,16.1500,100
49437005393401,13:43:57.005,16.1400,7
49497015470736,13:44:57.015,16.1400,23
49556643593796,13:45:56.643,16.1500,100
49557015399898,13:45:57.015,16.1500,80
49557785243166,13:45:57.785,16.1500,1
49584808313694,13:46:24.808,16.1500,200
49629823377249,13:47:09.823,16.1500,100
49659702735752,13:47:39.702,16.1500,100
49659702837086,13:47:39.702,16.1500,14
49659703645657,13:47:39.703,16.1500,100
49659704866442,13:47:39.704,16.1500,14
49659710174462,13:47:39.710,16.1500,86
49659715757583,13:47:39.715,16.1400,44
49659715774012,13:47:39.715,16.1400,45
49659890993459,13:47:39.890,16.1400,11
49659891033663,13:47:39.891,16.1400,100
49660154687398,13:47:40.154,16.1300,100
49660155655783,13:47:40.155,16.1300,100
49660155655783,13:47:40.155,16.1400,100
49662007731040,13:47:42.007,16.1400,200
49671011068187,13:47:51.011,16.1300,100
49671011068187,13:47:51.011,16.1300,100
49671011068187,13:47:51.011,16.1300,100
49671011154153,13:47:51.011,16.1400,300
49671014710067,13:47:51.014,16.1300,100
49738179346106,13:48:58.179,16.1300,100
49738179416324,13:48:58.179,16.1300,100
49790169323599,13:49:50.169,16.1400,100
49790169403684,13:49:50.169,16.1400,200
49790169403684,13:49:50.169,16.1400,273
49790169436763,13:49:50.169,16.1400,327
49790169436763,13:49:50.169,16.1400,1
49790169436763,13:49:50.169,16.1400,100
49790169436763,13:49:50.169,16.1400,100
49790169436763,13:49:50.169,16.1400,100
49790169436763,13:49:50.169,16.1400,200
49790169499849,13:49:50.169,16.1500,100
49790169999082,13:49:50.169,16.1600,100
49796353053081,13:49:56.353,16.1600,100
49809229574708,13:50:09.229,16.1500,3
49813300773451,13:50:13.300,16.1500,100
49813307482437,13:50:13.307,16.1400,100
49813326499889,13:50:13.326,16.1300,100
49813326499889,13:50:13.326,16.1300,100
49819426322687,13:50:19.426,16.1200,100
49827837179468,13:50:27.837,16.1300,300
49827915782297,13:50:27.915,16.1300,100
49827919471239,13:50:27.919,16.1300,100
49827922286187,13:50:27.922,16.1300,100
49908520681237,13:51:48.520,16.1300,100
49973944409106,13:52:53.944,16.1400,100
49973944437228,13:52:53.944,16.1400,300
49973953234644,13:52:53.953,16.1400,100
49973953234644,13:52:53.953,16.1400,200
50146605408460,13:55:46.605,16.1500,100
50146605408460,13:55:46.605,16.1500,100
50146605448443,13:55:46.605,16.1500,98
50146605795185,13:55:46.605,16.1500,102
50146605795185,13:55:46.605,16.1500,100
50149004030754,13:55:49.004,16.1600,100
50184692927013,13:56:24.692,16.1500,100
50193755057984,13:56:33.755,16.1600,100
50193755057984,13:56:33.755,16.1600,100
50207005091432,13:56:47.005,16.1600,200
50223514578395,13:57:03.514,16.1600,100
50284120617968,13:58:04.120,16.1500,100
50326376771141,13:58:46.376,16.1500,200
50326376771141,13:58:46.376,16.1500,100
50334685132375,13:58:54.685,16.1500,100
50334685399854,13:58:54.685,16.1500,100
50334685505282,13:58:54.685,16.1500,100
50335034859468,13:58:55.034,16.1500,100
50337002897925,13:58:57.002,16.1500,100
50340003580144,13:59:00.003,16.1500,100
50340005273800,13:59:00.005,16.1400,100
50340012675640,13:59:00.012,16.1500,100
50341174388349,13:59:01.174,16.1600,97
50341174394138,13:59:01.174,16.1600,50
50341174401956,13:59:01.174,16.1600,53
50341179175857,13:59:01.179,16.1700,100
50341183261259,13:59:01.183,16.1600,200
50402703209953,14:00:02.703,16.1600,200
50402703329039,14:00:02.703,16.1600,47
50402703518601,14:00:02.703,16.1600,14
50402703565920,14:00:02.703,16.1600,39
50407806276079,14:00:07.806,16.1800,100
50407806306908,14:00:07.806,16.1800,100
50407843269311,14:00:07.843,16.1800,100
50407843269311,14:00:07.843,16.1800,100
50409006455700,14:00:09.006,16.1900,100
50409073171495,14:00:09.073,16.1800,4
50413263922575,14:00:13.263,16.1900,100
50413263959696,14:00:13.263,16.1900,100
50413264826695,14:00:13.264,16.1900,2
50416639038298,14:00:16.639,16.1900,63
50416639057258,14:00:16.639,16.1900,37
50423022964518,14:00:23.022,16.1800,200
50428387835084,14:00:28.387,16.1700,98
50441005400338,14:00:41.005,16.1600,200
50450026716957,14:00:50.026,16.1700,200
50450030533132,14:00:50.030,16.1500,300
50459200831261,14:00:59.200,16.1700,100
50466723551355,14:01:06.723,16.1800,100
50466724013872,14:01:06.724,16.1800,100
50478004853750,14:01:18.004,16.1600,14
50483005090206,14:01:23.005,16.1500,186
50483008515296,14:01:23.008,16.1500,100
50483008567100,14:01:23.008,16.1500,39
50483008567100,14:01:23.008,16.1500,100
50488004584768,14:01:28.004,16.1500,300
50495501124479,14:01:35.501,16.1500,200
50495501305202,14:01:35.501,16.1500,100
50508005658125,14:01:48.005,16.1500,100
50511025628309,14:01:51.025,16.1500,100
50515775757069,14:01:55.775,16.1400,19
50519004864071,14:01:59.004,16.1400,81
50527988337145,14:02:07.988,16.1400,19
50532004938305,14:02:12.004,16.1400,36
50533823342127,14:02:13.823,16.1400,100
50533823371330,14:02:13.823,16.1400,64
50536007990145,14:02:16.007,16.1300,100
50539938079698,14:02:19.938,16.1400,100
50539938309652,14:02:19.938,16.1400,63
50539938317959,14:02:19.938,16.1400,37
50539938317959,14:02:19.938,16.1400,3
50549471886625,14:02:29.471,16.1400,41
50549472002438,14:02:29.472,16.1400,56
50549473819997,14:02:29.473,16.1500,100
50549473819997,14:02:29.473,16.1400,100
50549478311322,14:02:29.478,16.1400,100
50567320064393,14:02:47.320,16.1400,100
50567320064393,14:02:47.320,16.1400,100
50567320305897,14:02:47.320,16.1400,100
50567352866219,14:02:47.352,16.1700,100
50570770056018,14:02:50.770,16.1700,100
50608823990884,14:03:28.823,16.1800,34
50608823990884,14:03:28.823,16.1800,166
50608824021791,14:03:28.824,16.1800,34
50645402658408,14:04:05.402,16.1900,200
50645402888459,14:04:05.402,16.1900,100
50656885452122,14:04:16.885,16.2000,200
50664487339700,14:04:24.487,16.2100,300
50664492546424,14:04:24.492,16.2100,100
50691366737844,14:04:51.366,16.2100,200
50691375313626,14:04:51.375,16.2100,100
50691510147718,14:04:51.510,16.2100,100
50707871016319,14:05:07.871,16.2200,39
50707871016319,14:05:07.871,16.2200,61
50707871261145,14:05:07.871,16.2200,2
50707871261145,14:05:07.871,16.2200,98
50707871269301,14:05:07.871,16.2200,100
50707871290771,14:05:07.871,16.2200,100
50707871305386,14:05:07.871,16.2200,2
50707871418590,14:05:07.871,16.2200,100
50707871418590,14:05:07.871,16.2200,51
50707871671537,14:05:07.871,16.2200,50
50707871689635,14:05:07.871,16.2200,50
50707873484764,14:05:07.873,16.2200,31
50707873600153,14:05:07.873,16.2200,69
50707873657676,14:05:07.873,16.2100,75
50707883487930,14:05:07.883,16.2100,100
50708004707225,14:05:08.004,16.2200,17
50709818097630,14:05:09.818,16.2200,4
50710004796714,14:05:10.004,16.2200,200
50713003607058,14:05:13.003,16.2200,100
50713003607058,14:05:13.003,16.2200,100
50720243033471,14:05:20.243,16.2200,200
50728005347030,14:05:28.005,16.2200,100
50738140091133,14:05:38.140,16.2200,100
50738142246891,14:05:38.142,16.2100,100
50764606908009,14:06:04.606,16.2100,81
50799476480128,14:06:39.476,16.2300,31
50799476480128,14:06:39.476,16.2300,69
50814019962617,14:06:54.019,16.2300,1
50814019966372,14:06:54.019,16.2300,1
50814019967635,14:06:54.019,16.2300,1
50814019968126,14:06:54.019,16.2300,1
50814019970066,14:06:54.019,16.2300,1
50814019981049,14:06:54.019,16.2300,1
50814019982822,14:06:54.019,16.2300,1
50814019984708,14:06:54.019,16.2300,1
50814019988300,14:06:54.019,16.2300,1
50814019989476,14:06:54.019,16.2300,1
50814020039408,14:06:54.020,16.2300,90
50814020039408,14:06:54.020,16.2300,10
50814022359474,14:06:54.022,16.2300,90
50837846972430,14:07:17.846,16.2400,100
50837886305842,14:07:17.886,16.2400,100
50894918158799,14:08:14.918,16.2400,2
50963760081223,14:09:23.760,16.2300,100
50963760081223,14:09:23.760,16.2300,14
50963760322810,14:09:23.760,16.2200,100
50963760335881,14:09:23.760,16.2100,50
50963760491323,14:09:23.760,16.2100,100
50963760500750,14:09:23.760,16.2100,50
50963760500750,14:09:23.760,16.2100,97
50963766565924,14:09:23.766,16.2100,103
50963766865803,14:09:23.766,16.2000,100
50964047690885,14:09:24.047,16.1900,100
50967582020578,14:09:27.582,16.1900,100
50979461319574,14:09:39.461,16.2100,33
50979461386492,14:09:39.461,16.2100,67
51030985279644,14:10:30.985,16.2000,92
51030985369549,14:10:30.985,16.2000,8
51042811043466,14:10:42.811,16.2000,100
51085866027639,14:11:25.866,16.2100,4
51085866027639,14:11:25.866,16.2100,200
51085866027639,14:11:25.866,16.2100,2
51085866694448,14:11:25.866,16.2200,100
51085869969750,14:11:25.869,16.2200,200
51085881031050,14:11:25.881,16.2200,100
51132065528065,14:12:12.065,16.2200,100
51132065528065,14:12:12.065,16.2200,57
51259713230845,14:14:19.713,16.2400,100
51259713316540,14:14:19.713,16.2400,200
51259713316540,14:14:19.713,16.2400,100
51259713790922,14:14:19.713,16.2400,30
51259713791471,14:14:19.713,16.2400,30
51259713803581,14:14:19.713,16.2400,40
51281422888696,14:14:41.422,16.2500,100
51284413381036,14:14:44.413,16.2500,1
51290490676526,14:14:50.490,16.2500,2
51290491100199,14:14:50.491,16.2500,9
51297026552354,14:14:57.026,16.2500,89
51297026552354,14:14:57.026,16.2500,100
51297332186781,14:14:57.332,16.2400,74
51300149038796,14:15:00.149,16.2400,26
51300149038796,14:15:00.149,16.2400,14
51300149109755,14:15:00.149,16.2400,41
51300150421219,14:15:00.150,16.2400,45
51300271050964,14:15:00.271,16.2200,100
51357369913888,14:15:57.369,16.2100,31
51382626829758,14:16:22.626,16.2200,100
51393174265987,14:16:33.174,16.2300,100
51417979617322,14:16:57.979,16.2300,1
51456489789677,14:17:36.489,16.2200,14
51456489789677,14:17:36.489,16.2200,86
51721065803180,14:22:01.065,16.2300,200
51828147281661,14:23:48.147,16.2500,100
51828147281661,14:23:48.147,16.2500,5
51828147710209,14:23:48.147,16.2500,95
51886867719942,14:24:46.867,16.2500,100
51896617665176,14:24:56.617,16.2500,100
51896617665176,14:24:56.617,16.2500,5
51998029094338,14:26:38.029,16.2400,100
51998029094338,14:26:38.029,16.2400,100
51998029094338,14:26:38.029,16.2400,14
52017623354165,14:26:57.623,16.2100,23
52071628490900,14:27:51.628,16.2000,100
52090933878141,14:28:10.933,16.2000,100
52090941033313,14:28:10.941,16.2000,3
52090941495320,14:28:10.941,16.2000,100
52126996913172,14:28:46.996,16.1900,77
52130025443139,14:28:50.025,16.1900,52
52131332532689,14:28:51.332,16.1900,48
52131332532689,14:28:51.332,16.2000,52
52131332532689,14:28:51.332,16.2000,100
52131340456906,14:28:51.340,16.2100,100
52131340456906,14:28:51.340,16.2100,100
52131342566497,14:28:51.342,16.2000,56
52143245321391,14:29:03.245,16.2100,200
52177008089870,14:29:37.008,16.2100,100
52228027879061,14:30:28.027,16.2100,6
52260325189978,14:31:00.325,16.2200,94
52260325189978,14:31:00.325,16.2200,100
52260325189978,14:31:00.325,16.2200,100
52260325189978,14:31:00.325,16.2200,100
52270257001257,14:31:10.257,16.1900,100
52290636090068,14:31:30.636,16.2100,100
52433421856036,14:33:53.421,16.2200,100
52433421887050,14:33:53.421,16.2200,86
52460271689903,14:34:20.271,16.2300,100
52471237208949,14:34:31.237,16.2300,100
52471237320918,14:34:31.237,16.2300,100
52497319637237,14:34:57.319,16.2400,80
52504200074835,14:35:04.200,16.2400,100
52543136611564,14:35:43.136,16.2500,100
52543137135995,14:35:43.137,16.2500,200
52553799053384,14:35:53.799,16.2500,100
52556008721330,14:35:56.008,16.2500,200
52556010689989,14:35:56.010,16.2400,14
52556010689989,14:35:56.010,16.2400,100
52556010689989,14:35:56.010,16.2400,100
52556010689989,14:35:56.010,16.2400,100
52626055939829,14:37:06.055,16.2100,100
52626055939829,14:37:06.055,16.2100,100
52626055970342,14:37:06.055,16.2100,39
52700416889544,14:38:20.416,16.2100,100
52836716038255,14:40:36.716,16.2000,100
52877419833549,14:41:17.419,16.2100,1
52882569567078,14:41:22.569,16.2100,13
52888345022636,14:41:28.345,16.2100,200
52917428494895,14:41:57.428,16.2000,78
52918402277109,14:41:58.402,16.2000,1
52930248812530,14:42:10.248,16.2100,100
52930248974226,14:42:10.248,16.2200,100
52930248974226,14:42:10.248,16.2200,200
52930248974226,14:42:10.248,16.2200,100
52930248974226,14:42:10.248,16.2200,100
52983983507611,14:43:03.983,16.2000,21
53228480015538,14:47:08.480,16.2100,100
53228480015538,14:47:08.480,16.2100,100
53228480015538,14:47:08.480,16.2100,100
53228480551631,14:47:08.480,16.2200,100
53228480551631,14:47:08.480,16.2200,2
53228480551631,14:47:08.480,16.2200,98
53228483334827,14:47:08.483,16.2200,100
53233499851214,14:47:13.499,16.2400,200
53242073166155,14:47:22.073,16.2400,100
53264045472371,14:47:44.045,16.2500,92
53285581554707,14:48:05.581,16.2400,100
53285581554707,14:48:05.581,16.2400,100
53285586179573,14:48:05.586,16.2300,100
53285586179573,14:48:05.586,16.2300,100
53285586209445,14:48:05.586,16.2300,40
53285611481852,14:48:05.611,16.2000,200
53300232489099,14:48:20.232,16.2000,100
53300717681691,14:48:20.717,16.2200,100
53350381642786,14:49:10.381,16.2200,100
53350381829646,14:49:10.381,16.2200,100
53350382128349,14:49:10.382,16.2200,100
53350382128349,14:49:10.382,16.2200,100
53350382733337,14:49:10.382,16.2200,100
53350382733337,14:49:10.382,16.2200,100
53350382733337,14:49:10.382,16.2200,100
53350382895470,14:49:10.382,16.2200,100
53350382895470,14:49:10.382,16.2200,100
53350458845050,14:49:10.458,16.2200,200
53350458845050,14:49:10.458,16.2200,100
53360056654499,14:49:20.056,16.2200,100
53360056654499,14:49:20.056,16.2200,200
53360056654499,14:49:20.056,16.2200,100
53360056830945,14:49:20.056,16.2200,100
53360057439085,14:49:20.057,16.2200,100
53360057439085,14:49:20.057,16.2200,100
53360057439085,14:49:20.057,16.2200,100
53360057619293,14:49:20.057,16.2200,200
53368287431905,14:49:28.287,16.2200,100
53368287431905,14:49:28.287,16.2200,200
53368287597164,14:49:28.287,16.2200,100
53368288522150,14:49:28.288,16.2200,100
53368288522150,14:49:28.288,16.2200,100
53368288522150,14:49:28.288,16.2200,100
53374749043577,14:49:34.749,16.2200,100
53374749043577,14:49:34.749,16.2200,100
53384737133686,14:49:44.737,16.2200,100
53384737133686,14:49:44.737,16.2200,100
53384737311987,14:49:44.737,16.2200,100
53384737311987,14:49:44.737,16.2200,100
53393341181883,14:49:53.341,16.2200,100
53393341413736,14:49:53.341,16.2200,1
53393341413736,14:49:53.341,16.2200,1
53393341504371,14:49:53.341,16.2200,99
53393341504371,14:49:53.341,16.2200,100
53417255763571,14:50:17.255,16.2100,100
53425938892036,14:50:25.938,16.2100,50
53425938906477,14:50:25.938,16.2100,37
53425938908406,14:50:25.938,16.2100,13
53425938908406,14:50:25.938,16.2100,24
53425938912598,14:50:25.938,16.2100,39
53425938929251,14:50:25.938,16.2100,37
53425938929251,14:50:25.938,16.2100,63
53428069887284,14:50:28.069,16.2100,100
53470558983360,14:51:10.558,16.2000,100
53507866421483,14:51:47.866,16.2000,5
53507866421483,14:51:47.866,16.2000,100
53507870873103,14:51:47.870,16.2100,200
53532487663369,14:52:12.487,16.2200,53
53533792960704,14:52:13.792,16.2200,47
53533792960704,14:52:13.792,16.2200,53
53533938766195,14:52:13.938,16.2100,100
53560591435602,14:52:40.591,16.2300,100
53560591435602,14:52:40.591,16.2300,1
53560591742582,14:52:40.591,16.2250,100
53560592100635,14:52:40.592,16.2250,100
53560592448043,14:52:40.592,16.2250,100
53560592704999,14:52:40.592,16.2250,100
53581511274587,14:53:01.511,16.2200,1
53592719580822,14:53:12.719,16.2200,99
53646161878403,14:54:06.161,16.2400,200
53646161979981,14:54:06.161,16.2400,100
53649316900821,14:54:09.316,16.2300,100
53649316900821,14:54:09.316,16.2300,16
53649316900821,14:54:09.316,16.2300,100
53649316900821,14:54:09.316,16.2300,100
53649317461088,14:54:09.317,16.2200,5
53649317633634,14:54:09.317,16.2200,9
53649317633634,14:54:09.317,16.2200,100
53649317633634,14:54:09.317,16.2200,100
53649317673773,14:54:09.317,16.2200,100
53649318001403,14:54:09.318,16.2200,100
53651132739297,14:54:11.132,16.2200,1000
53651133136605,14:54:11.133,16.2200,100
53651133156819,14:54:11.133,16.2200,100
53651133383372,14:54:11.133,16.2200,800
53651133383372,14:54:11.133,16.2200,100
53651133556220,14:54:11.133,16.2200,68
53651136272751,14:54:11.136,16.2300,100
53651136272751,14:54:11.136,16.2300,200
53665198053271,14:54:25.198,16.2300,100
53665248377292,14:54:25.248,16.2300,32
53668005126474,14:54:28.005,16.2200,100
53668027736136,14:54:28.027,16.2200,100
53668028129638,14:54:28.028,16.2200,100
53668075490553,14:54:28.075,16.2100,100
53742063467402,14:55:42.063,16.2100,33
53981763290432,14:59:41.763,16.2100,100
54050978868780,15:00:50.978,16.2000,200
54050978868780,15:00:50.978,16.2000,33
54051102717562,15:00:51.102,16.2000,100
54179827097416,15:02:59.827,16.2000,100
54210121068767,15:03:30.121,16.2100,100
54210121068767,15:03:30.121,16.2100,100
54210121110688,15:03:30.121,16.2100,3
54212778503753,15:03:32.778,16.2100,100
54212778503753,15:03:32.778,16.2100,100
54212778582680,15:03:32.778,16.2100,200
54212778582680,15:03:32.778,16.2100,100
54229801757293,15:03:49.801,16.2000,98
54229801757293,15:03:49.801,16.2000,200
54229801757293,15:03:49.801,16.2000,35
54229801835907,15:03:49.801,16.2000,65
54229801835907,15:03:49.801,16.2000,100
54229801835907,15:03:49.801,16.2000,32
54249985785013,15:04:09.985,16.2000,68
54249985785013,15:04:09.985,16.2000,32
54283164248194,15:04:43.164,16.2000,168
54283164248194,15:04:43.164,16.2000,32
54283164283090,15:04:43.164,16.2000,68
54283165297453,15:04:43.165,16.2000,100
54297007325812,15:04:57.007,16.2000,63
54357015381372,15:05:57.015,16.2000,53
54363251299237,15:06:03.251,16.2000,84
54363251299237,15:06:03.251,16.2000,100
54363251299237,15:06:03.251,16.2000,100
54363251299237,15:06:03.251,16.2000,116
54363251343010,15:06:03.251,16.2000,84
54363251361628,15:06:03.251,16.2000,100
54363251396664,15:06:03.251,16.2000,100
54363251430668,15:06:03.251,16.2000,16
54399597086427,15:06:39.597,16.2100,200
54399597086427,15:06:39.597,16.2100,100
54399597086427,15:06:39.597,16.2100,100
54399597086427,15:06:39.597,16.2100,100
54399597086427,15:06:39.597,16.2100,100
54416471938272,15:06:56.471,16.2100,100
54416471938272,15:06:56.471,16.2100,14
54416471938272,15:06:56.471,16.2100,100
54416472388251,15:06:56.472,16.2100,100
54417017141513,15:06:57.017,16.2100,22
54423768177244,15:07:03.768,16.2100,4
54443467367988,15:07:23.467,16.2100,100
54466958952044,15:07:46.958,16.2000,100
54466958952044,15:07:46.958,16.2000,200
54466958952044,15:07:46.958,16.2000,33
54466963906459,15:07:46.963,16.2000,67
54466963906459,15:07:46.963,16.2000,33
54474751964737,15:07:54.751,16.2000,200
54474751964737,15:07:54.751,16.2000,4
54474751964737,15:07:54.751,16.2000,9
54474752041810,15:07:54.752,16.2000,100
54474752157033,15:07:54.752,16.2000,100
54474752157033,15:07:54.752,16.2000,100
54477771518216,15:07:57.771,16.2000,70
54482657383880,15:08:02.657,16.2100,100
54489844215399,15:08:09.844,16.2100,100
54489844215399,15:08:09.844,16.2100,33
54512223190629,15:08:32.223,16.2100,67
54512223190629,15:08:32.223,16.2100,100
54512223190629,15:08:32.223,16.2100,100
54512245905035,15:08:32.245,16.2100,100
54512246002905,15:08:32.246,16.2100,100
54518272159114,15:08:38.272,16.2200,100
54518272159114,15:08:38.272,16.2200,188
54590711833888,15:09:50.711,16.2100,100
54590726000265,15:09:50.726,16.2100,100
54597266740788,15:09:57.266,16.2100,14
54597997548127,15:09:57.997,16.2100,1
54608991299009,15:10:08.991,16.2100,85
54608991299009,15:10:08.991,16.2000,130
54608991299009,15:10:08.991,16.2000,18
54608992840088,15:10:08.992,16.2000,82
54608992840088,15:10:08.992,16.2000,18
54608992861368,15:10:08.992,16.2000,100
54608992895851,15:10:08.992,16.2000,82
54608992895851,15:10:08.992,16.2000,18
54608992937347,15:10:08.992,16.2000,100
54608992967187,15:10:08.992,16.2000,100
54608993058115,15:10:08.993,16.2000,100
54664410137756,15:11:04.410,16.2000,100
54664410137756,15:11:04.410,16.2000,100
54664410137756,15:11:04.410,16.2000,100
54664410137756,15:11:04.410,16.2000,100
54664410137756,15:11:04.410,16.2000,10
54664410137756,15:11:04.410,16.2000,57
54664410422703,15:11:04.410,16.2000,100
54760942950347,15:12:40.942,16.1900,100
54763428144790,15:12:43.428,16.1900,30
54834749664248,15:13:54.749,16.1900,70
54834749664248,15:13:54.749,16.1900,100
54834749664248,15:13:54.749,16.1900,14
54910033994245,15:15:10.033,16.1900,100
54910033994245,15:15:10.033,16.1900,100
54950429866060,15:15:50.429,16.2000,100
54950429866060,15:15:50.429,16.2000,100
54950429866060,15:15:50.429,16.2000,51
54950429866060,15:15:50.429,16.2000,100
54950429866060,15:15:50.429,16.2000,100
54968332607126,15:16:08.332,16.2000,100
54968332607126,15:16:08.332,16.2000,100
54968332607126,15:16:08.332,16.2000,100
54968342888129,15:16:08.342,16.1900,100
54968343699430,15:16:08.343,16.1900,100
54968354049633,15:16:08.354,16.2000,67
54968354367843,15:16:08.354,16.2000,17
55001035750266,15:16:41.035,16.1900,100
55018963470248,15:16:58.963,16.1800,1
55058990071668,15:17:38.990,16.1800,99
55059003136755,15:17:39.003,16.1800,29
55059003136755,15:17:39.003,16.1800,71
55169672528061,15:19:29.672,16.1700,2
55169699491888,15:19:29.699,16.1700,100
55173045717334,15:19:33.045,16.1800,100
55173045717334,15:19:33.045,16.1800,100
55173045717334,15:19:33.045,16.1800,100
55173158140220,15:19:33.158,16.2000,100
55197996694031,15:19:57.996,16.2100,72
55200071683451,15:20:00.071,16.2200,100
55200071811778,15:20:00.071,16.2200,81
55200073131384,15:20:00.073,16.2200,19
55200073131384,15:20:00.073,16.2200,62
55211437371119,15:20:11.437,16.2100,28
55211437371119,15:20:11.437,16.2100,100
55211437371119,15:20:11.437,16.2100,72
55234000986016,15:20:34.000,16.2000,62
55253756871098,15:20:53.756,16.2100,100
55317077564484,15:21:57.077,16.2000,24
55331105694184,15:22:11.105,16.2000,4
55331105694184,15:22:11.105,16.2000,30
55331105705831,15:22:11.105,16.2000,33
55331105724554,15:22:11.105,16.2000,37
55497934745128,15:24:57.934,16.1700,93
55497934815955,15:24:57.934,16.1700,7
55498624414841,15:24:58.624,16.1600,1
55509055435824,15:25:09.055,16.1600,99
55509055435824,15:25:09.055,16.1600,1
55582231862840,15:26:22.231,16.1700,100
55582231862840,15:26:22.231,16.1700,100
55586160494495,15:26:26.160,16.1600,100
55591857937286,15:26:31.857,16.1700,2
55591857937286,15:26:31.857,16.1700,98
55596644020413,15:26:36.644,16.1700,2
55675010383798,15:27:55.010,16.1600,100
55675012719891,15:27:55.012,16.1700,100
55675119027799,15:27:55.119,16.1700,100
55694491632177,15:28:14.491,16.1700,100
55694491632177,15:28:14.491,16.1700,5
55694617417473,15:28:14.617,16.1700,95
55714579857245,15:28:34.579,16.1600,100
55783047875825,15:29:43.047,16.1500,100
55788074413469,15:29:48.074,16.1500,95
55788074413469,15:29:48.074,16.1500,5
55791897982409,15:29:51.897,16.1500,33
55791898010768,15:29:51.898,16.1500,34
55797605692033,15:29:57.605,16.1500,28
55797608598995,15:29:57.608,16.1500,72
55840230516452,15:30:40.230,16.1600,100
55840230516452,15:30:40.230,16.1600,100
55840252734862,15:30:40.252,16.1700,100
55840252734862,15:30:40.252,16.1700,100
55850285559511,15:30:50.285,16.1700,300
55853392129113,15:30:53.392,16.1700,100
55853392129113,15:30:53.392,16.1700,100
55853393180304,15:30:53.393,16.1700,95
55896142924218,15:31:36.142,16.1600,100
55896143456632,15:31:36.143,16.1500,95
55896158219186,15:31:36.158,16.1400,100
55896170931142,15:31:36.170,16.1400,100
55896170931142,15:31:36.170,16.1400,100
55896171333330,15:31:36.171,16.1400,63
55896171336575,15:31:36.171,16.1400,29
55896171343488,15:31:36.171,16.1400,8
55896171747766,15:31:36.171,16.1400,200
55896249147069,15:31:36.249,16.1400,100
55897524872830,15:31:37.524,16.1400,2
55912269944282,15:31:52.269,16.1400,98
55914068993961,15:31:54.068,16.1400,100
55930521750506,15:32:10.521,16.1300,100
55933844603163,15:32:13.844,16.1300,100
55986567036598,15:33:06.567,16.1400,100
56007248937930,15:33:27.248,16.1300,1
56007248937930,15:33:27.248,16.1300,99
56007994586230,15:33:27.994,16.1300,1
56012620776532,15:33:32.620,16.1200,100
56013849068500,15:33:33.849,16.1200,40
56037502560730,15:33:57.502,16.1100,2
56038228527667,15:33:58.228,16.1100,1
56088566853474,15:34:48.566,16.1100,97
56126292388258,15:35:26.292,16.1200,100
56126294412250,15:35:26.294,16.1200,97
56126294420421,15:35:26.294,16.1200,3
56126294420421,15:35:26.294,16.1200,56
56126294530774,15:35:26.294,16.1200,44
56128060906637,15:35:28.060,16.1300,100
56169767043709,15:36:09.767,16.1200,100
56169767043709,15:36:09.767,16.1200,100
56169767278293,15:36:09.767,16.1200,48
56169767294042,15:36:09.767,16.1200,30
56169767432297,15:36:09.767,16.1200,22
56169767432297,15:36:09.767,16.1200,78
56169767474276,15:36:09.767,16.1200,22
56343916633414,15:39:03.916,16.1000,100
56345411129728,15:39:05.411,16.1000,100
56358082449044,15:39:18.082,16.0900,100
56404966998367,15:40:04.966,16.0900,100
56417070240615,15:40:17.070,16.0900,100
56448019668043,15:40:48.019,16.1000,100
56448020007883,15:40:48.020,16.1000,100
56448020033651,15:40:48.020,16.1000,100
56461012607078,15:41:01.012,16.1000,100
56463183754942,15:41:03.183,16.1000,100
56463183754942,15:41:03.183,16.1000,100
56463184458809,15:41:03.184,16.1000,100
56463901017244,15:41:03.901,16.0900,100
56463901017244,15:41:03.901,16.0900,3
56463901360651,15:41:03.901,16.0800,40
56478904930973,15:41:18.904,16.0800,100
56478904930973,15:41:18.904,16.0800,97
56521249772221,15:42:01.249,16.0800,100
56521249772221,15:42:01.249,16.0800,100
56522416422098,15:42:02.416,16.0700,200
56523707819395,15:42:03.707,16.0700,100
56529616996277,15:42:09.616,16.0800,100
56529616996277,15:42:09.616,16.0800,36
56532842835697,15:42:12.842,16.0800,64
56532887625339,15:42:12.887,16.0800,100
56547738426228,15:42:27.738,16.0700,100
56547738426228,15:42:27.738,16.0700,50
56547784713417,15:42:27.784,16.0700,50
56547784713417,15:42:27.784,16.0700,50
56702379838562,15:45:02.379,16.0800,100
56702379838562,15:45:02.379,16.0800,100
56702379838562,15:45:02.379,16.0800,100
56702427779183,15:45:02.427,16.0800,3
56741653275198,15:45:41.653,16.0900,100
56746648214388,15:45:46.648,16.1000,100
56746648214388,15:45:46.648,16.1000,100
56746648300552,15:45:46.648,16.1000,44
56746648321297,15:45:46.648,16.1000,56
56746648406701,15:45:46.648,16.1000,100
56746667935922,15:45:46.667,16.1000,100
56761290223506,15:46:01.290,16.0900,100
56761290223506,15:46:01.290,16.0900,15
56764677138122,15:46:04.677,16.0900,85
56764677138122,15:46:04.677,16.0900,61
56781915016735,15:46:21.915,16.0800,100
56781915833065,15:46:21.915,16.0800,200
56820518437741,15:47:00.518,16.0900,76
56820518667848,15:47:00.518,16.0900,24
56877100780929,15:47:57.100,16.0800,34
56889388254424,15:48:09.388,16.0800,100
56889388254424,15:48:09.388,16.0800,17
56898826937818,15:48:18.826,16.0800,83
56898826937818,15:48:18.826,16.0800,17
56909446476724,15:48:29.446,16.0800,83
56909446476724,15:48:29.446,16.0800,17
56914344237956,15:48:34.344,16.0800,83
56914344237956,15:48:34.344,16.0800,17
56937416312443,15:48:57.416,16.0900,3
56939609060571,15:48:59.609,16.0900,97
56939609060571,15:48:59.609,16.0900,3
56953345788387,15:49:13.345,16.0900,197
56953345788387,15:49:13.345,16.0900,3
56953389327459,15:49:13.389,16.0900,100
56958334072560,15:49:18.334,16.0900,97
56958334072560,15:49:18.334,16.0900,3
56958334115544,15:49:18.334,16.0900,71
56965235687524,15:49:25.235,16.0900,100
56965236136398,15:49:25.236,16.0900,100
56984541213491,15:49:44.541,16.0900,100
57005057013357,15:50:05.057,16.0900,100
57005057013357,15:50:05.057,16.0900,2
57024543834099,15:50:24.543,16.0800,100
57188791897174,15:53:08.791,16.1000,100
57188791897174,15:53:08.791,16.1000,83
57189210414359,15:53:09.210,16.1000,17
57189210414359,15:53:09.210,16.1000,100
57189210414359,15:53:09.210,16.1000,83
57189210440627,15:53:09.210,16.1000,17
57204762507330,15:53:24.762,16.0900,100
57204762626814,15:53:24.762,16.0900,100
57204763915798,15:53:24.763,16.0900,200
57204764899071,15:53:24.764,16.0900,100
57204768516892,15:53:24.768,16.0900,100
57204768609459,15:53:24.768,16.0900,100
57204769068907,15:53:24.769,16.0900,2
57204769070702,15:53:24.769,16.0900,100
57204769983626,15:53:24.769,16.0900,100
57204779165573,15:53:24.779,16.0900,98
57204779165573,15:53:24.779,16.0900,2
57204779906018,15:53:24.779,16.0900,98
57204779906018,15:53:24.779,16.0900,2
57204792786907,15:53:24.792,16.0900,98
57204799309612,15:53:24.799,16.0800,100
57204803061049,15:53:24.803,16.0800,100
57204803061049,15:53:24.803,16.0800,100
57204803061049,15:53:24.803,16.0800,100
57204806743897,15:53:24.806,16.0800,100
57204806743897,15:53:24.806,16.0800,100
57204821854249,15:53:24.821,16.0700,100
57204821854249,15:53:24.821,16.0700,100
57204825695451,15:53:24.825,16.0700,100
57204825695451,15:53:24.825,16.0700,100
57204834162679,15:53:24.834,16.0700,100
57204834629939,15:53:24.834,16.0700,100
57204834629939,15:53:24.834,16.0700,100
57204834754120,15:53:24.834,16.0700,100
57204839968921,15:53:24.839,16.0700,100
57204839996560,15:53:24.839,16.0700,100
57204841348473,15:53:24.841,16.0700,100
57207352845321,15:53:27.352,16.0700,100
57207352845321,15:53:27.352,16.0700,100
57207352845321,15:53:27.352,16.0700,100
57207352845321,15:53:27.352,16.0700,100
57207374233527,15:53:27.374,16.0700,100
57207377534277,15:53:27.377,16.0700,100
57207377935742,15:53:27.377,16.0700,100
57213937118236,15:53:33.937,16.0700,45
57219306716033,15:53:39.306,16.0700,55
57219306716033,15:53:39.306,16.0700,100
57219306716033,15:53:39.306,16.0700,145
57219306759002,15:53:39.306,16.0700,155
57219317601524,15:53:39.317,16.0800,100
57219317601524,15:53:39.317,16.0800,100
57219327057135,15:53:39.327,16.0700,100
57219328478494,15:53:39.328,16.0700,5
57219330197836,15:53:39.330,16.0700,100
57219332054726,15:53:39.332,16.0700,100
57219333479451,15:53:39.333,16.0700,95
57219333479451,15:53:39.333,16.0700,5
57219334732694,15:53:39.334,16.0700,195
57219334732694,15:53:39.334,16.0700,5
57219343158131,15:53:39.343,16.0700,95
57219343158131,15:53:39.343,16.0700,5
57268131811234,15:54:28.131,16.0800,1
57268131811234,15:54:28.131,16.0800,40
57268133701395,15:54:28.133,16.0800,60
57272429944700,15:54:32.429,16.0900,100
57281388632026,15:54:41.388,16.0950,100
57281391077824,15:54:41.391,16.1000,100
57281391612036,15:54:41.391,16.1000,100
57281391612036,15:54:41.391,16.1000,73
57281392218171,15:54:41.392,16.1000,27
57281392218171,15:54:41.392,16.1000,100
57281392218171,15:54:41.392,16.1000,100
57282210341638,15:54:42.210,16.1100,65
57287337071084,15:54:47.337,16.1100,35
57287337071084,15:54:47.337,16.1100,100
57287337071084,15:54:47.337,16.1100,65
57287337752522,15:54:47.337,16.1100,35
57287337752522,15:54:47.337,16.1100,100
57295254854252,15:54:55.254,16.1200,100
57295254854252,15:54:55.254,16.1200,100
57295255529584,15:54:55.255,16.1200,100
57295256093810,15:54:55.256,16.1200,100
57295257416184,15:54:55.257,16.1200,100
57295257416184,15:54:55.257,16.1200,100
57301012958764,15:55:01.012,16.1500,30
57301013201149,15:55:01.013,16.1500,50
57305389400303,15:55:05.389,16.1500,300
57305390355954,15:55:05.390,16.1500,200
57305392460913,15:55:05.392,16.1500,300
57305392497176,15:55:05.392,16.1500,81
57306625908897,15:55:06.625,16.1500,100
57310206662232,15:55:10.206,16.1500,39
57310206662232,15:55:10.206,16.1500,61
57310206768002,15:55:10.206,16.1500,39
57310206768002,15:55:10.206,16.1500,100
57311097883438,15:55:11.097,16.1600,100
57312992388125,15:55:12.992,16.1600,41
57317864904889,15:55:17.864,16.1600,200
57320758317241,15:55:20.758,16.1600,1
57321405291020,15:55:21.405,16.1550,4
57325334539236,15:55:25.334,16.1600,100
57330240252152,15:55:30.240,16.1600,600
57330240283053,15:55:30.240,16.1600,58
57330383087677,15:55:30.383,16.1700,100
57330384995997,15:55:30.384,16.1800,95
57330384995997,15:55:30.384,16.1800,5
57349318780500,15:55:49.318,16.1800,21
57349319218853,15:55:49.319,16.1800,79
57349319218853,15:55:49.319,16.1800,100
57349319218853,15:55:49.319,16.1800,21
57349319221638,15:55:49.319,16.1800,50
57349319230428,15:55:49.319,16.1800,74
57349319230428,15:55:49.319,16.1800,100
57349319230428,15:55:49.319,16.1800,126
57349319233921,15:55:49.319,16.1800,74
57349319233921,15:55:49.319,16.1800,26
57349319470593,15:55:49.319,16.1800,74
57349319547180,15:55:49.319,16.1800,100
57349319575949,15:55:49.319,16.1800,100
57349319759918,15:55:49.319,16.1800,100
57349319759918,15:55:49.319,16.1800,100
57349319759918,15:55:49.319,16.1800,100
57349432328004,15:55:49.432,16.1700,100
57373225251528,15:56:13.225,16.1900,53
57373271327363,15:56:13.271,16.1900,47
57373271327363,15:56:13.271,16.1900,100
57373271327363,15:56:13.271,16.1900,53
57373271560505,15:56:13.271,16.1900,44
57373271769919,15:56:13.271,16.1900,3
57377702575682,15:56:17.702,16.2000,19
57383269954297,15:56:23.269,16.1900,200
57383269954297,15:56:23.269,16.1900,100
57383269954297,15:56:23.269,16.1900,67
57383293512467,15:56:23.293,16.1900,33
57383293512467,15:56:23.293,16.1900,67
57396090794847,15:56:36.090,16.1900,33
57396090794847,15:56:36.090,16.1900,100
57396090794847,15:56:36.090,16.1900,100
57396090794847,15:56:36.090,16.1900,100
57396114522500,15:56:36.114,16.1800,302
57402950089404,15:56:42.950,16.1900,100
57402950089404,15:56:42.950,16.1900,100
57402960705107,15:56:42.960,16.1800,31
57402960705107,15:56:42.960,16.1800,100
57402960705107,15:56:42.960,16.1800,100
57402960705107,15:56:42.960,16.1800,36
57411908559642,15:56:51.908,16.1800,2
57411908559642,15:56:51.908,16.1800,100
57411908559642,15:56:51.908,16.1800,100
57411921324103,15:56:51.921,16.1800,100
57422793492589,15:57:02.793,16.1800,100
57431694698164,15:57:11.694,16.1800,100
57432147808943,15:57:12.147,16.1900,2
57432157491176,15:57:12.157,16.1900,100
57432157491176,15:57:12.157,16.1900,100
57432157491176,15:57:12.157,16.1900,100
57432341076129,15:57:12.341,16.2000,315
57441874579264,15:57:21.874,16.1900,100
57441874579264,15:57:21.874,16.1900,100
57441874579264,15:57:21.874,16.1900,167
57448031294360,15:57:28.031,16.1900,100
57448031294360,15:57:28.031,16.1900,100
57448031294360,15:57:28.031,16.1900,100
57448031294360,15:57:28.031,16.1900,100
57448031294360,15:57:28.031,16.1900,67
57451385505557,15:57:31.385,16.1950,23
57480858710961,15:58:00.858,16.1900,63
57480859433365,15:58:00.859,16.1900,37
57480859433365,15:58:00.859,16.1900,26
57480859666520,15:58:00.859,16.1900,63
57480860079520,15:58:00.860,16.1900,11
57480860079520,15:58:00.860,16.1900,52
57480860135615,15:58:00.860,16.1900,48
57480860135615,15:58:00.860,16.1900,15
57484371698678,15:58:04.371,16.1900,85
57484371698678,15:58:04.371,16.1900,72
57484371698678,15:58:04.371,16.1900,100
57484371698678,15:58:04.371,16.1900,100
57484371698678,15:58:04.371,16.1900,10
57489329674265,15:58:09.329,16.1900,323
57489329674265,15:58:09.329,16.1900,44
57489329824759,15:58:09.329,16.1900,327
57489329824759,15:58:09.329,16.1900,100
57489329824759,15:58:09.329,16.1900,100
57489329824759,15:58:09.329,16.1900,100
57489334562280,15:58:09.334,16.1900,100
57489341518018,15:58:09.341,16.1800,100
57492907724619,15:58:12.907,16.1800,72
57492907724619,15:58:12.907,16.1800,100
57493036569352,15:58:13.036,16.1900,100
57493036569352,15:58:13.036,16.1900,27
57493796741115,15:58:13.796,16.1900,300
57493796820034,15:58:13.796,16.1900,121
57493796968516,15:58:13.796,16.1900,119
57493797219331,15:58:13.797,16.1900,533
57493797219331,15:58:13.797,16.1900,50
57496367769697,15:58:16.367,16.1900,72
57496367769697,15:58:16.367,16.1900,100
57496367769697,15:58:16.367,16.1900,100
57496367769697,15:58:16.367,16.1900,333
57496388930791,15:58:16.388,16.1900,72
57496420230374,15:58:16.420,16.1900,100
57503568996087,15:58:23.568,16.1900,135
57503568996087,15:58:23.568,16.1900,100
57503568996087,15:58:23.568,16.1900,100
57503568996087,15:58:23.568,16.1900,80
57503568996087,15:58:23.568,16.1900,100
57503592841452,15:58:23.592,16.1900,52
57511987291440,15:58:31.987,16.1900,100
57511987291440,15:58:31.987,16.1900,100
57511987291440,15:58:31.987,16.1900,100
57511987291440,15:58:31.987,16.1900,100
57511987291440,15:58:31.987,16.1900,267
57515095401827,15:58:35.095,16.1900,8
57518309481546,15:58:38.309,16.1900,92
57518309481546,15:58:38.309,16.1900,100
57518309481546,15:58:38.309,16.1900,100
57518309481546,15:58:38.309,16.1900,375
57520707224109,15:58:40.707,16.1900,100
57521014164176,15:58:41.014,16.1900,100
57523610838255,15:58:43.610,16.1900,100
57523610838255,15:58:43.610,16.1900,311
57523610838255,15:58:43.610,16.1900,156
57530167852060,15:58:50.167,16.1900,100
57531590026258,15:58:51.590,16.1900,100
57531618553144,15:58:51.618,16.1800,67
57541113181699,15:59:01.113,16.1800,17
57543386894579,15:59:03.386,16.1800,100
57551637565359,15:59:11.637,16.1900,200
57552110753184,15:59:12.110,16.1900,100
57552977983734,15:59:12.977,16.1900,267
57559243114009,15:59:19.243,16.2000,255
57559325204204,15:59:19.325,16.2000,100
57559325326093,15:59:19.325,16.2000,200
57559334617548,15:59:19.334,16.2000,300
57559335537291,15:59:19.335,16.2000,111
57559335537291,15:59:19.335,16.2000,89
57559336775973,15:59:19.336,16.2000,500
57559336810034,15:59:19.336,16.2000,111
57559336810034,15:59:19.336,16.2000,89
57559337005031,15:59:19.337,16.2000,30
57559337222239,15:59:19.337,16.2000,100
57559346629805,15:59:19.346,16.2000,181
57559346629805,15:59:19.346,16.2000,319
57559346659281,15:59:19.346,16.2000,23
57559349775781,15:59:19.349,16.2000,500
57559393306101,15:59:19.393,16.2000,100
57559393738471,15:59:19.393,16.2000,100
57559394497681,15:59:19.394,16.2000,50
57559394497681,15:59:19.394,16.2000,50
57559394497681,15:59:19.394,16.2000,82
57559395156692,15:59:19.395,16.2000,100
57559444788616,15:59:19.444,16.2000,18
57559748127062,15:59:19.748,16.2000,82
57559748127062,15:59:19.748,16.2000,18
57560195286814,15:59:20.195,16.2000,100
57560199698539,15:59:20.199,16.2000,82
57561527920728,15:59:21.527,16.2000,200
57561527920728,15:59:21.527,16.2000,66
57561527920728,15:59:21.527,16.2000,401
57561697825850,15:59:21.697,16.2050,100
57561697825850,15:59:21.697,16.2100,58
57561873603030,15:59:21.873,16.2100,30
57567262342728,15:59:27.262,16.2100,100
57567265734235,15:59:27.265,16.2100,100
57567988401945,15:59:27.988,16.2000,285
57567988401945,15:59:27.988,16.2000,200
57567988401945,15:59:27.988,16.2000,100
57567988401945,15:59:27.988,16.2000,100
57567988401945,15:59:27.988,16.2000,200
57567988401945,15:59:27.988,16.2000,250
57567992869966,15:59:27.992,16.2050,51
57571041070276,15:59:31.041,16.2100,100
57576149910959,15:59:36.149,16.2000,24
57576149910959,15:59:36.149,16.2000,333
57576149910959,15:59:36.149,16.2000,686
57576149910959,15:59:36.149,16.2000,300
57576149910959,15:59:36.149,16.2000,100
57578230960137,15:59:38.230,16.2000,200
57581004148247,15:59:41.004,16.2000,27
57585111005738,15:59:45.111,16.2000,200
57590036123904,15:59:50.036,16.2000,100
57590043901319,15:59:50.043,16.2000,23
57590043901319,15:59:50.043,16.2000,77
57590077287537,15:59:50.077,16.2100,38
57590104799536,15:59:50.104,16.2100,38
57591003917524,15:59:51.003,16.2100,17
57595718460595,15:59:55.718,16.2100,319
57595718460595,15:59:55.718,16.2100,181
57595719209759,15:59:55.719,16.2100,20
57595735928483,15:59:55.735,16.2100,100
57595735928483,15:59:55.735,16.2100,300
57597714497763,15:59:57.714,16.2100,7
57597739070001,15:59:57.739,16.2000,46
57597750614889,15:59:57.750,16.2000,54
57597750614889,15:59:57.750,16.1900,49
57597790223212,15:59:57.790,16.2100,100
57597917816881,15:59:57.917,16.2100,200
57599913451445,15:59:59.913,16.2100,100
57600755122157,16:00:00.755,16.2000,44928
