timestamp,time,price,volume
34200263284751,09:30:00.263,0.0000,0
34572478417920,09:36:12.478,44.3400,100
34572478644503,09:36:12.478,44.3300,43
34835303597637,09:40:35.303,44.2600,63
34835303609866,09:40:35.303,44.2600,37
34835304360103,09:40:35.304,44.2500,100
34906289380118,09:41:46.289,44.2800,5
34940674333495,09:42:20.674,44.2500,28
34940674359153,09:42:20.674,44.2500,10
35037720765762,09:43:57.720,44.2800,100
35073986190283,09:44:33.986,44.3100,7
35073986293021,09:44:33.986,44.3100,37
35074716227556,09:44:34.716,44.3100,6
35074716252098,09:44:34.716,44.3100,50
35100598501649,09:45:00.598,44.3100,100
35201439265705,09:46:41.439,44.3100,52
35201439271290,09:46:41.439,44.3100,37
35201440298249,09:46:41.440,44.3100,11
35201440298249,09:46:41.440,44.3100,100
35309242971484,09:48:29.242,44.2800,100
35336086118679,09:48:56.086,44.2600,100
35336086118679,09:48:56.086,44.2600,117
35359722962173,09:49:19.722,44.2800,100
35641416658507,09:54:01.416,44.2000,100
35647747250629,09:54:07.747,44.2200,100
35659720911955,09:54:19.720,44.2200,76
35659720911955,09:54:19.720,44.2200,51
35659720941492,09:54:19.720,44.2200,49
35661597290036,09:54:21.597,44.2200,200
35872297293605,09:57:52.297,44.2500,5
35883492670135,09:58:03.492,44.2800,2
35894119902276,09:58:14.119,44.2900,100
35894119928327,09:58:14.119,44.2900,100
35939224490971,09:58:59.224,44.3200,34
35946676352003,09:59:06.676,44.3200,1
35949725302874,09:59:09.725,44.3200,2
35952178383195,09:59:12.178,44.3200,63
35983299765010,09:59:43.299,44.3500,2
35984520079648,09:59:44.520,44.3500,98
35996421094348,09:59:56.421,44.3800,1
36025645657814,10:00:25.645,44.3500,100
36079323467088,10:01:19.323,44.3700,100
36090043685224,10:01:30.043,44.3700,100
36129547190635,10:02:09.547,44.3900,20
36134503213208,10:02:14.503,44.4000,100
36134503427847,10:02:14.503,44.4100,2
36160933108940,10:02:40.933,44.3700,100
36160933108940,10:02:40.933,44.3700,13
36160933108940,10:02:40.933,44.3700,116
36161089782239,10:02:41.089,44.3600,100
36227236582152,10:03:47.236,44.3800,1
36297188305127,10:04:57.188,44.3900,2
36297188306362,10:04:57.188,44.3900,61
36302522881848,10:05:02.522,44.4000,100
36337145832508,10:05:37.145,44.3800,19
36337145832508,10:05:37.145,44.3800,100
36337145832508,10:05:37.145,44.3800,79
36337145834686,10:05:37.145,44.3800,21
36376799850101,10:06:16.799,44.4200,100
36376799850101,10:06:16.799,44.4200,100
36403422449371,10:06:43.422,44.4600,100
36414423168454,10:06:54.423,44.4700,100
36417421607501,10:06:57.421,44.4800,100
36482886795799,10:08:02.886,44.4900,100
36484731255057,10:08:04.731,44.5100,2
36502024277154,10:08:22.024,44.5200,113
36502025590934,10:08:22.025,44.5100,100
36502025618807,10:08:22.025,44.5100,13
36723382771380,10:12:03.382,44.5000,19
36742133816434,10:12:22.133,44.5300,100
36744732570508,10:12:24.732,44.5400,3
36744732595640,10:12:24.732,44.5400,45
36778161285286,10:12:58.161,44.5200,100
36778161285286,10:12:58.161,44.5200,100
36778163554808,10:12:58.163,44.5100,100
36778163554808,10:12:58.163,44.5100,100
36778164477151,10:12:58.164,44.5100,100
36778179010262,10:12:58.179,44.5100,100
36815851197414,10:13:35.851,44.4900,100
36815851449258,10:13:35.851,44.4900,100
36815851449258,10:13:35.851,44.4900,16
36829218472116,10:13:49.218,44.5100,7
36829218476945,10:13:49.218,44.5100,61
36829218478124,10:13:49.218,44.5100,32
36829218478124,10:13:49.218,44.5100,29
36829218513970,10:13:49.218,44.5100,71
36829218513970,10:13:49.218,44.5100,29
36829218544239,10:13:49.218,44.5100,71
36865247657129,10:14:25.247,44.5100,100
36865254458939,10:14:25.254,44.5000,100
36865254689382,10:14:25.254,44.5000,20
36893166739862,10:14:53.166,44.5300,1
36934631359955,10:15:34.631,44.5000,100
36934631359955,10:15:34.631,44.5000,18
36936058706497,10:15:36.058,44.4900,100
36949402146741,10:15:49.402,44.4800,36
36949402154885,10:15:49.402,44.4800,61
36949402156371,10:15:49.402,44.4800,3
36984351570501,10:16:24.351,44.4700,100
36984351570501,10:16:24.351,44.4700,23
37143029670904,10:19:03.029,44.4600,55
37143029738347,10:19:03.029,44.4600,3
37143030116858,10:19:03.030,44.4600,42
37143030116858,10:19:03.030,44.4600,100
37143030116858,10:19:03.030,44.4600,15
37203416611291,10:20:03.416,44.4700,100
37204496161758,10:20:04.496,44.4800,100
37204496161758,10:20:04.496,44.4800,100
37204496195464,10:20:04.496,44.4800,44
37204496200624,10:20:04.496,44.4800,56
37204498326520,10:20:04.498,44.4900,3
37207772639808,10:20:07.772,44.4800,24
37207772639808,10:20:07.772,44.4800,14
37217427846018,10:20:17.427,44.4800,100
37230067591834,10:20:30.067,44.4800,100
37282545294154,10:21:22.545,44.4900,97
37282545294154,10:21:22.545,44.4900,37
37282545324044,10:21:22.545,44.4900,63
37320510738208,10:22:00.510,44.4800,100
37320510738208,10:22:00.510,44.4800,44
37320510746333,10:22:00.510,44.4800,56
37320510746333,10:22:00.510,44.4800,21
37323429947540,10:22:03.429,44.4800,1
37423420270817,10:23:43.420,44.4900,167
37423465296060,10:23:43.465,44.5000,100
37426419710003,10:23:46.419,44.5000,46
37426419716940,10:23:46.419,44.5000,53
37429420458804,10:23:49.420,44.5100,1
37429420589067,10:23:49.420,44.5100,99
37435421194426,10:23:55.421,44.5100,15
37435421566217,10:23:55.421,44.5100,19
37435635889979,10:23:55.635,44.5000,100
37490902573929,10:24:50.902,44.5100,8
37490991701256,10:24:50.991,44.5100,92
37490991701256,10:24:50.991,44.5100,100
37500726289616,10:25:00.726,44.5100,100
37506567880051,10:25:06.567,44.5000,18
37506567880051,10:25:06.567,44.5000,25
37542846419941,10:25:42.846,44.5000,100
37542846419941,10:25:42.846,44.5000,21
37542846419941,10:25:42.846,44.5000,1
37542846540467,10:25:42.846,44.5000,25
37543031877503,10:25:43.031,44.4900,100
37543031877503,10:25:43.031,44.4900,100
37543041122143,10:25:43.041,44.4800,100
37545018244018,10:25:45.018,44.4700,54
37564758015698,10:26:04.758,44.4800,78
37564758025974,10:26:04.758,44.4800,22
37564860521263,10:26:04.860,44.4900,100
37564860704689,10:26:04.860,44.4900,100
37564860704689,10:26:04.860,44.4900,100
37564860871093,10:26:04.860,44.4900,100
37566199953810,10:26:06.199,44.5000,100
37571716649633,10:26:11.716,44.5200,100
37575618693519,10:26:15.618,44.5200,22
37606303891018,10:26:46.303,44.5100,24
37682422299491,10:28:02.422,44.5400,2
37684746247321,10:28:04.746,44.5400,1
37688697862996,10:28:08.697,44.5400,1
37690906741234,10:28:10.906,44.5400,48
37690906741234,10:28:10.906,44.5400,100
37717829178779,10:28:37.829,44.5600,13
37717829205959,10:28:37.829,44.5600,24
37717832389172,10:28:37.832,44.5600,63
37769757289942,10:29:29.757,44.6000,2
37782810255411,10:29:42.810,44.5800,87
37782810257501,10:29:42.810,44.5800,13
37800195301481,10:30:00.195,44.5900,100
37808082019325,10:30:08.082,44.6000,98
37893768416396,10:31:33.768,44.5900,100
37893768416396,10:31:33.768,44.5900,19
37893768416396,10:31:33.768,44.5900,26
37964510004055,10:32:44.510,44.6100,100
37966186780824,10:32:46.186,44.6200,100
37966186780824,10:32:46.186,44.6200,100
37967057005057,10:32:47.057,44.6200,100
38024086728264,10:33:44.086,44.6300,100
38027631202970,10:33:47.631,44.6400,36
38027631232156,10:33:47.631,44.6400,64
38028160723147,10:33:48.160,44.6400,100
38032192694071,10:33:52.192,44.6500,100
38037062201219,10:33:57.062,44.6600,100
38073703255423,10:34:33.703,44.6500,26
38073703255423,10:34:33.703,44.6500,100
38073703255423,10:34:33.703,44.6500,14
38073703258817,10:34:33.703,44.6500,100
38073703918505,10:34:33.703,44.6400,100
38073703918505,10:34:33.703,44.6400,19
38101522256955,10:35:01.522,44.6500,59
38101522282166,10:35:01.522,44.6500,41
38108015232306,10:35:08.015,44.6600,5
38174311994691,10:36:14.311,44.6600,36
38174312002324,10:36:14.312,44.6600,59
38174312026183,10:36:14.312,44.6600,5
38174312026183,10:36:14.312,44.6600,20
38174312026183,10:36:14.312,44.6600,22
38174471745607,10:36:14.471,44.6500,100
38174473438555,10:36:14.473,44.6400,100
38174478092478,10:36:14.478,44.6400,100
38191012162059,10:36:31.012,44.6400,100
38192387158358,10:36:32.387,44.6500,100
38192387194328,10:36:32.387,44.6500,100
38192387203647,10:36:32.387,44.6500,23
38199750550433,10:36:39.750,44.6700,9
38280420778100,10:38:00.420,44.7000,9
38401560023032,10:40:01.560,44.7500,4
38445219082201,10:40:45.219,44.7400,100
38445219082201,10:40:45.219,44.7300,17
38445219084148,10:40:45.219,44.7300,83
38445219084148,10:40:45.219,44.7300,17
38445219748772,10:40:45.219,44.7200,77
38445219762728,10:40:45.219,44.7200,23
38445219762728,10:40:45.219,44.7200,77
38445219765745,10:40:45.219,44.7200,23
38445219774391,10:40:45.219,44.7200,8
38445959714887,10:40:45.959,44.7150,100
38445959714887,10:40:45.959,44.7100,92
38445959741482,10:40:45.959,44.7100,8
38445959741482,10:40:45.959,44.7100,92
38502416400938,10:41:42.416,44.7100,100
38502416805901,10:41:42.416,44.7200,41
38502417048173,10:41:42.417,44.7200,59
38602421170250,10:43:22.421,44.7400,100
38610420966345,10:43:30.420,44.7500,96
38610420966345,10:43:30.420,44.7500,4
38610421023812,10:43:30.421,44.7500,96
38610421365735,10:43:30.421,44.7500,100
38610421365735,10:43:30.421,44.7500,100
38610421942712,10:43:30.421,44.7500,100
38613794717287,10:43:33.794,44.7500,118
38613794717997,10:43:33.794,44.7500,59
38613794984807,10:43:33.794,44.7500,23
38613794984807,10:43:33.794,44.7500,100
38613794984807,10:43:33.794,44.7500,17
38613794984807,10:43:33.794,44.7500,45
38614500607840,10:43:34.500,44.7400,100
38810140997448,10:46:50.140,44.7400,17
38810141058015,10:46:50.141,44.7400,6
38810141227679,10:46:50.141,44.7400,77
38810141227679,10:46:50.141,44.7400,17
38810199600597,10:46:50.199,44.7300,100
38810199600597,10:46:50.199,44.7300,100
38814047183234,10:46:54.047,44.7200,100
38820079864195,10:47:00.079,44.7100,42
38820079874105,10:47:00.079,44.7100,58
38820079874105,10:47:00.079,44.7100,1
38820079874893,10:47:00.079,44.7100,59
38820080916119,10:47:00.080,44.7100,40
38841226491260,10:47:21.226,44.7000,100
38870136735251,10:47:50.136,44.7100,36
38870136744425,10:47:50.136,44.7100,64
38870136744425,10:47:50.136,44.7100,44
38870136744425,10:47:50.136,44.7100,10
38870136762958,10:47:50.136,44.7100,90
38897653583159,10:48:17.653,44.7200,2
38898058230628,10:48:18.058,44.7400,100
38902210994115,10:48:22.210,44.7400,100
38904124771617,10:48:24.124,44.7500,100
39032059136078,10:50:32.059,44.7800,157
39041793268156,10:50:41.793,44.7800,136
39041793274027,10:50:41.793,44.7800,64
39072418948179,10:51:12.418,44.7900,100
39075418203216,10:51:15.418,44.8000,100
39085419491084,10:51:25.419,44.8000,99
39095654604170,10:51:35.654,44.7900,100
39095654604170,10:51:35.654,44.7900,100
39129773412363,10:52:09.773,44.8000,1
39153570796148,10:52:33.570,44.7900,100
39153570796148,10:52:33.570,44.7900,15
39173107239996,10:52:53.107,44.7800,100
39219430264898,10:53:39.430,44.7600,100
39219430264898,10:53:39.430,44.7600,100
39220505620148,10:53:40.505,44.7550,100
39220505620148,10:53:40.505,44.7500,5
39220505641742,10:53:40.505,44.7500,59
39220505648002,10:53:40.505,44.7500,10
39220505666873,10:53:40.505,44.7500,26
39220505666873,10:53:40.505,44.7500,100
39401910620695,10:56:41.910,44.7200,8
39410331613532,10:56:50.331,44.7200,92
39410331613532,10:56:50.331,44.7200,8
39410331844938,10:56:50.331,44.7200,8
39410332556461,10:56:50.332,44.7200,41
39413703040666,10:56:53.703,44.7300,100
39413728130689,10:56:53.728,44.7300,100
39425692863835,10:57:05.692,44.7300,100
39432877109089,10:57:12.877,44.7300,100
39446590944440,10:57:26.590,44.7200,100
39466899305317,10:57:46.899,44.7100,100
39466899368109,10:57:46.899,44.7100,41
39655049423326,11:00:55.049,44.6900,100
39655049423326,11:00:55.049,44.6900,18
39657079042574,11:00:57.079,44.6700,100
39663391865072,11:01:03.391,44.6700,100
39663391967652,11:01:03.391,44.6700,112
39663466380813,11:01:03.466,44.6900,5
39663513610445,11:01:03.513,44.6900,100
39667339609096,11:01:07.339,44.6900,100
39700220598003,11:01:40.220,44.7100,100
39715063839383,11:01:55.063,44.7100,3
39791380737073,11:03:11.380,44.7500,90
39791380761683,11:03:11.380,44.7500,10
39791888016862,11:03:11.888,44.7550,100
39791888307261,11:03:11.888,44.7500,18
39791888322694,11:03:11.888,44.7500,82
39869679219473,11:04:29.679,44.7500,53
39869679343830,11:04:29.679,44.7500,47
39869679343830,11:04:29.679,44.7500,6
39869679343830,11:04:29.679,44.7500,16
39869680120474,11:04:29.680,44.7400,8
39869680149257,11:04:29.680,44.7400,92
39869680149257,11:04:29.680,44.7400,100
39870027483644,11:04:30.027,44.7300,100
39870027507673,11:04:30.027,44.7300,100
39894830292436,11:04:54.830,44.7200,4
39894830298843,11:04:54.830,44.7200,57
39894832188696,11:04:54.832,44.7200,39
39894832188696,11:04:54.832,44.7200,100
39894832188696,11:04:54.832,44.7200,100
39934333787987,11:05:34.333,44.7100,100
39934333787987,11:05:34.333,44.7100,100
39937813869785,11:05:37.813,44.7000,100
40011029942591,11:06:51.029,44.6900,18
40018046533720,11:06:58.046,44.6800,100
40024362250840,11:07:04.362,44.6800,100
40047703479002,11:07:27.703,44.6800,100
40061418262549,11:07:41.418,44.6800,200
40061479953563,11:07:41.479,44.6900,45
40092248542526,11:08:12.248,44.7100,100
40092248567320,11:08:12.248,44.7100,100
40109354107889,11:08:29.354,44.7400,100
40110574424052,11:08:30.574,44.7400,100
40113109823481,11:08:33.109,44.7400,18
40133365818126,11:08:53.365,44.7300,100
40133365826502,11:08:53.365,44.7300,100
40135107361436,11:08:55.107,44.7200,100
40181607373029,11:09:41.607,44.7100,100
40181642946817,11:09:41.642,44.6900,75
40181642970893,11:09:41.642,44.6900,25
40181663516240,11:09:41.663,44.6700,100
40181740497604,11:09:41.740,44.6400,100
40186190279737,11:09:46.190,44.6600,13
40230146839954,11:10:30.146,44.6800,66
40230217028752,11:10:30.217,44.6800,2
40247900384985,11:10:47.900,44.6800,98
40247900384985,11:10:47.900,44.6800,100
40247901114934,11:10:47.901,44.6700,100
40373742680644,11:12:53.742,44.6400,18
40373742680644,11:12:53.742,44.6400,8
40373742681747,11:12:53.742,44.6400,57
40452552536314,11:14:12.552,44.6400,35
40452552536314,11:14:12.552,44.6400,65
40452552567977,11:14:12.552,44.6400,35
40452552567977,11:14:12.552,44.6400,27
40452556573227,11:14:12.556,44.6300,18
40466035531977,11:14:26.035,44.6200,100
40477814970755,11:14:37.814,44.6300,5
40531182016270,11:15:31.182,44.6300,100
40531182016270,11:15:31.182,44.6300,26
40543241606486,11:15:43.241,44.6300,100
40543241606486,11:15:43.241,44.6300,113
40551207600497,11:15:51.207,44.6400,100
40582391231409,11:16:22.391,44.6300,18
40582402729775,11:16:22.402,44.6200,100
40583061058202,11:16:23.061,44.6100,5
40626941514331,11:17:06.941,44.6200,25
40626941514331,11:17:06.941,44.6200,49
40930141000007,11:22:10.141,44.6200,100
40930141000007,11:22:10.141,44.6200,17
40992386030136,11:23:12.386,44.6300,100
40992386030136,11:23:12.386,44.6300,100
40992386030136,11:23:12.386,44.6300,10
40992386030136,11:23:12.386,44.6300,158
40992386030136,11:23:12.386,44.6300,44
40992386030136,11:23:12.386,44.6300,7
41003023930999,11:23:23.023,44.6300,82
41003023985446,11:23:23.023,44.6300,18
41003024036738,11:23:23.024,44.6300,100
41117127601006,11:25:17.127,44.6100,13
41117128381579,11:25:17.128,44.6100,12
41117128595592,11:25:17.128,44.6100,75
41117128595592,11:25:17.128,44.6100,19
41121488273989,11:25:21.488,44.6000,100
41156657133230,11:25:56.657,44.6000,5
41156657133230,11:25:56.657,44.6000,95
41156657162750,11:25:56.657,44.6000,5
41156657162750,11:25:56.657,44.6000,100
41156657162750,11:25:56.657,44.6000,55
41156703890595,11:25:56.703,44.6100,3
41162258264957,11:26:02.258,44.6100,23
41162258264957,11:26:02.258,44.6100,100
41162262286540,11:26:02.262,44.6100,100
41168405661172,11:26:08.405,44.6100,14
41168405779655,11:26:08.405,44.6100,1
41175572567439,11:26:15.572,44.6000,100
41175572579939,11:26:15.572,44.6000,18
41175572579939,11:26:15.572,44.6000,82
41175573302730,11:26:15.573,44.6000,18
41221472663924,11:27:01.472,44.5800,1
41401497650699,11:30:01.497,44.5900,100
41401497650699,11:30:01.497,44.5900,100
41401497650699,11:30:01.497,44.5900,17
41401497650699,11:30:01.497,44.5900,100
41401497650699,11:30:01.497,44.5900,49
41401497650699,11:30:01.497,44.5900,104
41401497684150,11:30:01.497,44.5900,9
41401497684150,11:30:01.497,44.5900,117
41437160753601,11:30:37.160,44.6100,12
41437160753601,11:30:37.160,44.6100,13
41521503686536,11:32:01.503,44.6300,6
41524704161419,11:32:04.704,44.6300,94
41524704161419,11:32:04.704,44.6300,6
41524704208244,11:32:04.704,44.6300,7
41524704528797,11:32:04.704,44.6300,100
41616227013853,11:33:36.227,44.6300,19
41616227017910,11:33:36.227,44.6400,100
41616227017910,11:33:36.227,44.6300,1
41616227090873,11:33:36.227,44.6300,80
41616227090873,11:33:36.227,44.6300,20
41616228984612,11:33:36.228,44.6200,100
41616230815308,11:33:36.230,44.6100,13
41616236460061,11:33:36.236,44.6100,87
41616236460061,11:33:36.236,44.6100,100
41616236460061,11:33:36.236,44.6100,85
41616236583900,11:33:36.236,44.6100,15
41616527191164,11:33:36.527,44.6050,100
41616527908715,11:33:36.527,44.6000,100
41665249859994,11:34:25.249,44.6100,2
41665249859994,11:34:25.249,44.6200,65
41665249889371,11:34:25.249,44.6200,35
41762608014232,11:36:02.608,44.6400,100
41762608014232,11:36:02.608,44.6400,100
41772436191527,11:36:12.436,44.6400,100
41772436191527,11:36:12.436,44.6400,19
41772437542806,11:36:12.437,44.6300,100
41773823070131,11:36:13.823,44.6200,100
41773823070131,11:36:13.823,44.6200,100
41790642138342,11:36:30.642,44.6000,45
41790642142745,11:36:30.642,44.6000,55
41844771883169,11:37:24.771,44.5700,100
41844772682545,11:37:24.772,44.5600,100
41860027108122,11:37:40.027,44.5700,113
41860027108122,11:37:40.027,44.5700,100
41860027108122,11:37:40.027,44.5700,87
41860027143052,11:37:40.027,44.5700,13
41860028432551,11:37:40.028,44.5800,113
41866589817169,11:37:46.589,44.5800,25
41899685986534,11:38:19.685,44.5700,13
41920775107946,11:38:40.775,44.5800,100
41920777076766,11:38:40.777,44.5800,53
42071191243237,11:41:11.191,44.6000,113
42082685641719,11:41:22.685,44.6100,73
42082685721466,11:41:22.685,44.6100,27
42093221865571,11:41:33.221,44.6000,26
42094052953743,11:41:34.052,44.5900,22
42094052953743,11:41:34.052,44.5900,52
42094053033840,11:41:34.053,44.5950,100
42094053684692,11:41:34.053,44.5900,48
42153601897741,11:42:33.601,44.5800,100
42153601897741,11:42:33.601,44.5800,1
42163293774631,11:42:43.293,44.5700,100
42163295034055,11:42:43.295,44.5700,21
42181790120352,11:43:01.790,44.5700,100
42227017522001,11:43:47.017,44.5800,100
42227017568210,11:43:47.017,44.5800,100
42239786431097,11:43:59.786,44.5700,100
42269990866739,11:44:29.990,44.5700,100
42270006968416,11:44:30.006,44.5800,100
42273497015079,11:44:33.497,44.5900,2
42323380361735,11:45:23.380,44.5800,100
42323382151480,11:45:23.382,44.5700,16
42372630900697,11:46:12.630,44.5900,100
42372631675569,11:46:12.631,44.5900,100
42372631699881,11:46:12.631,44.5900,100
42379652131777,11:46:19.652,44.6000,46
42394637338223,11:46:34.637,44.6000,100
42475583235251,11:47:55.583,44.5900,19
42475583235251,11:47:55.583,44.5900,100
42498783591249,11:48:18.783,44.5800,7
42498783591249,11:48:18.783,44.5800,93
42498783635169,11:48:18.783,44.5800,7
42498783635169,11:48:18.783,44.5800,19
42568529829735,11:49:28.529,44.5800,44
42577927877533,11:49:37.927,44.5800,100
42617883330941,11:50:17.883,44.5900,24
42617883362975,11:50:17.883,44.5900,76
42620373992145,11:50:20.373,44.6000,2
42663124753375,11:51:03.124,44.6300,100
42691525095421,11:51:31.525,44.6500,100
42721624661397,11:52:01.624,44.6900,57
42721624685334,11:52:01.624,44.6900,16
42758419961068,11:52:38.419,44.6900,100
42758420514102,11:52:38.420,44.6900,100
42789419147512,11:53:09.419,44.7000,100
42879034388361,11:54:39.034,44.7100,100
42879034388361,11:54:39.034,44.7000,100
42879034388361,11:54:39.034,44.7000,17
42879034415525,11:54:39.034,44.7000,83
42879034415525,11:54:39.034,44.7000,100
42879034415525,11:54:39.034,44.7000,17
42879035383346,11:54:39.035,44.6900,100
42879036347421,11:54:39.036,44.6900,100
42881177953446,11:54:41.177,44.6900,26
42884587794989,11:54:44.587,44.6900,74
42912002958710,11:55:12.002,44.6800,64
42912002967098,11:55:12.002,44.6800,36
42912003061828,11:55:12.003,44.6900,100
42912004606256,11:55:12.004,44.6800,9
43007502775370,11:56:47.502,44.6700,100
43007502813411,11:56:47.502,44.6700,18
43029686152755,11:57:09.686,44.6700,100
43040228803549,11:57:20.228,44.6800,44
43040228803549,11:57:20.228,44.6800,56
43040229492073,11:57:20.229,44.6800,16
43040229878445,11:57:20.229,44.6800,28
43097710451057,11:58:17.710,44.6800,100
43097710484021,11:58:17.710,44.6800,17
43097712162692,11:58:17.712,44.6700,100
43110524181088,11:58:30.524,44.6700,21
43110524181088,11:58:30.524,44.6700,79
43115755320672,11:58:35.755,44.6700,21
43115755320672,11:58:35.755,44.6700,79
43115756268604,11:58:35.756,44.6700,21
43115766024172,11:58:35.766,44.6600,100
43142359915957,11:59:02.359,44.6600,100
43142359946035,11:59:02.359,44.6600,100
43155156794734,11:59:15.156,44.6500,100
43177770165763,11:59:37.770,44.6600,100
43255681728579,12:00:55.681,44.7000,100
43311504694103,12:01:51.504,44.7100,53
43311504883441,12:01:51.504,44.7100,47
43311504926511,12:01:51.504,44.7100,47
43311506010271,12:01:51.506,44.7100,49
43311506060196,12:01:51.506,44.7100,4
43311506060196,12:01:51.506,44.7100,100
43335928899159,12:02:15.928,44.7200,100
43335928899159,12:02:15.928,44.7200,100
43335928948078,12:02:15.928,44.7200,14
43391060517374,12:03:11.060,44.7600,100
43435566185987,12:03:55.566,44.7600,24
43438062385185,12:03:58.062,44.7600,76
43461465239923,12:04:21.465,44.7650,100
43531060830209,12:05:31.060,44.7700,34
43531060904533,12:05:31.060,44.7700,20
43531060904533,12:05:31.060,44.7700,100
43531060904533,12:05:31.060,44.7700,100
43532828267045,12:05:32.828,44.7800,81
43532828292369,12:05:32.828,44.7800,19
43538858662301,12:05:38.858,44.7900,5
43561498075390,12:06:01.498,44.8000,16
43719639700891,12:08:39.639,44.8100,10
43774899963009,12:09:34.899,44.8200,15
43774899963009,12:09:34.899,44.8200,85
43774900049615,12:09:34.900,44.8200,15
43774901049106,12:09:34.901,44.8100,100
43809891552619,12:10:09.891,44.8100,1
43858604640830,12:10:58.604,44.8100,5
43995526325043,12:13:15.526,44.8100,5
43995526330761,12:13:15.526,44.8100,53
43995526373136,12:13:15.526,44.8100,42
43995526373136,12:13:15.526,44.8100,14
43995526907704,12:13:15.526,44.8150,100
43995527590191,12:13:15.527,44.8100,100
44002574287962,12:13:22.574,44.8000,100
44071701780084,12:14:31.701,44.7900,100
44071701829342,12:14:31.701,44.7900,15
44071712046884,12:14:31.712,44.7800,100
44090309460860,12:14:50.309,44.7750,100
44093471014973,12:14:53.471,44.7700,16
44093471244083,12:14:53.471,44.7700,53
44093471292762,12:14:53.471,44.7700,31
44111142335615,12:15:11.142,44.7500,100
44143856107935,12:15:43.856,44.7500,20
44143876713918,12:15:43.876,44.7500,8
44159137901873,12:15:59.137,44.7600,4
44165227383545,12:16:05.227,44.7600,96
44165228388000,12:16:05.228,44.7600,100
44165230455473,12:16:05.230,44.7600,100
44165230455473,12:16:05.230,44.7600,100
44173748942365,12:16:13.748,44.7600,100
44175982603158,12:16:15.982,44.7600,100
44304984346937,12:18:24.984,44.7600,100
44304984433808,12:18:24.984,44.7600,12
44325527050701,12:18:45.527,44.7500,100
44333590128058,12:18:53.590,44.7400,58
44348143724040,12:19:08.143,44.7400,42
44348143724040,12:19:08.143,44.7400,22
44460109455992,12:21:00.109,44.7100,39
44500213515705,12:21:40.213,44.7200,11
44500213515705,12:21:40.213,44.7200,46
44500213537229,12:21:40.213,44.7200,57
44500213634974,12:21:40.213,44.7200,25
44539568198247,12:22:19.568,44.7100,50
44539568286559,12:22:19.568,44.7100,50
44539568286559,12:22:19.568,44.7100,24
44541481630197,12:22:21.481,44.7100,100
44541481630197,12:22:21.481,44.7100,100
44545349391477,12:22:25.349,44.7200,94
44545349391477,12:22:25.349,44.7200,6
44545349444131,12:22:25.349,44.7200,15
44545349444131,12:22:25.349,44.7200,6
44552630417234,12:22:32.630,44.7100,100
44590549185988,12:23:10.549,44.7000,100
44621312304700,12:23:41.312,44.6900,100
44621312335054,12:23:41.312,44.6900,19
44728638970292,12:25:28.638,44.7000,50
44834531238741,12:27:14.531,44.6700,25
44834531238741,12:27:14.531,44.6700,75
44834531282410,12:27:14.531,44.6700,25
44841679701472,12:27:21.679,44.6700,100
44867608721610,12:27:47.608,44.6700,100
44867608721610,12:27:47.608,44.6700,18
44867608721610,12:27:47.608,44.6700,112
44867608721610,12:27:47.608,44.6700,70
44867608960110,12:27:47.608,44.6700,30
44885905277051,12:28:05.905,44.6700,100
44885905983289,12:28:05.905,44.6700,100
44885905983289,12:28:05.905,44.6700,100
44889681568399,12:28:09.681,44.6800,100
44895789100575,12:28:15.789,44.6900,10
44895790036602,12:28:15.790,44.6900,100
44895790036602,12:28:15.790,44.6900,100
44895790528119,12:28:15.790,44.6900,10
44895790561282,12:28:15.790,44.6900,90
44895790561282,12:28:15.790,44.6900,10
44895790609862,12:28:15.790,44.6900,90
44906747814412,12:28:26.747,44.7000,1
44906747814412,12:28:26.747,44.7100,5
44906747814412,12:28:26.747,44.7100,94
44912307192051,12:28:32.307,44.7000,100
44916549506919,12:28:36.549,44.6900,100
44916549506919,12:28:36.549,44.6900,26
44939462120450,12:28:59.462,44.6900,24
45022336740308,12:30:22.336,44.7000,100
45070857628950,12:31:10.857,44.7100,100
45140979297671,12:32:20.979,44.7200,10
45140979297671,12:32:20.979,44.7200,33
45140979297671,12:32:20.979,44.7200,100
45270373055176,12:34:30.373,44.7100,21
45287201384524,12:34:47.201,44.7050,100
45287202940416,12:34:47.202,44.7000,100
45314856252914,12:35:14.856,44.6950,100
45314856566249,12:35:14.856,44.6900,50
45314857760354,12:35:14.857,44.6900,50
45417910479636,12:36:57.910,44.6700,103
45417910487759,12:36:57.910,44.6700,9
45417910487759,12:36:57.910,44.6700,18
45420058440179,12:37:00.058,44.6800,100
45439595238582,12:37:19.595,44.6800,100
45470078274534,12:37:50.078,44.6800,95
45470078575300,12:37:50.078,44.6800,20
45477022413820,12:37:57.022,44.6900,100
45540117705210,12:39:00.117,44.6900,100
45540117715080,12:39:00.117,44.6900,23
45540770018418,12:39:00.770,44.6800,52
45540770259498,12:39:00.770,44.6800,48
45545396005383,12:39:05.396,44.6700,100
45561093334229,12:39:21.093,44.6500,1
45649095520475,12:40:49.095,44.6700,23
45649096427160,12:40:49.096,44.6700,77
45656977412784,12:40:56.977,44.6900,2
45656978594495,12:40:56.978,44.6900,98
45666502536170,12:41:06.502,44.7000,10
45681329546621,12:41:21.329,44.7000,2
45681329586799,12:41:21.329,44.7000,98
45708542879333,12:41:48.542,44.6900,21
45708543945403,12:41:48.543,44.6950,100
45708543945403,12:41:48.543,44.6900,2
45708545276918,12:41:48.545,44.6900,77
45708545276918,12:41:48.545,44.6900,23
45709517247542,12:41:49.517,44.6800,100
45723657562716,12:42:03.657,44.6900,71
45831197555799,12:43:51.197,44.7100,5
45838674115988,12:43:58.674,44.7200,10
45871873130326,12:44:31.873,44.7200,100
45871873130326,12:44:31.873,44.7200,52
45871873162200,12:44:31.873,44.7200,48
45871873162200,12:44:31.873,44.7200,16
45871874315861,12:44:31.874,44.7100,38
45884787460162,12:44:44.787,44.7000,13
45884787691010,12:44:44.787,44.7000,87
45884787691010,12:44:44.787,44.7000,65
45884787693742,12:44:44.787,44.7000,35
45914270177333,12:45:14.270,44.6800,100
46081387619876,12:48:01.387,44.6800,53
46081387703184,12:48:01.387,44.6800,47
46081387703184,12:48:01.387,44.6800,100
46081520189957,12:48:01.520,44.6700,100
46145941591345,12:49:05.941,44.6600,6
46200672099134,12:50:00.672,44.6700,54
46200672129421,12:50:00.672,44.6700,46
46302134019771,12:51:42.134,44.6800,2
46302134044532,12:51:42.134,44.6800,18
46302134044532,12:51:42.134,44.6800,100
46304162479830,12:51:44.162,44.6700,200
46304171870897,12:51:44.171,44.6700,100
46304171870897,12:51:44.171,44.6700,200
46383938325137,12:53:03.938,44.6900,100
46383938325137,12:53:03.938,44.6900,98
46383938349948,12:53:03.938,44.6900,2
46387197290642,12:53:07.197,44.6900,1
46387206373243,12:53:07.206,44.6900,2
46393701152034,12:53:13.701,44.6800,100
46393701388112,12:53:13.701,44.6800,23
46407814982887,12:53:27.814,44.6600,100
46438019245313,12:53:58.019,44.6500,100
46444802462775,12:54:04.802,44.6500,2
46444804212476,12:54:04.804,44.6500,1
46505701591866,12:55:05.701,44.6400,26
46530782727451,12:55:30.782,44.6400,1
46674021282392,12:57:54.021,44.6200,3
46787537347017,12:59:47.537,44.6300,9
46787537792942,12:59:47.537,44.6300,91
46844848031801,13:00:44.848,44.6300,100
46844848031801,13:00:44.848,44.6300,25
46844848031801,13:00:44.848,44.6300,100
46862063986691,13:01:02.063,44.6300,100
46889117746104,13:01:29.117,44.6300,19
46889118359471,13:01:29.118,44.6400,100
46889118359471,13:01:29.118,44.6400,100
46982335956777,13:03:02.335,44.6200,24
46982337021123,13:03:02.337,44.6100,100
47051471275441,13:04:11.471,44.6000,98
47051471275441,13:04:11.471,44.6000,2
47051471275441,13:04:11.471,44.6000,57
47095557502685,13:04:55.557,44.6000,100
47364099024241,13:09:24.099,44.6200,100
47364099024241,13:09:24.099,44.6200,100
47375124718669,13:09:35.124,44.6300,35
47376558382248,13:09:36.558,44.6300,65
47397709565191,13:09:57.709,44.6300,100
47397709565191,13:09:57.709,44.6300,60
47397709569679,13:09:57.709,44.6300,100
47433315241457,13:10:33.315,44.6400,10
47433315241457,13:10:33.315,44.6400,1
47449249119732,13:10:49.249,44.6500,5
47605022471552,13:13:25.022,44.6500,25
47605022471552,13:13:25.022,44.6500,11
47605044528638,13:13:25.044,44.6400,100
47689398770984,13:14:49.398,44.6200,400
47689398770984,13:14:49.398,44.6200,100
47689398770984,13:14:49.398,44.6200,24
47689398770984,13:14:49.398,44.6200,10
47698639885432,13:14:58.639,44.6100,100
47745991007598,13:15:45.991,44.5900,86
47745991454317,13:15:45.991,44.5900,14
47750352240922,13:15:50.352,44.6000,11
47750352240922,13:15:50.352,44.6000,13
47805923256776,13:16:45.923,44.6000,1
47873903163413,13:17:53.903,44.5900,31
47873903163413,13:17:53.903,44.5900,15
47902941002457,13:18:22.941,44.5700,33
47904939689446,13:18:24.939,44.5600,100
47904939689446,13:18:24.939,44.5600,5
47904939689446,13:18:24.939,44.5600,15
48007232153606,13:20:07.232,44.5300,100
48007232153606,13:20:07.232,44.5300,100
48007234935249,13:20:07.234,44.5200,100
48017851457389,13:20:17.851,44.5200,200
48017851457389,13:20:17.851,44.5200,119
48017851457389,13:20:17.851,44.5200,116
48017851457389,13:20:17.851,44.5200,66
48017851488567,13:20:17.851,44.5200,34
48021792684036,13:20:21.792,44.5200,100
48052200389348,13:20:52.200,44.5100,100
48052200389348,13:20:52.200,44.5100,16
48124693528444,13:22:04.693,44.5100,100
48130858818247,13:22:10.858,44.5100,116
48130975239470,13:22:10.975,44.5200,100
48130975239470,13:22:10.975,44.5200,100
48131021657658,13:22:11.021,44.5300,100
48131029577768,13:22:11.029,44.5300,100
48131030522371,13:22:11.030,44.5300,100
48131115601965,13:22:11.115,44.5600,190
48131158897757,13:22:11.158,44.5600,10
48131158897757,13:22:11.158,44.5600,2
48131158897757,13:22:11.158,44.5600,8
48131158897757,13:22:11.158,44.5600,2
48131158897757,13:22:11.158,44.5600,100
48132322847013,13:22:12.322,44.5900,10
48137400026559,13:22:17.400,44.5600,15
48137400325141,13:22:17.400,44.5600,47
48137404888160,13:22:17.404,44.5600,38
48137410434766,13:22:17.410,44.5400,100
48137423583168,13:22:17.423,44.5300,100
48137427687557,13:22:17.427,44.5300,100
48137469857326,13:22:17.469,44.5100,38
48137470095683,13:22:17.470,44.5100,62
48170057428581,13:22:50.057,44.5300,93
48170057433433,13:22:50.057,44.5300,23
48186036122400,13:23:06.036,44.5200,100
48186057353620,13:23:06.057,44.5100,100
48186057363331,13:23:06.057,44.5100,100
48186154702677,13:23:06.154,44.5100,1
48196668398983,13:23:16.668,44.5100,100
48197569268743,13:23:17.569,44.5200,100
48197569268743,13:23:17.569,44.5200,115
48226058019362,13:23:46.058,44.5200,34
48242951316366,13:24:02.951,44.5200,34
48242951386700,13:24:02.951,44.5200,81
48250777051669,13:24:10.777,44.5300,1
48250777051669,13:24:10.777,44.5300,29
48250779972559,13:24:10.779,44.5300,3
48275016171694,13:24:35.016,44.5300,13
48278380396973,13:24:38.380,44.5300,96
48278380402998,13:24:38.380,44.5300,5
48278381633188,13:24:38.381,44.5300,56
48291869601555,13:24:51.869,44.5300,45
48291869608433,13:24:51.869,44.5300,49
48291869689772,13:24:51.869,44.5300,6
48305005099809,13:25:05.005,44.5200,100
48307216050383,13:25:07.216,44.5100,100
48307222053201,13:25:07.222,44.5100,2
48335066096011,13:25:35.066,44.5200,15
48346139088881,13:25:46.139,44.5100,37
48346139088881,13:25:46.139,44.5100,11
48346142069238,13:25:46.142,44.5100,89
48420673285892,13:27:00.673,44.5000,13
48420673925783,13:27:00.673,44.5000,87
48420673925783,13:27:00.673,44.5000,28
48420673925783,13:27:00.673,44.5000,36
48432492856060,13:27:12.492,44.4900,56
48669433748128,13:31:09.433,44.4900,28
48688053118885,13:31:28.053,44.4900,2
48775372000624,13:32:55.372,44.4900,100
48815013069115,13:33:35.013,44.4900,74
48815013158614,13:33:35.013,44.4900,26
48815013158614,13:33:35.013,44.4900,1
48819104688074,13:33:39.104,44.4800,100
48819104688074,13:33:39.104,44.4800,100
48819104718112,13:33:39.104,44.4800,29
48819104718112,13:33:39.104,44.4800,13
48829967542821,13:33:49.967,44.4700,100
48829967542821,13:33:49.967,44.4700,100
48831851174189,13:33:51.851,44.4600,100
48835973379298,13:33:55.973,44.4600,100
48836074559728,13:33:56.074,44.4600,100
49131234867549,13:38:51.234,44.5000,200
49138512288681,13:38:58.512,44.4900,85
49138512573552,13:38:58.512,44.4900,15
49138512573552,13:38:58.512,44.4900,11
49150405067412,13:39:10.405,44.4800,100
49150405074068,13:39:10.405,44.4800,27
49153206323386,13:39:13.206,44.4800,113
49217687359600,13:40:17.687,44.5000,100
49219073669567,13:40:19.073,44.5100,10
49221331739208,13:40:21.331,44.5200,10
49221331739208,13:40:21.331,44.5200,41
49334033077146,13:42:14.033,44.5400,10
49334033077146,13:42:14.033,44.5400,77
49335840102085,13:42:15.840,44.5400,15
49337184708030,13:42:17.184,44.5400,15
49338304033966,13:42:18.304,44.5300,100
49414064756125,13:43:34.064,44.5300,100
49414064766832,13:43:34.064,44.5300,17
49443928474808,13:44:03.928,44.5400,6
49465849341943,13:44:25.849,44.5400,94
49470113377407,13:44:30.113,44.5400,84
49470113391619,13:44:30.113,44.5400,16
49470116801428,13:44:30.116,44.5300,100
49470116805412,13:44:30.116,44.5300,24
49470119007700,13:44:30.119,44.5300,3
49518398346718,13:45:18.398,44.5300,3
49518398346718,13:45:18.398,44.5300,14
49638585634316,13:47:18.585,44.5200,39
49638585651816,13:47:18.585,44.5200,61
49638585651816,13:47:18.585,44.5200,24
49638585651816,13:47:18.585,44.5200,14
49646717300076,13:47:26.717,44.5000,13
49646717904062,13:47:26.717,44.5000,13
49646741855137,13:47:26.741,44.5000,74
49665462387056,13:47:45.462,44.4950,100
49665462387056,13:47:45.462,44.4900,100
49665480367184,13:47:45.480,44.4900,100
49697944997625,13:48:17.944,44.4600,5
49697946356151,13:48:17.946,44.4700,100
49703238915606,13:48:23.238,44.4800,200
49705281313344,13:48:25.281,44.4800,12
49735516978315,13:48:55.516,44.4700,100
49735517140058,13:48:55.517,44.4700,30
49751531232639,13:49:11.531,44.4500,100
49775994584214,13:49:35.994,44.4400,24
49813352266076,13:50:13.352,44.4300,100
49865071266359,13:51:05.071,44.4400,44
49865920986865,13:51:05.920,44.4400,55
49873978747782,13:51:13.978,44.4400,1
49873978747782,13:51:13.978,44.4400,100
49876909279143,13:51:16.909,44.4500,13
49879408551848,13:51:19.408,44.4400,100
49879408660737,13:51:19.408,44.4400,26
49879408660737,13:51:19.408,44.4400,25
49879438913906,13:51:19.438,44.4400,20
49939119738088,13:52:19.119,44.4400,10
50071487532346,13:54:31.487,44.4500,100
50071487532346,13:54:31.487,44.4500,100
50072839802277,13:54:32.839,44.4600,10
50072839802277,13:54:32.839,44.4600,35
50100069092545,13:55:00.069,44.4500,25
50104757823260,13:55:04.757,44.4400,1
50104765939655,13:55:04.765,44.4400,17
50156098640692,13:55:56.098,44.4400,24
50156207220546,13:55:56.207,44.4300,100
50182428071972,13:56:22.428,44.4500,7
50244154282750,13:57:24.154,44.4500,5
50317704814076,13:58:37.704,44.4400,100
50317704814076,13:58:37.704,44.4400,100
50317705060736,13:58:37.705,44.4400,100
50317705666192,13:58:37.705,44.4300,100
50317705666192,13:58:37.705,44.4300,28
50317705666192,13:58:37.705,44.4300,24
50317709071985,13:58:37.709,44.4200,100
50317709071985,13:58:37.709,44.4200,30
50317709374937,13:58:37.709,44.4100,95
50318207759195,13:58:38.207,44.4100,23
50318207783114,13:58:38.207,44.4100,77
50336409176693,13:58:56.409,44.4000,100
50336409176693,13:58:56.409,44.4000,100
50336409206285,13:58:56.409,44.4000,43
50336416264118,13:58:56.416,44.4000,49
50340187169796,13:59:00.187,44.4100,100
50340187169796,13:59:00.187,44.4100,100
50365799223782,13:59:25.799,44.4200,4
50402691065894,14:00:02.691,44.4000,72
50407194980513,14:00:07.194,44.4200,96
50407194980513,14:00:07.194,44.4200,2
50407195238236,14:00:07.195,44.4300,26
50409001299556,14:00:09.001,44.4300,100
50409170095441,14:00:09.170,44.4000,34
50409170095441,14:00:09.170,44.4000,65
50409588617626,14:00:09.588,44.4400,10
50413011867308,14:00:13.011,44.4500,2
50413017627895,14:00:13.017,44.4500,8
50413017627895,14:00:13.017,44.4600,10
50413017627895,14:00:13.017,44.4600,100
50413017627895,14:00:13.017,44.4600,82
50413408739426,14:00:13.408,44.4500,100
50415924856426,14:00:15.924,44.4400,3
50417596789789,14:00:17.596,44.4500,100
50417597300144,14:00:17.597,44.4600,113
50421733707561,14:00:21.733,44.4600,100
50421848904283,14:00:21.848,44.4600,100
50421849225311,14:00:21.849,44.4600,36
50422846199212,14:00:22.846,44.4600,44
50423050885426,14:00:23.050,44.4500,100
50423056606253,14:00:23.056,44.4600,8
50423334489605,14:00:23.334,44.4400,87
50423346422408,14:00:23.346,44.4400,10
50442154130284,14:00:42.154,44.4600,100
50446630716196,14:00:46.630,44.4400,30
50446630716196,14:00:46.630,44.4400,24
50451051314088,14:00:51.051,44.4600,5
50456711909872,14:00:56.711,44.4600,43
50463142618875,14:01:03.142,44.4800,100
50463142931097,14:01:03.142,44.4800,13
50464449249102,14:01:04.449,44.4900,5
50464449249102,14:01:04.449,44.4900,5
50464449249102,14:01:04.449,44.4900,10
50471390121556,14:01:11.390,44.4800,100
50472219046471,14:01:12.219,44.5100,5
50472219046471,14:01:12.219,44.5100,5
50479849787810,14:01:19.849,44.5100,5
50499269582362,14:01:39.269,44.5200,100
50499269582362,14:01:39.269,44.5200,100
50499269781921,14:01:39.269,44.5200,113
50499277291313,14:01:39.277,44.5300,5
50499277291313,14:01:39.277,44.5300,100
50539706075692,14:02:19.706,44.4800,36
50540067863311,14:02:20.067,44.4800,34
50540182607757,14:02:20.182,44.4800,14
50549377103936,14:02:29.377,44.4900,100
50549377161412,14:02:29.377,44.4900,14
50549377161412,14:02:29.377,44.4900,86
50549377489077,14:02:29.377,44.4900,14
50606298616262,14:03:26.298,44.5300,14
50606298919618,14:03:26.298,44.5300,14
50606298936733,14:03:26.298,44.5300,86
50646856042038,14:04:06.856,44.5500,2
50703343944020,14:05:03.343,44.5600,61
50703343968394,14:05:03.343,44.5600,52
50703347045566,14:05:03.347,44.5600,100
50711210412186,14:05:11.210,44.5700,100
50727245418906,14:05:27.245,44.5600,12
50727246408174,14:05:27.246,44.5600,1
50733253970751,14:05:33.253,44.5800,19
50754266942183,14:05:54.266,44.5900,3
50759133649762,14:05:59.133,44.5900,57
50759240784488,14:05:59.240,44.5800,100
50765857899133,14:06:05.857,44.5900,6
50854039485560,14:07:34.039,44.5800,64
50855801885041,14:07:35.801,44.5700,34
50855801887786,14:07:35.801,44.5700,3
50855801887786,14:07:35.801,44.5700,27
50855828183798,14:07:35.828,44.5700,100
50855828891039,14:07:35.828,44.5600,100
50855828891039,14:07:35.828,44.5600,14
50876017636501,14:07:56.017,44.5500,100
50876017726922,14:07:56.017,44.5500,37
50876017726922,14:07:56.017,44.5500,1
50927488578681,14:08:47.488,44.5300,100
51011288166092,14:10:11.288,44.5400,22
51011354873361,14:10:11.354,44.5500,81
51011355170040,14:10:11.355,44.5500,19
51011355170040,14:10:11.355,44.5500,100
51011444756640,14:10:11.444,44.5500,119
51025086943535,14:10:25.086,44.5200,1
51025087384798,14:10:25.087,44.5100,100
51025087384798,14:10:25.087,44.5100,100
51025087384798,14:10:25.087,44.5100,100
51025087384798,14:10:25.087,44.5100,100
51025087912986,14:10:25.087,44.5100,3
51025087979034,14:10:25.087,44.5100,97
51040647141558,14:10:40.647,44.5200,100
51040647578483,14:10:40.647,44.5200,100
51040650851365,14:10:40.650,44.5200,100
51063913285948,14:11:03.913,44.5400,22
51063913290914,14:11:03.913,44.5400,44
51068761319634,14:11:08.761,44.5500,100
51068761319634,14:11:08.761,44.5500,115
51068761319634,14:11:08.761,44.5500,47
51068761319634,14:11:08.761,44.5500,38
51118259441364,14:11:58.259,44.5500,100
51118259950820,14:11:58.259,44.5500,70
51124123701998,14:12:04.123,44.5400,100
51126670438011,14:12:06.670,44.5400,100
51131775075970,14:12:11.775,44.5400,100
51131776429839,14:12:11.776,44.5400,62
51131776429839,14:12:11.776,44.5400,22
51131776462695,14:12:11.776,44.5400,78
51134812221409,14:12:14.812,44.5600,2
51148073493473,14:12:28.073,44.5600,98
51150877513319,14:12:30.877,44.5700,133
51150877513869,14:12:30.877,44.5700,45
51150877543651,14:12:30.877,44.5700,22
51154044849797,14:12:34.044,44.5900,70
51161382678978,14:12:41.382,44.5800,78
51166619130929,14:12:46.619,44.5800,22
51166619130929,14:12:46.619,44.5800,22
51258291306379,14:14:18.291,44.5800,100
51258291311693,14:14:18.291,44.5800,12
51258291311693,14:14:18.291,44.5800,10
51275820097014,14:14:35.820,44.5900,100
51275820097014,14:14:35.820,44.5900,42
51276015189911,14:14:36.015,44.6000,100
51300175545184,14:15:00.175,44.6000,23
51300175545184,14:15:00.175,44.6000,100
51300390259044,14:15:00.390,44.5900,100
51300390259044,14:15:00.390,44.5900,17
51300390259044,14:15:00.390,44.5900,36
51300561059930,14:15:00.561,44.5850,100
51300561303374,14:15:00.561,44.5800,100
51303436041212,14:15:03.436,44.5900,100
51303936909096,14:15:03.936,44.5950,100
51534675427192,14:18:54.675,44.6000,3
51534675544186,14:18:54.675,44.6000,24
51534675544186,14:18:54.675,44.6000,27
51534676823828,14:18:54.676,44.5900,13
51581032697503,14:19:41.032,44.6200,100
51581032697503,14:19:41.032,44.6200,113
51581043578445,14:19:41.043,44.6300,100
51581043673046,14:19:41.043,44.6300,100
51581057449987,14:19:41.057,44.6400,100
51624047254915,14:20:24.047,44.6200,31
51624047254915,14:20:24.047,44.6200,30
51624047280835,14:20:24.047,44.6300,100
51635024290778,14:20:35.024,44.6100,34
51635663739584,14:20:35.663,44.6000,25
51635663739584,14:20:35.663,44.6000,75
51635670663235,14:20:35.670,44.6000,25
51654038167509,14:20:54.038,44.5900,87
51654038193819,14:20:54.038,44.5900,13
51654038193819,14:20:54.038,44.5900,100
51654149029035,14:20:54.149,44.6000,100
51654279495586,14:20:54.279,44.6100,100
51656616358291,14:20:56.616,44.6000,100
51656617540386,14:20:56.617,44.6000,100
51656617564342,14:20:56.617,44.6000,100
51656622442618,14:20:56.622,44.6000,69
51656622442618,14:20:56.622,44.6000,31
51656622467206,14:20:56.622,44.6000,69
51658093733055,14:20:58.093,44.6300,97
51658093761983,14:20:58.093,44.6300,3
51689315100571,14:21:29.315,44.6400,33
51762674358604,14:22:42.674,44.6800,33
51762678228140,14:22:42.678,44.6800,45
51881006482769,14:24:41.006,44.6600,100
51881006482769,14:24:41.006,44.6600,100
51912748210094,14:25:12.748,44.6700,1
51930823139649,14:25:30.823,44.6700,100
51955722378246,14:25:55.722,44.6600,32
51995504704433,14:26:35.504,44.6500,100
51995504704433,14:26:35.504,44.6400,31
51995504832058,14:26:35.504,44.6400,100
52124842369295,14:28:44.842,44.5900,33
52187755759672,14:29:47.755,44.5700,100
52202301503771,14:30:02.301,44.5700,100
52206104418929,14:30:06.104,44.5600,33
52224042128853,14:30:24.042,44.5600,100
52224042128853,14:30:24.042,44.5600,3
52224042128853,14:30:24.042,44.5600,100
52224044240647,14:30:24.044,44.5800,13
52292987690552,14:31:32.987,44.5700,100
52324144321333,14:32:04.144,44.5400,100
52338024547295,14:32:18.024,44.5300,100
52454619829287,14:34:14.619,44.5400,5
52489279928698,14:34:49.279,44.5500,100
52507957402312,14:35:07.957,44.5550,100
52507957402312,14:35:07.957,44.5500,5
52507957532966,14:35:07.957,44.5500,95
52507957532966,14:35:07.957,44.5500,5
52542403801201,14:35:42.403,44.5450,100
52542404191344,14:35:42.404,44.5400,100
52544033929918,14:35:44.033,44.5300,69
52544033939797,14:35:44.033,44.5300,31
52715030821766,14:38:35.030,44.5400,40
52755469708952,14:39:15.469,44.5300,69
52755469709631,14:39:15.469,44.5300,31
52939049247985,14:42:19.049,44.5400,200
52939049247985,14:42:19.049,44.5400,100
52939049295314,14:42:19.049,44.5400,116
52939050417497,14:42:19.050,44.5400,100
52942145040021,14:42:22.145,44.5400,22
52956166841581,14:42:36.166,44.5350,100
52956166944406,14:42:36.166,44.5300,100
52985533486884,14:43:05.533,44.5250,100
52985533486884,14:43:05.533,44.5200,100
52985533486884,14:43:05.533,44.5200,38
52985533738351,14:43:05.533,44.5200,62
52985533738351,14:43:05.533,44.5200,38
52985538561493,14:43:05.538,44.5100,46
52985538589319,14:43:05.538,44.5100,54
52985561821446,14:43:05.561,44.4900,78
52995080929363,14:43:15.080,44.4900,100
53016358860476,14:43:36.358,44.4900,11
53016701664395,14:43:36.701,44.5000,64
53016702047435,14:43:36.702,44.5000,36
53086916457341,14:44:46.916,44.5200,100
53138394232906,14:45:38.394,44.5300,100
53139043135984,14:45:39.043,44.5100,10
53165554336789,14:46:05.554,44.5000,44
53165555054696,14:46:05.555,44.5000,72
53178163090865,14:46:18.163,44.4900,800
53178163115782,14:46:18.163,44.4900,300
53178163115782,14:46:18.163,44.4900,136
53178163720160,14:46:18.163,44.5000,100
53178163720160,14:46:18.163,44.5000,15
53178163893215,14:46:18.163,44.5000,43
53178163931500,14:46:18.163,44.5000,78
53198467211188,14:46:38.467,44.5200,100
53240396294491,14:47:20.396,44.5600,10
53441790799846,14:50:41.790,44.5400,100
53441790799846,14:50:41.790,44.5400,100
53441790799846,14:50:41.790,44.5400,44
53441790799846,14:50:41.790,44.5400,100
53467739175055,14:51:07.739,44.4900,74
53467739464790,14:51:07.739,44.4950,100
53505876666253,14:51:45.876,44.4900,5
53505876666253,14:51:45.876,44.4900,100
53505876666253,14:51:45.876,44.4900,13
53505879007794,14:51:45.879,44.4900,100
53505879185754,14:51:45.879,44.4900,100
53505880413885,14:51:45.880,44.4900,300
53505880439244,14:51:45.880,44.4900,53
53505880439244,14:51:45.880,44.4900,47
53521646351298,14:52:01.646,44.4900,100
53521646413885,14:52:01.646,44.4900,100
53525185685713,14:52:05.185,44.5000,191
53539560256247,14:52:19.560,44.5000,6
53555604143129,14:52:35.604,44.5100,100
53560849891200,14:52:40.849,44.5200,10
53560849891200,14:52:40.849,44.5200,90
53560856189137,14:52:40.856,44.5200,10
53578543013770,14:52:58.543,44.5100,95
53578543019990,14:52:58.543,44.5100,5
53578543019990,14:52:58.543,44.5100,68
53578543121985,14:52:58.543,44.5100,32
53597077678274,14:53:17.077,44.5300,4
53597077701824,14:53:17.077,44.5300,6
53625660354539,14:53:45.660,44.5400,2
53625827824889,14:53:45.827,44.5500,10
53625827824889,14:53:45.827,44.5500,100
53625827824889,14:53:45.827,44.5500,113
53641243889712,14:54:01.243,44.5600,4
53641243889712,14:54:01.243,44.5600,1
53653655770878,14:54:13.655,44.5700,3
53678006842029,14:54:38.006,44.5700,2
53691023973758,14:54:51.023,44.5600,27
53691023975292,14:54:51.023,44.5600,73
53787120040806,14:56:27.120,44.5800,10
53787120040806,14:56:27.120,44.5800,2
53789705524045,14:56:29.705,44.6000,100
53789747609702,14:56:29.747,44.6000,100
53789930834266,14:56:29.930,44.5900,100
53789930834266,14:56:29.930,44.5900,100
53789930834266,14:56:29.930,44.5900,100
53801591626069,14:56:41.591,44.6100,5
53801591626069,14:56:41.591,44.6100,15
53843797420173,14:57:23.797,44.6200,74
53843797426774,14:57:23.797,44.6200,26
53843797426774,14:57:23.797,44.6200,10
53843797426774,14:57:23.797,44.6200,37
53843797434833,14:57:23.797,44.6200,74
53843797522729,14:57:23.797,44.6200,13
53860299794481,14:57:40.299,44.6400,10
53863671413003,14:57:43.671,44.6500,4
53969820060992,14:59:29.820,44.6500,100
53969820060992,14:59:29.820,44.6500,74
53969820065893,14:59:29.820,44.6500,26
53969820065893,14:59:29.820,44.6500,47
53969820087365,14:59:29.820,44.6500,53
53970620685999,14:59:30.620,44.6400,36
53978790502728,14:59:38.790,44.6400,5
54003584220740,15:00:03.584,44.6100,400
54003584220740,15:00:03.584,44.6100,46
54003824616778,15:00:03.824,44.5900,100
54162646328575,15:02:42.646,44.5600,100
54162646328575,15:02:42.646,44.5600,53
54162646328575,15:02:42.646,44.5600,100
54169330192115,15:02:49.330,44.5500,30
54176411228463,15:02:56.411,44.5200,100
54176411360777,15:02:56.411,44.5300,100
54201161135224,15:03:21.161,44.5200,16
54201161752184,15:03:21.161,44.5200,13
54201162851740,15:03:21.162,44.5200,71
54201162851740,15:03:21.162,44.5200,24
54207084196126,15:03:27.084,44.5100,100
54232142790765,15:03:52.142,44.4900,151
54245042001437,15:04:05.042,44.4900,80
54245043197556,15:04:05.043,44.4900,60
54245043197556,15:04:05.043,44.4900,2
54245043197556,15:04:05.043,44.4900,38
54264355981511,15:04:24.355,44.4700,72
54264356248145,15:04:24.356,44.4700,8
54264356987822,15:04:24.356,44.4700,10
54264649805777,15:04:24.649,44.4700,15
54265109187531,15:04:25.109,44.4600,10
54268584368741,15:04:28.584,44.4600,100
54268585877864,15:04:28.585,44.4600,100
54268587068441,15:04:28.587,44.4600,100
54268587094654,15:04:28.587,44.4600,1
54268617153102,15:04:28.617,44.4600,99
54268622694739,15:04:28.622,44.4600,100
54302381830760,15:05:02.381,44.4700,100
54302381830760,15:05:02.381,44.4700,100
54302382111094,15:05:02.382,44.4700,68
54302382315224,15:05:02.382,44.4700,32
54302382315224,15:05:02.382,44.4700,100
54302382315224,15:05:02.382,44.4700,100
54302382953578,15:05:02.382,44.4700,85
54373340160569,15:06:13.340,44.4700,1
54373340322062,15:06:13.340,44.4700,99
54373340322062,15:06:13.340,44.4700,29
54373340322062,15:06:13.340,44.4700,72
54373340336550,15:06:13.340,44.4700,28
54383331921417,15:06:23.331,44.4600,100
54383331921417,15:06:23.331,44.4600,21
54383332038459,15:06:23.332,44.4600,79
54428093496445,15:07:08.093,44.4500,100
54428093496445,15:07:08.093,44.4500,87
54428093501208,15:07:08.093,44.4500,13
54438014422978,15:07:18.014,44.4400,45
54438014422978,15:07:18.014,44.4400,3
54450264466418,15:07:30.264,44.4500,100
54450264466418,15:07:30.264,44.4500,100
54450264466418,15:07:30.264,44.4500,100
54450264655274,15:07:30.264,44.4500,13
54450264655274,15:07:30.264,44.4500,100
54450264734043,15:07:30.264,44.4500,100
54450264734043,15:07:30.264,44.4500,25
54450264739893,15:07:30.264,44.4500,73
54450266243543,15:07:30.266,44.4500,75
54485133516957,15:08:05.133,44.4600,100
54485133516957,15:08:05.133,44.4600,100
54485516353339,15:08:05.516,44.4600,100
54488198756914,15:08:08.198,44.4600,100
54488342200166,15:08:08.342,44.4600,100
54544423263907,15:09:04.423,44.4500,16
54544423263907,15:09:04.423,44.4500,89
54544423263907,15:09:04.423,44.4500,100
54544434062730,15:09:04.434,44.4400,100
54544434062730,15:09:04.434,44.4400,23
54544434090776,15:09:04.434,44.4400,77
54544455360450,15:09:04.455,44.4400,16
54544535691182,15:09:04.535,44.4400,100
54598704231711,15:09:58.704,44.4300,100
54598704231711,15:09:58.704,44.4300,100
54609132142288,15:10:09.132,44.4300,2
54633567398605,15:10:33.567,44.4200,97
54633567452524,15:10:33.567,44.4200,3
54633567452524,15:10:33.567,44.4200,71
54638595060152,15:10:38.595,44.4200,9
54643488510935,15:10:43.488,44.4100,100
54644696961455,15:10:44.696,44.4100,98
54644696961455,15:10:44.696,44.4100,33
54644696961455,15:10:44.696,44.4100,100
54644697723889,15:10:44.697,44.4100,100
54645963702421,15:10:45.963,44.4100,100
54646008307769,15:10:46.008,44.4100,100
54664600859957,15:11:04.600,44.4000,100
54664600859957,15:11:04.600,44.4000,100
54687147132995,15:11:27.147,44.4000,100
54692017282456,15:11:32.017,44.4100,100
54692017283882,15:11:32.017,44.4100,100
54811748558702,15:13:31.748,44.4200,100
54826636374774,15:13:46.636,44.4200,100
54853477245413,15:14:13.477,44.4300,85
54853955759521,15:14:13.955,44.4300,15
54853955759521,15:14:13.955,44.4300,85
54855585416731,15:14:15.585,44.4300,15
54855585416731,15:14:15.585,44.4300,85
54855748612977,15:14:15.748,44.4300,15
54855748612977,15:14:15.748,44.4300,85
54876939133030,15:14:36.939,44.4300,100
54876939133030,15:14:36.939,44.4300,100
54876939193231,15:14:36.939,44.4300,100
54876939193231,15:14:36.939,44.4300,38
54876939212620,15:14:36.939,44.4300,100
54876939477075,15:14:36.939,44.4300,100
54876939477075,15:14:36.939,44.4300,100
54876939888996,15:14:36.939,44.4300,21
54876979359391,15:14:36.979,44.4350,100
54876979418583,15:14:36.979,44.4400,20
54876979450833,15:14:36.979,44.4400,48
54876979832762,15:14:36.979,44.4400,32
54876979832762,15:14:36.979,44.4400,48
54877012828467,15:14:37.012,44.4400,3
54877083491785,15:14:37.083,44.4400,49
54877083491785,15:14:37.083,44.4400,51
54878307845714,15:14:38.307,44.4300,62
54878314612492,15:14:38.314,44.4300,100
54899710765204,15:14:59.710,44.4400,49
54899710765204,15:14:59.710,44.4400,51
54899710796920,15:14:59.710,44.4400,49
54899710796920,15:14:59.710,44.4400,69
54899710796920,15:14:59.710,44.4400,13
54922424286087,15:15:22.424,44.4600,100
54944481488472,15:15:44.481,44.4900,100
54962265386106,15:16:02.265,44.5100,100
54962266172856,15:16:02.266,44.5000,90
54962267771653,15:16:02.267,44.5000,10
54983383540405,15:16:23.383,44.4900,100
54983383585535,15:16:23.383,44.4900,100
54983383585535,15:16:23.383,44.4900,78
54989758165536,15:16:29.758,44.4700,13
54989758189414,15:16:29.758,44.4700,5
54998442851371,15:16:38.442,44.4600,100
55042876047363,15:17:22.876,44.4600,20
55058411232580,15:17:38.411,44.4400,100
55058411232580,15:17:38.411,44.4400,100
55058412726071,15:17:38.412,44.4400,100
55089513051435,15:18:09.513,44.4300,20
55089513051435,15:18:09.513,44.4300,90
55172213620096,15:19:32.213,44.4200,100
55172213620096,15:19:32.213,44.4200,80
55265723650190,15:21:05.723,44.4400,100
55265723650190,15:21:05.723,44.4400,182
55265723650190,15:21:05.723,44.4400,100
55287674435065,15:21:27.674,44.4200,113
55287674435065,15:21:27.674,44.4200,100
55287674435065,15:21:27.674,44.4200,121
55287674435065,15:21:27.674,44.4200,66
55287674752198,15:21:27.674,44.4200,34
55318479373292,15:21:58.479,44.4000,100
55336281545160,15:22:16.281,44.3900,100
55376917172219,15:22:56.917,44.3800,18
55381936651778,15:23:01.936,44.3800,4
55391387375620,15:23:11.387,44.3700,100
55447800455915,15:24:07.800,44.3500,38
55447802409382,15:24:07.802,44.3500,66
55451906167208,15:24:11.906,44.3400,100
55502776530880,15:25:02.776,44.3400,100
55502777621086,15:25:02.777,44.3300,100
55502777621086,15:25:02.777,44.3300,100
55555858081031,15:25:55.858,44.3200,14
55557855501275,15:25:57.855,44.3200,86
55579670867809,15:26:19.670,44.3200,25
55579670867809,15:26:19.670,44.3200,100
55585474266655,15:26:25.474,44.3250,100
55633721917628,15:27:13.721,44.3100,100
55633721917628,15:27:13.721,44.3100,100
55633722764311,15:27:13.722,44.3100,100
55658613297597,15:27:38.613,44.3200,96
55673116121981,15:27:53.116,44.3200,4
55673116121981,15:27:53.116,44.3200,69
55673120159660,15:27:53.120,44.3200,131
55673265132504,15:27:53.265,44.3300,100
55673266755198,15:27:53.266,44.3300,100
55673389732998,15:27:53.389,44.3300,100
55676961482584,15:27:56.961,44.3300,5
55695875423324,15:28:15.875,44.3300,2
55697508579005,15:28:17.508,44.3300,93
55697508579005,15:28:17.508,44.3300,100
55697508579005,15:28:17.508,44.3300,100
55697509184050,15:28:17.509,44.3300,100
55697509276410,15:28:17.509,44.3300,100
55735766121739,15:28:55.766,44.3400,100
55735766221177,15:28:55.766,44.3400,10
55735766221177,15:28:55.766,44.3400,100
55741832909350,15:29:01.832,44.3300,100
55741832909350,15:29:01.832,44.3300,100
55741832909350,15:29:01.832,44.3300,110
55741844699947,15:29:01.844,44.3200,100
55741844699947,15:29:01.844,44.3200,100
55741845065134,15:29:01.845,44.3200,3
55800721727160,15:30:00.721,44.2900,10
55800721727160,15:30:00.721,44.2900,138
55800721727160,15:30:00.721,44.2900,100
55800721727160,15:30:00.721,44.2900,36
55803498229166,15:30:03.498,44.2800,10
55803498229166,15:30:03.498,44.2800,100
55803498229166,15:30:03.498,44.2800,90
55803498361194,15:30:03.498,44.2800,40
55803500336773,15:30:03.500,44.2800,49
55825967748274,15:30:25.967,44.2800,122
55833018628676,15:30:33.018,44.2800,100
55860032005028,15:31:00.032,44.2800,29
55860032005028,15:31:00.032,44.2800,100
55860032024365,15:31:00.032,44.2800,129
55872402688646,15:31:12.402,44.2800,100
55872402688646,15:31:12.402,44.2800,100
55872404868159,15:31:12.404,44.2800,71
55872408250748,15:31:12.408,44.2800,100
55872411638768,15:31:12.411,44.2800,100
55872412452470,15:31:12.412,44.2800,29
55872414798645,15:31:12.414,44.2800,29
55872415669921,15:31:12.415,44.2800,29
55872418957485,15:31:12.418,44.2800,13
55872899161631,15:31:12.899,44.2900,100
55872899161631,15:31:12.899,44.2900,50
55872899188025,15:31:12.899,44.2900,50
55872899188025,15:31:12.899,44.2900,100
55881057500363,15:31:21.057,44.2950,100
55881057500363,15:31:21.057,44.3000,100
55881057590494,15:31:21.057,44.3000,100
55917578769860,15:31:57.578,44.3000,100
55917578769860,15:31:57.578,44.3000,100
55917578769860,15:31:57.578,44.3000,100
55917578769860,15:31:57.578,44.3000,100
55917578769860,15:31:57.578,44.3000,100
55917579609519,15:31:57.579,44.3000,100
55917579609519,15:31:57.579,44.3000,100
55917579609519,15:31:57.579,44.3000,12
55917579609519,15:31:57.579,44.3000,100
55917602260209,15:31:57.602,44.3100,100
55918442846556,15:31:58.442,44.3100,100
55921602653449,15:32:01.602,44.3100,4
55921602653449,15:32:01.602,44.3100,32
55921602653449,15:32:01.602,44.3100,64
55921602714574,15:32:01.602,44.3100,36
55925368554124,15:32:05.368,44.3100,100
55953768294072,15:32:33.768,44.3350,100
55975450207652,15:32:55.450,44.3300,100
55975450257800,15:32:55.450,44.3300,10
55982392249941,15:33:02.392,44.3200,100
56001309385463,15:33:21.309,44.3000,13
56001309530838,15:33:21.309,44.3000,7
56003058709421,15:33:23.058,44.2950,100
56029214271645,15:33:49.214,44.2900,1
56029214271645,15:33:49.214,44.2900,4
56029257199826,15:33:49.257,44.2900,27
56029257199826,15:33:49.257,44.2900,6
56029372444604,15:33:49.372,44.2900,94
56029372444604,15:33:49.372,44.2900,6
56029372651973,15:33:49.372,44.2900,94
56040693561296,15:34:00.693,44.2800,10
56042965575747,15:34:02.965,44.2700,5
56042965575747,15:34:02.965,44.2700,15
56042965575747,15:34:02.965,44.2700,42
56071906138548,15:34:31.906,44.2800,100
56071906138548,15:34:31.906,44.2800,100
56071906138548,15:34:31.906,44.2800,200
56071906138548,15:34:31.906,44.2800,101
56071906170942,15:34:31.906,44.2800,99
56071906375510,15:34:31.906,44.2800,99
56071906380818,15:34:31.906,44.2800,99
56071906428589,15:34:31.906,44.2800,2
56071906428589,15:34:31.906,44.2800,25
56071908642595,15:34:31.908,44.2800,100
56071909422584,15:34:31.909,44.2800,100
56071909422584,15:34:31.909,44.2800,1
56071909797180,15:34:31.909,44.2800,2
56071911982395,15:34:31.911,44.2800,97
56071911982395,15:34:31.911,44.2800,3
56088943246797,15:34:48.943,44.2600,100
56088943246797,15:34:48.943,44.2600,100
56088943294304,15:34:48.943,44.2600,23
56088943294304,15:34:48.943,44.2600,77
56088943385469,15:34:48.943,44.2600,56
56126436970615,15:35:26.436,44.2600,100
56126436997842,15:35:26.436,44.2600,100
56126436997842,15:35:26.436,44.2600,200
56126436997842,15:35:26.436,44.2600,100
56126436999044,15:35:26.436,44.2600,100
56126440496650,15:35:26.440,44.2700,100
56126440496650,15:35:26.440,44.2700,100
56129448115856,15:35:29.448,44.2650,99
56161282037856,15:36:01.282,44.2700,100
56161282037856,15:36:01.282,44.2700,1
56161282037856,15:36:01.282,44.2700,100
56161282037856,15:36:01.282,44.2700,97
56161282108288,15:36:01.282,44.2700,100
56161282108288,15:36:01.282,44.2700,3
56161282108288,15:36:01.282,44.2700,100
56164001924690,15:36:04.001,44.2800,97
56164001924690,15:36:04.001,44.2800,23
56173184328565,15:36:13.184,44.2700,47
56173184418012,15:36:13.184,44.2700,53
56173184418012,15:36:13.184,44.2700,45
56173184727604,15:36:13.184,44.2700,155
56173184727604,15:36:13.184,44.2700,100
56183951337174,15:36:23.951,44.2700,8
56183951421144,15:36:23.951,44.2700,92
56183951713186,15:36:23.951,44.2650,100
56183951713739,15:36:23.951,44.2700,100
56226921954959,15:37:06.921,44.2750,100
56227463999077,15:37:07.463,44.2700,94
56235175737048,15:37:15.175,44.2700,6
56235175737048,15:37:15.175,44.2700,100
56235175737048,15:37:15.175,44.2700,30
56238429136431,15:37:18.429,44.2600,100
56238429136431,15:37:18.429,44.2600,100
56238429136431,15:37:18.429,44.2600,4
56238429399209,15:37:18.429,44.2600,65
56238429399209,15:37:18.429,44.2600,100
56238433640621,15:37:18.433,44.2600,7
56245328416914,15:37:25.328,44.2600,1
56245328416914,15:37:25.328,44.2600,99
56245328447589,15:37:25.328,44.2600,1
56245328447589,15:37:25.328,44.2600,100
56245328447589,15:37:25.328,44.2600,100
56245329885646,15:37:25.329,44.2600,100
56256669416853,15:37:36.669,44.2600,100
56256669445216,15:37:36.669,44.2700,58
56256669498757,15:37:36.669,44.2700,16
56256672152451,15:37:36.672,44.2700,26
56323479671479,15:38:43.479,44.2700,94
56323479684434,15:38:43.479,44.2700,6
56323479684434,15:38:43.479,44.2700,43
56323479765874,15:38:43.479,44.2650,157
56323479928092,15:38:43.479,44.2650,43
56323479928092,15:38:43.479,44.2700,57
56323479928092,15:38:43.479,44.2700,100
56323479928092,15:38:43.479,44.2700,57
56323480709402,15:38:43.480,44.2700,43
56323483011732,15:38:43.483,44.2700,43
56323542424492,15:38:43.542,44.2700,57
56323542424492,15:38:43.542,44.2700,43
56323542483583,15:38:43.542,44.2700,57
56350638149724,15:39:10.638,44.2700,100
56350638246872,15:39:10.638,44.2700,100
56350638246872,15:39:10.638,44.2700,113
56367002811833,15:39:27.002,44.2650,101
56367002917985,15:39:27.002,44.2650,99
56367002917985,15:39:27.002,44.2700,1
56367002917985,15:39:27.002,44.2700,1
56367003925403,15:39:27.003,44.2700,99
56367003925403,15:39:27.003,44.2700,2
56377408753643,15:39:37.408,44.2800,27
56396038349998,15:39:56.038,44.2700,100
56396038349998,15:39:56.038,44.2700,100
56396038435117,15:39:56.038,44.2700,93
56403806203354,15:40:03.806,44.2600,49
56403806275583,15:40:03.806,44.2600,51
56403806275583,15:40:03.806,44.2600,100
56403806275583,15:40:03.806,44.2600,82
56403806275583,15:40:03.806,44.2600,200
56403806275583,15:40:03.806,44.2600,113
56442671256708,15:40:42.671,44.2600,100
56442671271472,15:40:42.671,44.2600,100
56442671287168,15:40:42.671,44.2600,100
56442671287168,15:40:42.671,44.2600,100
56442671314020,15:40:42.671,44.2600,100
56442676192124,15:40:42.676,44.2700,1
56443166866030,15:40:43.166,44.2750,100
56455511940606,15:40:55.511,44.2750,100
56461735789806,15:41:01.735,44.2700,100
56461735789806,15:41:01.735,44.2700,100
56480483474372,15:41:20.483,44.2500,5
56481132113567,15:41:21.132,44.2500,100
56481132142599,15:41:21.132,44.2500,100
56486999421359,15:41:26.999,44.2400,10
56486999421359,15:41:26.999,44.2400,100
56486999421359,15:41:26.999,44.2400,10
56498825385894,15:41:38.825,44.2300,88
56498825385894,15:41:38.825,44.2300,100
56498852575732,15:41:38.852,44.2200,100
56500684858439,15:41:40.684,44.2100,100
56500684858439,15:41:40.684,44.2100,100
56505578387484,15:41:45.578,44.2100,300
56505578387484,15:41:45.578,44.2100,122
56507359711111,15:41:47.359,44.2200,100
56507359711111,15:41:47.359,44.2200,30
56507666232552,15:41:47.666,44.2200,270
56507666232552,15:41:47.666,44.2200,100
56507666232552,15:41:47.666,44.2200,100
56507666319698,15:41:47.666,44.2200,41
56507830272186,15:41:47.830,44.2200,39
56507831593591,15:41:47.831,44.2200,100
56507833008284,15:41:47.833,44.2200,35
56509149568704,15:41:49.149,44.2200,100
56523450270226,15:42:03.450,44.2200,85
56523825283165,15:42:03.825,44.2300,32
56534176760870,15:42:14.176,44.2250,100
56534917102276,15:42:14.917,44.2250,100
56534917102276,15:42:14.917,44.2300,68
56534917102276,15:42:14.917,44.2300,100
56534917102276,15:42:14.917,44.2300,32
56534917182623,15:42:14.917,44.2300,68
56534917182623,15:42:14.917,44.2300,100
56534917182623,15:42:14.917,44.2300,1
56557886956247,15:42:37.886,44.2300,100
56557886956247,15:42:37.886,44.2400,10
56563878746486,15:42:43.878,44.2400,90
56563878746486,15:42:43.878,44.2400,100
56563878746486,15:42:43.878,44.2400,300
56563878746486,15:42:43.878,44.2400,10
56563879516790,15:42:43.879,44.2400,121
56574692771650,15:42:54.692,44.2400,69
56574692771650,15:42:54.692,44.2400,100
56574692771650,15:42:54.692,44.2400,100
56574692771650,15:42:54.692,44.2400,31
56574692818323,15:42:54.692,44.2400,69
56580503582257,15:43:00.503,44.2400,100
56580503582257,15:43:00.503,44.2400,100
56580503582257,15:43:00.503,44.2400,100
56580503582257,15:43:00.503,44.2400,100
56580503582257,15:43:00.503,44.2400,100
56580503582257,15:43:00.503,44.2400,100
56580753782761,15:43:00.753,44.2400,100
56580753782761,15:43:00.753,44.2400,100
56581009021429,15:43:01.009,44.2500,100
56596129219343,15:43:16.129,44.2600,100
56596129219343,15:43:16.129,44.2600,100
56596129629175,15:43:16.129,44.2600,100
56615464598822,15:43:35.464,44.2600,134
56615464598822,15:43:35.464,44.2600,66
56615716288270,15:43:35.716,44.2600,34
56615773640052,15:43:35.773,44.2600,100
56615773640052,15:43:35.773,44.2600,100
56615773640052,15:43:35.773,44.2600,100
56643834368182,15:44:03.834,44.2600,19
56643834393024,15:44:03.834,44.2600,81
56643834393024,15:44:03.834,44.2600,100
56652228241819,15:44:12.228,44.2600,100
56652228334610,15:44:12.228,44.2600,100
56652243885080,15:44:12.243,44.2600,100
56652243885080,15:44:12.243,44.2600,100
56652243885080,15:44:12.243,44.2600,100
56652575946408,15:44:12.575,44.2600,100
56693384633833,15:44:53.384,44.2500,54
56700201630815,15:45:00.201,44.2600,100
56700201630815,15:45:00.201,44.2500,46
56700201630815,15:45:00.201,44.2500,100
56700201630815,15:45:00.201,44.2500,200
56700201630815,15:45:00.201,44.2400,100
56700201630815,15:45:00.201,44.2300,100
56700201630815,15:45:00.201,44.2300,100
56700201630815,15:45:00.201,44.2300,100
56702375618667,15:45:02.375,44.2400,32
56702913450191,15:45:02.913,44.2400,17
56714903019590,15:45:14.903,44.2300,138
56714903019590,15:45:14.903,44.2300,100
56718057421989,15:45:18.057,44.2300,60
56718057421989,15:45:18.057,44.2300,30
56720149172462,15:45:20.149,44.2400,100
56731919049453,15:45:31.919,44.2500,49
56731919487775,15:45:31.919,44.2500,51
56731919487775,15:45:31.919,44.2500,49
56731921074731,15:45:31.921,44.2500,100
56731921793901,15:45:31.921,44.2500,51
56731921793901,15:45:31.921,44.2500,49
56731921888902,15:45:31.921,44.2500,51
56731921925777,15:45:31.921,44.2500,100
56741958960141,15:45:41.958,44.2550,100
56741958960141,15:45:41.958,44.2600,100
56741958960141,15:45:41.958,44.2600,100
56741958960141,15:45:41.958,44.2600,100
56741959480204,15:45:41.959,44.2600,100
56741959827232,15:45:41.959,44.2600,100
56745769529694,15:45:45.769,44.2600,100
56761568334301,15:46:01.568,44.2500,91
56761568407012,15:46:01.568,44.2500,9
56761568407012,15:46:01.568,44.2500,200
56773373677782,15:46:13.373,44.2300,3
56773380109301,15:46:13.380,44.2300,49
56774356737141,15:46:14.356,44.2300,100
56774356766015,15:46:14.356,44.2300,100
56774356766015,15:46:14.356,44.2300,115
56784558429674,15:46:24.558,44.2200,20
56784558429674,15:46:24.558,44.2200,80
56789174612166,15:46:29.174,44.2200,20
56789174612166,15:46:29.174,44.2200,8
56790894565722,15:46:30.894,44.2250,100
56808837506946,15:46:48.837,44.2200,100
56808837506946,15:46:48.837,44.2200,100
56808837506946,15:46:48.837,44.2200,97
56808837506946,15:46:48.837,44.2200,3
56808837538566,15:46:48.837,44.2200,96
56809359881517,15:46:49.359,44.2100,100
56809359881517,15:46:49.359,44.2100,100
56809359881517,15:46:49.359,44.2100,100
56811634930278,15:46:51.634,44.2200,100
56811634930278,15:46:51.634,44.2200,100
56815036789127,15:46:55.036,44.2200,35
56817177172758,15:46:57.177,44.2200,65
56818869987796,15:46:58.869,44.2200,100
56819372988266,15:46:59.372,44.2200,100
56820254268114,15:47:00.254,44.2250,100
56852627153957,15:47:32.627,44.2200,123
56852627153957,15:47:32.627,44.2200,69
56852627153957,15:47:32.627,44.2200,8
56852627200636,15:47:32.627,44.2200,92
56852627200636,15:47:32.627,44.2200,8
56852627229688,15:47:32.627,44.2200,92
56853755376857,15:47:33.755,44.2100,100
56853809184739,15:47:33.809,44.2000,16
56853809184739,15:47:33.809,44.2000,4
56858860588732,15:47:38.860,44.1900,11
56858860588732,15:47:38.860,44.1900,5
56858860588732,15:47:38.860,44.1900,84
56858860620243,15:47:38.860,44.1900,16
56873190011439,15:47:53.190,44.1800,100
56873190099245,15:47:53.190,44.1800,16
56879138419291,15:47:59.138,44.1700,100
56879138419291,15:47:59.138,44.1700,100
56884079055656,15:48:04.079,44.1700,30
56884079055656,15:48:04.079,44.1700,100
56884079155252,15:48:04.079,44.1700,100
56910112720263,15:48:30.112,44.1750,100
56910396330019,15:48:30.396,44.1700,100
56910396379450,15:48:30.396,44.1700,100
56910396379450,15:48:30.396,44.1700,100
56910396383529,15:48:30.396,44.1700,109
56937628874688,15:48:57.628,44.1600,100
56937629006073,15:48:57.629,44.1600,100
56938335908051,15:48:58.335,44.1500,30
56938335908051,15:48:58.335,44.1500,70
56939121150940,15:48:59.121,44.1500,30
56939121150940,15:48:59.121,44.1500,100
56939125150273,15:48:59.125,44.1500,100
56939125150273,15:48:59.125,44.1500,100
56989124278684,15:49:49.124,44.1500,100
56999517540462,15:49:59.517,44.1550,100
57002719909596,15:50:02.719,44.1500,100
57006491104095,15:50:06.491,44.1500,100
57006491104095,15:50:06.491,44.1500,200
57008474509840,15:50:08.474,44.1400,100
57022190820548,15:50:22.190,44.1500,100
57022190820548,15:50:22.190,44.1500,100
57022191029483,15:50:22.191,44.1500,36
57022191055017,15:50:22.191,44.1500,63
57022191059757,15:50:22.191,44.1500,1
57022191059757,15:50:22.191,44.1500,38
57022191096276,15:50:22.191,44.1500,62
57022191757707,15:50:22.191,44.1500,100
57052115433225,15:50:52.115,44.1400,40
57052115464518,15:50:52.115,44.1400,60
57052115464518,15:50:52.115,44.1400,100
57052115464518,15:50:52.115,44.1400,100
57053572998552,15:50:53.572,44.1350,100
57062371724981,15:51:02.371,44.1400,30
57062501225020,15:51:02.501,44.1400,100
57068800009676,15:51:08.800,44.1350,100
57069077534556,15:51:09.077,44.1400,100
57069077534556,15:51:09.077,44.1400,100
57069306003092,15:51:09.306,44.1350,100
57070755998593,15:51:10.755,44.1350,100
57076433002341,15:51:16.433,44.1350,100
57076934999789,15:51:16.934,44.1350,100
57089270742308,15:51:29.270,44.1300,100
57089270742308,15:51:29.270,44.1300,100
57089270742308,15:51:29.270,44.1300,57
57089270757385,15:51:29.270,44.1300,43
57091974905951,15:51:31.974,44.1200,100
57091974905951,15:51:31.974,44.1200,100
57092784047754,15:51:32.784,44.1200,100
57092784047754,15:51:32.784,44.1200,100
57099295001786,15:51:39.295,44.1150,100
57099442127754,15:51:39.442,44.1200,100
57099442127754,15:51:39.442,44.1200,100
57099442127754,15:51:39.442,44.1200,100
57099442774789,15:51:39.442,44.1200,100
57099442774789,15:51:39.442,44.1200,100
57099442774789,15:51:39.442,44.1200,23
57099965286142,15:51:39.965,44.1300,100
57106589000640,15:51:46.589,44.1250,100
57110432003323,15:51:50.432,44.1250,100
57110995001111,15:51:50.995,44.1250,100
57158933327423,15:52:38.933,44.1250,100
57164241778675,15:52:44.241,44.1200,100
57164241813775,15:52:44.241,44.1200,43
57164242152092,15:52:44.242,44.1200,103
57164242152092,15:52:44.242,44.1200,97
57164242255344,15:52:44.242,44.1200,3
57164242255344,15:52:44.242,44.1200,97
57164242638764,15:52:44.242,44.1200,103
57164242638764,15:52:44.242,44.1200,200
57164242638764,15:52:44.242,44.1200,97
57164242681133,15:52:44.242,44.1200,3
57164242681133,15:52:44.242,44.1200,10
57166953105128,15:52:46.953,44.1200,100
57166953105128,15:52:46.953,44.1200,70
57166953109331,15:52:46.953,44.1200,100
57166953132864,15:52:46.953,44.1200,30
57166954041139,15:52:46.954,44.1200,43
57171005820555,15:52:51.005,44.1200,28
57174092274859,15:52:54.092,44.1200,32
57179678005868,15:52:59.678,44.1150,100
57190414639284,15:53:10.414,44.1200,16
57190425750490,15:53:10.425,44.1200,100
57190425794625,15:53:10.425,44.1200,100
57230085804882,15:53:50.085,44.1150,100
57230086175339,15:53:50.086,44.1100,100
57230086406513,15:53:50.086,44.1100,100
57230086429702,15:53:50.086,44.1100,100
57230087525697,15:53:50.087,44.1100,100
57270620636333,15:54:30.620,44.1100,47
57270725672561,15:54:30.725,44.1100,153
57270725672561,15:54:30.725,44.1100,100
57270725672561,15:54:30.725,44.1100,100
57270725809656,15:54:30.725,44.1100,100
57270725809656,15:54:30.725,44.1100,85
57270725870864,15:54:30.725,44.1100,15
57270733758991,15:54:30.733,44.1100,100
57271451007453,15:54:31.451,44.1050,100
57282789582477,15:54:42.789,44.1000,100
57282789652430,15:54:42.789,44.1000,47
57282789670505,15:54:42.789,44.1000,153
57282789670505,15:54:42.789,44.1000,3
57292525003816,15:54:52.525,44.0950,100
57293652001158,15:54:53.652,44.0950,100
57296107152664,15:54:56.107,44.1000,100
57300124533530,15:55:00.124,44.1000,100
57300124533530,15:55:00.124,44.1100,100
57300124533530,15:55:00.124,44.1100,100
57300124533530,15:55:00.124,44.1100,100
57300124533530,15:55:00.124,44.1100,100
57300124533530,15:55:00.124,44.1100,100
57300124533530,15:55:00.124,44.1100,106
57300124941094,15:55:00.124,44.1000,100
57300296941439,15:55:00.296,44.1100,100
57300297443887,15:55:00.297,44.1100,200
57300297443887,15:55:00.297,44.1100,94
57310141085514,15:55:10.141,44.1200,49
57335095996786,15:55:35.095,44.1350,100
57335603997153,15:55:35.603,44.1350,100
57340231821418,15:55:40.231,44.1400,5
57340231821418,15:55:40.231,44.1400,1
57340232189191,15:55:40.232,44.1400,100
57340232205690,15:55:40.232,44.1400,51
57340232258143,15:55:40.232,44.1400,49
57352730636115,15:55:52.730,44.1500,100
57352730636115,15:55:52.730,44.1500,100
57365079179276,15:56:05.079,44.1700,100
57370109702382,15:56:10.109,44.1700,136
57370109791071,15:56:10.109,44.1700,64
57370109791071,15:56:10.109,44.1700,100
57370109791071,15:56:10.109,44.1700,1
57370109791071,15:56:10.109,44.1700,49
57370109904538,15:56:10.109,44.1700,1
57370111439595,15:56:10.111,44.1700,50
57370111439595,15:56:10.111,44.1700,100
57381251507615,15:56:21.251,44.1700,46
57381251507615,15:56:21.251,44.1700,114
57381251507615,15:56:21.251,44.1700,100
57381251507615,15:56:21.251,44.1700,200
57381251507615,15:56:21.251,44.1700,200
57381253193213,15:56:21.253,44.1700,200
57381253193213,15:56:21.253,44.1700,100
57381253193213,15:56:21.253,44.1700,100
57381253875470,15:56:21.253,44.1700,147
57384847116217,15:56:24.847,44.1700,100
57384847116217,15:56:24.847,44.1700,114
57384847116217,15:56:24.847,44.1700,114
57385076299363,15:56:25.076,44.1700,100
57388088634919,15:56:28.088,44.1700,149
57388088634919,15:56:28.088,44.1700,100
57388088634919,15:56:28.088,44.1700,114
57388089391102,15:56:28.089,44.1600,200
57388089391102,15:56:28.089,44.1600,100
57388089391102,15:56:28.089,44.1600,37
57388095050761,15:56:28.095,44.1600,100
57388095050761,15:56:28.095,44.1600,99
57396091718642,15:56:36.091,44.1600,1
57396091718642,15:56:36.091,44.1600,100
57396091718642,15:56:36.091,44.1600,114
57400329605784,15:56:40.329,44.1600,100
57400329605784,15:56:40.329,44.1600,114
57400329605784,15:56:40.329,44.1600,114
57400329605784,15:56:40.329,44.1600,114
57404244681072,15:56:44.244,44.1600,100
57404244707045,15:56:44.244,44.1600,100
57404245197467,15:56:44.245,44.1600,100
57404245197467,15:56:44.245,44.1600,100
57404245197467,15:56:44.245,44.1600,100
57404245197467,15:56:44.245,44.1600,100
57404245197467,15:56:44.245,44.1600,100
57404843480613,15:56:44.843,44.1600,100
57404843480613,15:56:44.843,44.1600,100
57404843480613,15:56:44.843,44.1600,97
57404843512465,15:56:44.843,44.1600,3
57404843512465,15:56:44.843,44.1600,100
57413365292903,15:56:53.365,44.1500,100
57413365292903,15:56:53.365,44.1500,100
57413365292903,15:56:53.365,44.1500,148
57413365292903,15:56:53.365,44.1500,100
57413365292903,15:56:53.365,44.1500,2
57417492740005,15:56:57.492,44.1500,298
57417492740005,15:56:57.492,44.1500,114
57417493128854,15:56:57.493,44.1500,100
57417509807611,15:56:57.509,44.1500,100
57417509807611,15:56:57.509,44.1500,100
57420850186500,15:57:00.850,44.1500,78
57420850213699,15:57:00.850,44.1500,22
57420850213699,15:57:00.850,44.1500,100
57420850213699,15:57:00.850,44.1500,100
57420850213699,15:57:00.850,44.1500,100
57423810311919,15:57:03.810,44.1400,49
57423810311919,15:57:03.810,44.1400,100
57423810311919,15:57:03.810,44.1400,114
57423810311919,15:57:03.810,44.1400,37
57425103032028,15:57:05.103,44.1500,300
57426722649848,15:57:06.722,44.1400,77
57426722649848,15:57:06.722,44.1400,100
57426722649848,15:57:06.722,44.1400,114
57426722649848,15:57:06.722,44.1400,109
57429027635336,15:57:09.027,44.1500,100
57430105144839,15:57:10.105,44.1500,60
57430105281085,15:57:10.105,44.1500,40
57430105281085,15:57:10.105,44.1500,74
57430105337529,15:57:10.105,44.1500,26
57430105337529,15:57:10.105,44.1500,60
57433089239283,15:57:13.089,44.1400,5
57433089239283,15:57:13.089,44.1400,114
57433089239283,15:57:13.089,44.1400,34
57433089239283,15:57:13.089,44.1400,114
57433089239283,15:57:13.089,44.1400,133
57438045208667,15:57:18.045,44.1400,100
57438045208667,15:57:18.045,44.1400,100
57438045208667,15:57:18.045,44.1400,100
57438045208667,15:57:18.045,44.1400,114
57438045208667,15:57:18.045,44.1400,114
57443494358666,15:57:23.494,44.1400,100
57443494358666,15:57:23.494,44.1400,100
57443494358666,15:57:23.494,44.1400,50
57451031153831,15:57:31.031,44.1300,100
57451031153831,15:57:31.031,44.1300,100
57451031153831,15:57:31.031,44.1300,200
57451031153831,15:57:31.031,44.1300,114
57451065372105,15:57:31.065,44.1200,20
57456951436841,15:57:36.951,44.1100,100
57456951436841,15:57:36.951,44.1100,100
57456951436841,15:57:36.951,44.1100,114
57456951436841,15:57:36.951,44.1100,200
57456951436841,15:57:36.951,44.1100,286
57456951982231,15:57:36.951,44.1100,14
57459163919154,15:57:39.163,44.1000,12
57459163919154,15:57:39.163,44.1000,80
57460063960234,15:57:40.063,44.1000,100
57460064293451,15:57:40.064,44.1000,40
57460261200593,15:57:40.261,44.1100,100
57465098636919,15:57:45.098,44.1100,100
57465098636919,15:57:45.098,44.1100,100
57467992761598,15:57:47.992,44.1100,20
57475108389658,15:57:55.108,44.1150,100
57485089584706,15:58:05.089,44.1200,100
57485089584706,15:58:05.089,44.1200,100
57485089584706,15:58:05.089,44.1200,100
57485089799782,15:58:05.089,44.1200,100
57486571484790,15:58:06.571,44.1200,167
57486571484790,15:58:06.571,44.1200,47
57487175565289,15:58:07.175,44.1300,100
57489754040880,15:58:09.754,44.1300,100
57507636233405,15:58:27.636,44.1350,100
57507638927561,15:58:27.638,44.1400,73
57507639070831,15:58:27.639,44.1400,27
57507639070831,15:58:27.639,44.1400,73
57507639113782,15:58:27.639,44.1400,27
57507639305944,15:58:27.639,44.1400,27
57507639318535,15:58:27.639,44.1400,27
57507639356453,15:58:27.639,44.1400,46
57513401958014,15:58:33.401,44.1400,100
57513401958014,15:58:33.401,44.1400,10
57513401958014,15:58:33.401,44.1400,100
57513401958014,15:58:33.401,44.1400,30
57519649249234,15:58:39.649,44.1400,20
57519650962312,15:58:39.650,44.1400,80
57526261331215,15:58:46.261,44.1450,100
57526261331215,15:58:46.261,44.1400,100
57533618716884,15:58:53.618,44.1400,1
57533618716884,15:58:53.618,44.1400,200
57533619158485,15:58:53.619,44.1400,100
57538969102311,15:58:58.969,44.1500,100
57538969102311,15:58:58.969,44.1500,100
57538975438935,15:58:58.975,44.1500,100
57538975438935,15:58:58.975,44.1500,112
57538977404762,15:58:58.977,44.1600,80
57543307844693,15:59:03.307,44.1900,100
57543307844693,15:59:03.307,44.1900,4
57543307922801,15:59:03.307,44.1900,100
57544352723895,15:59:04.352,44.1900,100
57544352723895,15:59:04.352,44.1900,15
57544686170756,15:59:04.686,44.1900,114
57544686209085,15:59:04.686,44.1900,81
57548945737371,15:59:08.945,44.2100,100
57549632357519,15:59:09.632,44.2100,136
57549632357519,15:59:09.632,44.2100,114
57549632396340,15:59:09.632,44.2100,100
57549633817534,15:59:09.633,44.2100,6
57549633897096,15:59:09.633,44.2100,94
57549634217914,15:59:09.634,44.2100,100
57552002100990,15:59:12.002,44.2100,22
57552397332477,15:59:12.397,44.2100,100
57552397619033,15:59:12.397,44.2000,32
57556197044651,15:59:16.197,44.2100,100
57559885139563,15:59:19.885,44.2100,100
57559885139563,15:59:19.885,44.2100,100
57559885139563,15:59:19.885,44.2100,100
57565820720865,15:59:25.820,44.2100,14
57571194087592,15:59:31.194,44.2000,114
57582495912532,15:59:42.495,44.1800,9
57582496879571,15:59:42.496,44.1800,9
57582527800020,15:59:42.527,44.1800,4
57582527824534,15:59:42.527,44.1800,5
57586317339710,15:59:46.317,44.1800,100
57590041238223,15:59:50.041,44.1700,1
57600756513974,16:00:00.756,0.0000,0
