timestamp,time,price,volume
34198448088821,09:29:58.448,29.3100,100
34200635637580,09:30:00.635,29.3100,1246
34382588176778,09:33:02.588,29.2400,104
34382588176778,09:33:02.588,29.2400,45
34382640813753,09:33:02.640,29.1400,100
34382641154836,09:33:02.641,29.1900,100
34383085620733,09:33:03.085,29.2700,19
34537098167801,09:35:37.098,29.0200,16
34537098167801,09:35:37.098,29.0200,84
34537098207954,09:35:37.098,29.0200,16
34537098207954,09:35:37.098,29.0100,100
34537098589680,09:35:37.098,28.9800,20
34537099157350,09:35:37.099,28.9800,20
34540607964777,09:35:40.607,29.0100,4
34540608053136,09:35:40.608,29.0100,71
35116674170508,09:45:16.674,29.0100,3
35116674487120,09:45:16.674,29.0100,97
35116674487120,09:45:16.674,29.0100,26
35116677058557,09:45:16.677,29.0200,100
35116677058557,09:45:16.677,29.0200,100
35116677106657,09:45:16.677,29.0200,200
35116677144360,09:45:16.677,29.0200,100
35116677158111,09:45:16.677,29.0200,100
35116677172122,09:45:16.677,29.0200,100
35116677245229,09:45:16.677,29.0200,100
35116677351204,09:45:16.677,29.0200,100
35116707443585,09:45:16.707,29.0400,16
35122203500321,09:45:22.203,29.0600,13
35397846466589,09:49:57.846,28.9900,100
35397846498639,09:49:57.846,28.9900,100
35397847511770,09:49:57.847,28.9900,100
35398352958406,09:49:58.352,28.9400,100
35398352958406,09:49:58.352,28.9400,100
35668621107527,09:54:28.621,28.9400,100
35746941916521,09:55:46.941,28.9400,27
35746942294893,09:55:46.942,28.9800,100
35819492489457,09:56:59.492,28.9000,100
35874656528740,09:57:54.656,28.9500,100
35877069392967,09:57:57.069,28.9700,100
35877070314235,09:57:57.070,28.9900,100
35877070314235,09:57:57.070,28.9900,100
35877070314235,09:57:57.070,28.9900,100
35877070314235,09:57:57.070,28.9900,100
35877070314235,09:57:57.070,28.9900,100
35877070417422,09:57:57.070,28.9900,39
36017982271717,10:00:17.982,29.0100,100
36017982271717,10:00:17.982,29.0100,100
36017982271717,10:00:17.982,29.0200,100
36017982271717,10:00:17.982,29.0200,500
36017982271717,10:00:17.982,29.0200,100
36017982271717,10:00:17.982,29.0200,100
36017982271717,10:00:17.982,29.0200,500
36017983051170,10:00:17.983,29.0400,13
36017983051170,10:00:17.983,29.0500,87
36018361522126,10:00:18.361,29.0300,100
36018361522126,10:00:18.361,29.0200,400
36023685460004,10:00:23.685,29.0600,100
36023685460004,10:00:23.685,29.0700,200
36023685460004,10:00:23.685,29.0700,100
36023688455530,10:00:23.688,29.0700,24
36023688455530,10:00:23.688,29.0700,100
36023688455530,10:00:23.688,29.0700,26
36023691111922,10:00:23.691,29.0700,100
36023691157111,10:00:23.691,29.0700,1070
36164301507278,10:02:44.301,29.0200,23
36164301507278,10:02:44.301,29.0200,64
36164301507278,10:02:44.301,29.0200,36
36390450301886,10:06:30.450,29.0100,100
36399530914824,10:06:39.530,29.0200,100
36403856110678,10:06:43.856,29.0200,100
36604755699549,10:10:04.755,29.0200,35
36610436742933,10:10:10.436,29.0400,100
36630586527347,10:10:30.586,29.0600,5
36656488525633,10:10:56.488,29.0400,100
36656488525633,10:10:56.488,29.0400,47
36704459146439,10:11:44.459,29.0400,100
36718792913029,10:11:58.792,29.0500,100
36806659090693,10:13:26.659,29.0800,44
37036698860436,10:17:16.698,29.0000,1
37038520678253,10:17:18.520,28.9900,100
37109931864151,10:18:29.931,28.9700,100
37109932238830,10:18:29.932,28.9400,100
37138467621493,10:18:58.467,28.9400,100
37138467708939,10:18:58.467,28.9400,12
37138467721732,10:18:58.467,28.9400,70
37138467962079,10:18:58.467,28.9400,30
37139373172395,10:18:59.373,28.9400,88
37139373172395,10:18:59.373,28.9200,12
37139373210163,10:18:59.373,28.9200,88
37139374198445,10:18:59.374,28.9300,100
37139374478593,10:18:59.374,28.9300,90
37139374478593,10:18:59.374,28.9200,100
37139523697478,10:18:59.523,28.9300,100
37143232939454,10:19:03.232,28.9400,100
37143233934928,10:19:03.233,28.9500,100
37143234249125,10:19:03.234,28.9500,100
37146605207825,10:19:06.605,28.9600,100
37146605242870,10:19:06.605,28.9600,100
37148344553432,10:19:08.344,28.9700,100
37148344621577,10:19:08.344,28.9700,100
37148347298689,10:19:08.347,28.9700,100
37221383021823,10:20:21.383,28.9900,200
37221383065462,10:20:21.383,28.9900,100
37222786933513,10:20:22.786,29.0100,100
37222787258016,10:20:22.787,29.0200,100
37346877447128,10:22:26.877,29.0600,100
37346877891863,10:22:26.877,29.0700,100
37489378106635,10:24:49.378,29.0700,100
37526988885477,10:25:26.988,29.0700,53
37526988894522,10:25:26.988,29.0700,47
37526989239047,10:25:26.989,29.0900,22
37925183426020,10:32:05.183,29.1700,100
37925183523140,10:32:05.183,29.1700,7
37947289971801,10:32:27.289,29.1700,40
37947289971801,10:32:27.289,29.1900,100
37947289971801,10:32:27.289,29.1900,60
37947290038480,10:32:27.290,29.1900,40
38031632026986,10:33:51.632,29.1900,100
38272164479379,10:37:52.164,29.1800,100
38272164795830,10:37:52.164,29.1800,100
38296507970585,10:38:16.507,29.1900,100
38296507970585,10:38:16.507,29.1900,100
38296507979967,10:38:16.507,29.1900,97
38296508005530,10:38:16.508,29.1900,3
38562706078932,10:42:42.706,29.1900,100
38562706078932,10:42:42.706,29.1900,100
38562706819952,10:42:42.706,29.1800,100
38694451367172,10:44:54.451,29.2200,100
38694451367172,10:44:54.451,29.2200,100
38893426379161,10:48:13.426,29.1700,86
38941336423733,10:49:01.336,29.1600,100
39036098859597,10:50:36.098,29.1500,100
39171282772210,10:52:51.282,29.1300,100
39334414289041,10:55:34.414,29.1300,100
39334414289041,10:55:34.414,29.1300,28
39334414302735,10:55:34.414,29.1300,63
39334414316916,10:55:34.414,29.1300,9
39334414316916,10:55:34.414,29.1300,100
39334414316916,10:55:34.414,29.1300,63
39334414317880,10:55:34.414,29.1300,37
39334424688862,10:55:34.424,29.1400,100
39334424688862,10:55:34.424,29.1400,100
39334424688862,10:55:34.424,29.1400,100
39334424688862,10:55:34.424,29.1400,100
39334424754317,10:55:34.424,29.1400,100
39334434963296,10:55:34.434,29.1500,100
39601593920918,11:00:01.593,29.1400,45
39601594019875,11:00:01.594,29.1400,55
39663488254944,11:01:03.488,29.1700,8
39663488327772,11:01:03.488,29.1700,20
39663508471142,11:01:03.508,29.1700,129
39663508746019,11:01:03.508,29.1700,43
39666441892271,11:01:06.441,29.1700,200
39669030646591,11:01:09.030,29.1500,100
39672961315611,11:01:12.961,29.1700,100
39698054342049,11:01:38.054,29.1800,100
39729262272849,11:02:09.262,29.1900,100
39732963506264,11:02:12.963,29.1800,100
39792265483791,11:03:12.265,29.1700,100
39792265483791,11:03:12.265,29.1700,4
39792266222977,11:03:12.266,29.1700,60
39920586614308,11:05:20.586,29.1600,100
39920586656943,11:05:20.586,29.1600,4
39979663220154,11:06:19.663,29.1500,100
40035615218077,11:07:15.615,29.1500,35
40035615244781,11:07:15.615,29.1500,65
40035615244781,11:07:15.615,29.1500,100
40250486383708,11:10:50.486,29.1600,19
40319413250982,11:11:59.413,29.1700,5
40665420081303,11:17:45.420,29.1600,100
40680009039656,11:18:00.009,29.1700,100
40680031582835,11:18:00.031,29.1800,88
40680031615986,11:18:00.031,29.1800,112
40680031615986,11:18:00.031,29.1800,100
40680031749451,11:18:00.031,29.1800,100
40680031749451,11:18:00.031,29.1800,100
40680032131371,11:18:00.032,29.1800,100
40682386466285,11:18:02.386,29.2000,100
40682386466285,11:18:02.386,29.2000,100
40682386466285,11:18:02.386,29.2000,100
40682387010235,11:18:02.387,29.2000,100
40682387058341,11:18:02.387,29.2000,200
40682407234915,11:18:02.407,29.1900,43
40720759421976,11:18:40.759,29.1900,57
40720759421976,11:18:40.759,29.1900,200
40909529054169,11:21:49.529,29.1700,4
40909535342659,11:21:49.535,29.1600,100
40930156359971,11:22:10.156,29.1500,100
40946419082803,11:22:26.419,29.1400,100
41022444586019,11:23:42.444,29.1500,100
41022444618473,11:23:42.444,29.1500,100
41022444623000,11:23:42.444,29.1500,100
41022444724403,11:23:42.444,29.1500,100
41022444817809,11:23:42.444,29.1500,100
41595937110533,11:33:15.937,29.1400,26
41595937110533,11:33:15.937,29.1400,2
41595937110533,11:33:15.937,29.1400,45
41595937127970,11:33:15.937,29.1400,55
41595937127970,11:33:15.937,29.1400,1
41595937522544,11:33:15.937,29.1400,99
41852603442023,11:37:32.603,29.1200,32
41852603442023,11:37:32.603,29.1200,90
41852603472771,11:37:32.603,29.1200,10
41852603472771,11:37:32.603,29.1200,12
41852703578531,11:37:32.703,29.1000,100
41852703578531,11:37:32.703,29.1000,100
42014063809362,11:40:14.063,29.1000,200
42014063809362,11:40:14.063,29.1000,100
42133018527269,11:42:13.018,29.0900,100
42133018527269,11:42:13.018,29.0900,100
42133018527269,11:42:13.018,29.0900,100
42133018527269,11:42:13.018,29.0900,100
42133049107531,11:42:13.049,29.0900,100
42133049181532,11:42:13.049,29.0900,4
42196052727061,11:43:16.052,29.0900,7
42196052727061,11:43:16.052,29.0900,93
42196052853439,11:43:16.052,29.0900,7
42196054510973,11:43:16.054,29.0900,15
42272686326882,11:44:32.686,29.0900,85
42331101003260,11:45:31.101,29.0900,57
42331101371812,11:45:31.101,29.0900,43
42331101371812,11:45:31.101,29.0900,100
42331101513907,11:45:31.101,29.1000,100
42331101513907,11:45:31.101,29.1000,100
42333782819435,11:45:33.782,29.1000,100
42692615116765,11:51:32.615,29.1000,100
42879041512810,11:54:39.041,29.1000,43
42879041512810,11:54:39.041,29.1000,57
43054014728532,11:57:34.014,29.0700,100
43054014811627,11:57:34.014,29.0700,100
43210393320674,12:00:10.393,29.0800,46
43210393351141,12:00:10.393,29.0800,54
43210393351141,12:00:10.393,29.0800,100
43210393356333,12:00:10.393,29.0800,100
43210393757240,12:00:10.393,29.0900,100
43210393757240,12:00:10.393,29.0900,100
43210393757240,12:00:10.393,29.0900,100
43210394161878,12:00:10.394,29.0900,29
43210394177274,12:00:10.394,29.0900,23
43339232296430,12:02:19.232,29.1100,100
43356345593067,12:02:36.345,29.1100,100
43466712014643,12:04:26.712,29.1600,6
43528710219061,12:05:28.710,29.1700,100
43789551713855,12:09:49.551,29.2100,100
43804081101543,12:10:04.081,29.2300,100
43804154332644,12:10:04.154,29.2450,100
44121104719248,12:15:21.104,29.2500,63
44121106845499,12:15:21.106,29.2400,100
44121106845499,12:15:21.106,29.2400,4
44121107163953,12:15:21.107,29.2300,100
44121107163953,12:15:21.107,29.2300,5
44121107479783,12:15:21.107,29.2300,58
44613480724943,12:23:33.480,29.2200,100
44875042465845,12:27:55.042,29.2100,39
45135464939659,12:32:15.464,29.2100,61
45135464939659,12:32:15.464,29.2100,44
45135465007350,12:32:15.465,29.2100,56
45159307938710,12:32:39.307,29.1900,28
45485512357453,12:38:05.512,29.1800,27
45485512357453,12:38:05.512,29.1800,196
45485512357453,12:38:05.512,29.1800,32
45485512357453,12:38:05.512,29.1800,100
45485512357453,12:38:05.512,29.1800,100
45485512489965,12:38:05.512,29.1800,100
45485513529218,12:38:05.513,29.1900,100
45485513958414,12:38:05.513,29.2000,100
45485513958414,12:38:05.513,29.2000,100
45485542948144,12:38:05.542,29.2200,100
45485543080658,12:38:05.543,29.2200,58
45485543104935,12:38:05.543,29.2200,42
45686126573223,12:41:26.126,29.1900,80
45738148133219,12:42:18.148,29.1500,100
45738148282889,12:42:18.148,29.1500,12
45738148282889,12:42:18.148,29.1500,12
45738148310458,12:42:18.148,29.1500,88
46538262047859,12:55:38.262,29.1200,100
46538262047859,12:55:38.262,29.1200,4
46538456621851,12:55:38.456,29.1100,100
46538456906459,12:55:38.456,29.1100,35
46583778435271,12:56:23.778,29.1100,100
46583778435271,12:56:23.778,29.1100,100
46583778463179,12:56:23.778,29.1100,46
46583778463179,12:56:23.778,29.1100,100
46583778463179,12:56:23.778,29.1100,181
46583778522017,12:56:23.778,29.1100,19
46583779854424,12:56:23.779,29.1200,100
46584456701969,12:56:24.456,29.1300,100
46584456725282,12:56:24.456,29.1300,1
46743862080482,12:59:03.862,29.1300,99
46743862154583,12:59:03.862,29.1400,79
46743862182993,12:59:03.862,29.1400,21
46743862182993,12:59:03.862,29.1400,6
46765212163149,12:59:25.212,29.1600,100
47129577065270,13:05:29.577,29.1800,100
47129577091837,13:05:29.577,29.1800,100
47382163669738,13:09:42.163,29.2000,65
47391675786118,13:09:51.675,29.2000,35
47613795106295,13:13:33.795,29.2100,48
47613795106295,13:13:33.795,29.2100,4
47613795106295,13:13:33.795,29.2100,48
47641082080851,13:14:01.082,29.1900,71
47641082080851,13:14:01.082,29.1900,100
47641082080851,13:14:01.082,29.1900,100
47708953792774,13:15:08.953,29.1600,6
47708953848985,13:15:08.953,29.1600,194
47923262339119,13:18:43.262,29.1600,100
47923262339119,13:18:43.262,29.1600,100
47923262339119,13:18:43.262,29.1600,200
47923262339119,13:18:43.262,29.1600,100
47923262339119,13:18:43.262,29.1600,100
47923262365190,13:18:43.262,29.1600,152
48279574967585,13:24:39.574,29.1600,68
48279574967585,13:24:39.574,29.1600,100
48279574967585,13:24:39.574,29.1600,1
48279575034054,13:24:39.575,29.1600,100
48279575137436,13:24:39.575,29.1600,100
48870628749073,13:34:30.628,29.1800,100
48870628749073,13:34:30.628,29.1800,100
48870629099284,13:34:30.629,29.1900,100
48886223562039,13:34:46.223,29.1800,80
49137443615612,13:38:57.443,29.1600,100
49166096109222,13:39:26.096,29.1700,100
49177054644718,13:39:37.054,29.1900,100
49177054644718,13:39:37.054,29.1900,100
49177054644718,13:39:37.054,29.1900,3
49177054644718,13:39:37.054,29.1900,1
49177054644718,13:39:37.054,29.1900,100
49177054644718,13:39:37.054,29.1900,100
49177054644718,13:39:37.054,29.1900,100
49177054644718,13:39:37.054,29.1900,96
49177054881964,13:39:37.054,29.1900,4
49177057800638,13:39:37.057,29.2000,100
49394007191827,13:43:14.007,29.2100,90
49394007217285,13:43:14.007,29.2100,10
49394010076496,13:43:14.010,29.2200,100
49548668334103,13:45:48.668,29.2400,100
49548668334103,13:45:48.668,29.2400,22
49548673617083,13:45:48.673,29.2400,8
49558018326675,13:45:58.018,29.2500,23
49581044687540,13:46:21.044,29.2300,100
49581044687540,13:46:21.044,29.2300,100
49764617332673,13:49:24.617,29.2200,56
49819292538387,13:50:19.292,29.2100,4
49979705913642,13:52:59.705,29.2000,23
50013532159116,13:53:33.532,29.2000,100
50014492828393,13:53:34.492,29.1900,100
50014494473017,13:53:34.494,29.1600,10
50060732582819,13:54:20.732,29.1800,100
50060732582819,13:54:20.732,29.1800,73
50060732582819,13:54:20.732,29.1800,100
50060732845743,13:54:20.732,29.1800,100
50091746675389,13:54:51.746,29.2000,40
50152718655320,13:55:52.718,29.2000,40
50152718692552,13:55:52.718,29.2000,320
50152718692552,13:55:52.718,29.2000,1
50164457603678,13:56:04.457,29.2100,20
50211021512967,13:56:51.021,29.2100,18
50211021553972,13:56:51.021,29.2100,100
50211021707379,13:56:51.021,29.2100,18
50225558504367,13:57:05.558,29.2100,10
50392488017828,13:59:52.488,29.2400,40
50403202021126,14:00:03.202,29.2400,60
50403202021126,14:00:03.202,29.2400,100
50403220174918,14:00:03.220,29.2400,100
50408598169920,14:00:08.598,29.2800,100
50424223316876,14:00:24.223,29.2800,59
50439573820917,14:00:39.573,29.2800,100
50463044100220,14:01:03.044,29.3200,100
50463044869269,14:01:03.044,29.3000,100
50463045335783,14:01:03.045,29.2900,100
50463045629387,14:01:03.045,29.2900,48
50463045829320,14:01:03.045,29.2900,13
50463055643954,14:01:03.055,29.2900,39
50463055643954,14:01:03.055,29.2900,100
50463055643954,14:01:03.055,29.2900,69
50466735496906,14:01:06.735,29.2900,100
50466819864017,14:01:06.819,29.2800,100
50466819864017,14:01:06.819,29.2800,100
50466819864017,14:01:06.819,29.2800,100
50467883778237,14:01:07.883,29.2900,100
50585074441885,14:03:05.074,29.3100,67
50585074441885,14:03:05.074,29.3300,33
50598136281143,14:03:18.136,29.3300,67
50627732541565,14:03:47.732,29.3900,100
50655321261615,14:04:15.321,29.4150,104
50708529800514,14:05:08.529,29.4800,100
50708529800514,14:05:08.529,29.4800,100
50708529840038,14:05:08.529,29.4900,65
50708529862553,14:05:08.529,29.4900,35
50708530038779,14:05:08.530,29.4900,100
50944644032748,14:09:04.644,29.4700,48
50944644093041,14:09:04.644,29.4700,52
50944644093041,14:09:04.644,29.4700,100
50944644440976,14:09:04.644,29.4800,75
50944644448452,14:09:04.644,29.4800,6
50944644777934,14:09:04.644,29.4800,19
50965798907090,14:09:25.798,29.5100,50
50996643916673,14:09:56.643,29.4600,7
50996643916673,14:09:56.643,29.4600,100
50996643916673,14:09:56.643,29.4600,100
50996643981884,14:09:56.643,29.4600,100
50996643981884,14:09:56.643,29.4600,107
50996644024083,14:09:56.644,29.4600,57
50996653962479,14:09:56.653,29.4300,100
50996657522290,14:09:56.657,29.4600,100
50997271460664,14:09:57.271,29.4700,100
51176968628423,14:12:56.968,29.5400,100
51176968820798,14:12:56.968,29.5400,4
51176975743333,14:12:56.975,29.5400,49
51176975743333,14:12:56.975,29.5600,55
51300317762334,14:15:00.317,29.5700,100
51308616593523,14:15:08.616,29.5700,100
51309276957516,14:15:09.276,29.5700,100
51336420277221,14:15:36.420,29.5500,4
51336420277221,14:15:36.420,29.5500,96
51336420647265,14:15:36.420,29.5500,4
51400200664670,14:16:40.200,29.5600,100
51400200789609,14:16:40.200,29.5600,100
51400200869707,14:16:40.200,29.5600,167
51400200870559,14:16:40.200,29.5600,33
51400200870559,14:16:40.200,29.5600,1
51474359992193,14:17:54.359,29.5600,100
51475003135045,14:17:55.003,29.5500,100
51583937559316,14:19:43.937,29.5900,8
51589237727757,14:19:49.237,29.5800,100
51620032891273,14:20:20.032,29.5700,100
51735612344472,14:22:15.612,29.5600,100
51832745223879,14:23:52.745,29.5700,100
51832745223879,14:23:52.745,29.5700,3
51832745223879,14:23:52.745,29.5700,2
51865577589780,14:24:25.577,29.5900,35
51899464108973,14:24:59.464,29.5800,100
51899464486063,14:24:59.464,29.5800,61
51899476654151,14:24:59.476,29.5800,17
51971613377787,14:26:11.613,29.5600,100
52068373468337,14:27:48.373,29.5300,100
52068373468337,14:27:48.373,29.5300,100
52068378326727,14:27:48.378,29.5300,7
52260870508662,14:31:00.870,29.5600,70
52270679691296,14:31:10.679,29.5600,30
52377515668527,14:32:57.515,29.5500,100
52377515668527,14:32:57.515,29.5500,4
52377515668527,14:32:57.515,29.5500,100
52377515825204,14:32:57.515,29.5400,30
52496843127985,14:34:56.843,29.5700,100
52496843127985,14:34:56.843,29.5700,100
52496871326767,14:34:56.871,29.5800,100
52496871326767,14:34:56.871,29.5800,100
52496871326767,14:34:56.871,29.5800,100
52496928132540,14:34:56.928,29.5800,200
52500296200431,14:35:00.296,29.5800,100
52500296200431,14:35:00.296,29.5800,9
52500296200431,14:35:00.296,29.5800,100
52572390678113,14:36:12.390,29.5500,100
52646228831832,14:37:26.228,29.5600,100
52728229130660,14:38:48.229,29.5900,100
52728229325185,14:38:48.229,29.6000,141
52728239524294,14:38:48.239,29.6000,12
52728239552333,14:38:48.239,29.6000,294
52728239552333,14:38:48.239,29.6000,45
52771222102596,14:39:31.222,29.6000,100
52779170346881,14:39:39.170,29.6200,100
52899159948952,14:41:39.159,29.6200,100
52922361397743,14:42:02.361,29.6300,100
52939606960565,14:42:19.606,29.6400,24
52946809790645,14:42:26.809,29.6400,76
52987532107600,14:43:07.532,29.6100,28
52987532131639,14:43:07.532,29.6100,72
53016343548870,14:43:36.343,29.6000,26
53016343548870,14:43:36.343,29.6000,52
53016343661346,14:43:36.343,29.6000,38
53016343745257,14:43:36.343,29.6000,10
53016343745257,14:43:36.343,29.6000,46
53016343746287,14:43:36.343,29.6000,42
53016343986453,14:43:36.343,29.6000,12
53090243351603,14:44:50.243,29.6500,100
53188280213366,14:46:28.280,29.6500,100
53188334559261,14:46:28.334,29.6650,100
53188334970759,14:46:28.334,29.6700,100
53188335293533,14:46:28.335,29.6700,100
53188335896158,14:46:28.335,29.6700,41
53188336069681,14:46:28.336,29.6700,59
53188336069681,14:46:28.336,29.6700,100
53188336069681,14:46:28.336,29.6700,41
53188336767575,14:46:28.336,29.6700,59
53228476436358,14:47:08.476,29.7000,100
53228480920646,14:47:08.480,29.6900,100
53228503583421,14:47:08.503,29.6900,1
53253896145568,14:47:33.896,29.7000,38
53253896145568,14:47:33.896,29.7000,38
53253896145568,14:47:33.896,29.7100,24
53281788638535,14:48:01.788,29.7000,29
53458083863385,14:50:58.083,29.6900,100
53458083863385,14:50:58.083,29.6900,100
53458083863385,14:50:58.083,29.6900,100
53458089353512,14:50:58.089,29.6900,96
53458116073822,14:50:58.116,29.6900,4
53461443317836,14:51:01.443,29.6800,100
53511108220556,14:51:51.108,29.6500,100
53511108220556,14:51:51.108,29.6500,52
53535443503515,14:52:15.443,29.6700,100
53535443503515,14:52:15.443,29.6700,100
53535447963886,14:52:15.447,29.6800,100
53542004343846,14:52:22.004,29.6900,100
53542005994931,14:52:22.005,29.6900,100
53542029198420,14:52:22.029,29.6900,29
53786879525193,14:56:26.879,29.7200,100
53786879586416,14:56:26.879,29.7200,100
53786880667323,14:56:26.880,29.7200,12
53789713884568,14:56:29.713,29.7300,100
53789717652684,14:56:29.717,29.7300,62
53789717652684,14:56:29.717,29.7300,100
53790180121604,14:56:30.180,29.7400,100
53790182032072,14:56:30.182,29.7500,100
53790182259974,14:56:30.182,29.7500,41
53790182259974,14:56:30.182,29.7500,77
53790182266397,14:56:30.182,29.7500,23
53790182657187,14:56:30.182,29.7500,100
53832972750011,14:57:12.972,29.7600,100
53832973262434,14:57:12.973,29.7600,38
53832973262434,14:57:12.973,29.7600,62
53832973291548,14:57:12.973,29.7600,38
53837857102138,14:57:17.857,29.7500,100
53837857102138,14:57:17.857,29.7500,100
54000017905896,15:00:00.017,29.7700,22
54075847756423,15:01:15.847,29.7700,4
54075847820105,15:01:15.847,29.7700,17
54163008277704,15:02:43.008,29.7700,100
54163008277704,15:02:43.008,29.7700,100
54210215781538,15:03:30.215,29.7500,17
54210216784038,15:03:30.216,29.7500,83
54264064255076,15:04:24.064,29.7400,4
54264064255076,15:04:24.064,29.7400,96
54264064281706,15:04:24.064,29.7400,4
54264192318517,15:04:24.192,29.7300,1
54264192347720,15:04:24.192,29.7300,99
54295129791787,15:04:55.129,29.7250,3
54485515062372,15:08:05.515,29.7400,100
54485515062372,15:08:05.515,29.7400,103
54485534127767,15:08:05.534,29.7500,1
54588094892856,15:09:48.094,29.7300,6
54588094988417,15:09:48.094,29.7300,24
54588094988417,15:09:48.094,29.7300,4
54642097818978,15:10:42.097,29.6900,10
54821146639927,15:13:41.146,29.7100,25
54821146639927,15:13:41.146,29.7100,1
54821146639927,15:13:41.146,29.7100,1
54855648699419,15:14:15.648,29.7200,100
54921904389477,15:15:21.904,29.7300,55
54921904407199,15:15:21.904,29.7300,45
54921904407199,15:15:21.904,29.7300,96
54921904408028,15:15:21.904,29.7300,4
54939941402344,15:15:39.941,29.7400,13
54947275577544,15:15:47.275,29.7500,100
54948001347444,15:15:48.001,29.7550,100
54948001347444,15:15:48.001,29.7600,9
54948002136983,15:15:48.002,29.7600,91
54948002136983,15:15:48.002,29.7600,9
54952603037361,15:15:52.603,29.7600,1
54981188986698,15:16:21.188,29.7500,88
54981188986698,15:16:21.188,29.7500,100
54981188986698,15:16:21.188,29.7500,100
54981188986698,15:16:21.188,29.7500,100
54981190313697,15:16:21.190,29.7400,100
54985489261163,15:16:25.489,29.7400,38
55117409027487,15:18:37.409,29.6800,56
55117409034483,15:18:37.409,29.6800,106
55172747006965,15:19:32.747,29.6900,100
55296667525420,15:21:36.667,29.7300,100
55298547964654,15:21:38.547,29.7400,100
55298547964654,15:21:38.547,29.7400,100
55298547964654,15:21:38.547,29.7400,100
55298548845547,15:21:38.548,29.7500,100
55310741598986,15:21:50.741,29.7400,100
55312296690965,15:21:52.296,29.7400,100
55312309326576,15:21:52.309,29.7400,100
55314570786024,15:21:54.570,29.7500,4
55314570786024,15:21:54.570,29.7500,7
55314570786024,15:21:54.570,29.7500,200
55328904358200,15:22:08.904,29.7400,36
55328904432101,15:22:08.904,29.7400,64
55328924753052,15:22:08.924,29.7400,78
55425062225677,15:23:45.062,29.7000,100
55425062225677,15:23:45.062,29.7000,100
55427420815090,15:23:47.420,29.7000,100
55430467391576,15:23:50.467,29.7000,100
55436567408512,15:23:56.567,29.7000,100
55436568047523,15:23:56.568,29.7000,200
55464265348659,15:24:24.265,29.7000,100
55464266343371,15:24:24.266,29.7000,79
55464271057277,15:24:24.271,29.7000,21
55464271057277,15:24:24.271,29.7000,79
55470809496812,15:24:30.809,29.7000,100
55470810282749,15:24:30.810,29.7000,100
55470810282749,15:24:30.810,29.7000,100
55470815076690,15:24:30.815,29.7000,100
55470820371150,15:24:30.820,29.7000,100
55470821751320,15:24:30.821,29.7000,100
55470821751320,15:24:30.821,29.7000,100
55470830296218,15:24:30.830,29.7000,100
55470840565387,15:24:30.840,29.7000,100
55503090985744,15:25:03.090,29.6800,100
55514128194588,15:25:14.128,29.6800,95
55514128236269,15:25:14.128,29.6800,5
55514128236269,15:25:14.128,29.6800,4
55579048997690,15:26:19.048,29.6800,100
55579049744688,15:26:19.049,29.6800,100
55579049744688,15:26:19.049,29.6800,40
55579146509613,15:26:19.146,29.6800,18
55579153540194,15:26:19.153,29.6800,100
55620158319736,15:27:00.158,29.6800,100
55620168423180,15:27:00.168,29.6800,100
55620170084753,15:27:00.170,29.6800,100
55642507916361,15:27:22.507,29.6800,100
55657342004275,15:27:37.342,29.6900,100
55657342004275,15:27:37.342,29.6900,2
55657344876178,15:27:37.344,29.7000,85
55657344876178,15:27:37.344,29.7000,15
55657344924103,15:27:37.344,29.7000,85
55667460622292,15:27:47.460,29.7000,47
55667460703584,15:27:47.460,29.7000,36
55667460777587,15:27:47.460,29.7000,4
55677061246716,15:27:57.061,29.7100,1
55677061246716,15:27:57.061,29.7100,99
55677061326124,15:27:57.061,29.7100,1
55677062150177,15:27:57.062,29.7200,100
55806893710561,15:30:06.893,29.7000,21
55806893710561,15:30:06.893,29.7000,100
55813866890634,15:30:13.866,29.6900,100
55832824446008,15:30:32.824,29.7000,100
55872431163994,15:31:12.431,29.7200,100
55872431163994,15:31:12.431,29.7200,28
55872431177956,15:31:12.431,29.7200,42
55872431182954,15:31:12.431,29.7200,30
55872432058375,15:31:12.432,29.7300,100
55872433765616,15:31:12.433,29.7300,100
55872437559568,15:31:12.437,29.7300,33
55872437610971,15:31:12.437,29.7300,67
56062074304270,15:34:22.074,29.6900,21
56076238222658,15:34:36.238,29.7000,1
56076239153929,15:34:36.239,29.7100,100
56076245482890,15:34:36.245,29.7100,1
56076245482890,15:34:36.245,29.7100,99
56076245512522,15:34:36.245,29.7100,1
56133127290809,15:35:33.127,29.7200,97
56133127303928,15:35:33.127,29.7200,3
56133127303928,15:35:33.127,29.7200,30
56133127315992,15:35:33.127,29.7200,70
56134069734366,15:35:34.069,29.7300,84
56134069759116,15:35:34.069,29.7300,16
56139011143244,15:35:39.011,29.7300,100
56176159317987,15:36:16.159,29.7200,100
56177683481431,15:36:17.683,29.7200,29
56177683481431,15:36:17.683,29.7200,11
56224009254245,15:37:04.009,29.7200,18
56323516995847,15:38:43.516,29.7300,100
56323519703711,15:38:43.519,29.7300,100
56323520107218,15:38:43.520,29.7300,7
56323562568807,15:38:43.562,29.7400,28
56416647322009,15:40:16.647,29.7300,100
56490549813759,15:41:30.549,29.7500,1
56490549813759,15:41:30.549,29.7500,100
56490549813759,15:41:30.549,29.7500,100
56517033501969,15:41:57.033,29.7500,100
56517033501969,15:41:57.033,29.7500,34
56517034326171,15:41:57.034,29.7500,200
56517034326171,15:41:57.034,29.7500,100
56544708995250,15:42:24.708,29.7500,100
56544713029676,15:42:24.713,29.7500,100
56544714154695,15:42:24.714,29.7500,100
56544716131099,15:42:24.716,29.7500,100
56580160331962,15:43:00.160,29.7600,100
56580160331962,15:43:00.160,29.7600,4
56580160331962,15:43:00.160,29.7600,10
56580160331962,15:43:00.160,29.7600,15
56580160333566,15:43:00.160,29.7600,35
56580160333566,15:43:00.160,29.7600,73
56580160371956,15:43:00.160,29.7600,16
56580160382686,15:43:00.160,29.7600,11
56580160382686,15:43:00.160,29.7600,100
56700162319313,15:45:00.162,29.7600,100
56700162319313,15:45:00.162,29.7600,100
56700162319313,15:45:00.162,29.7600,100
56700162319313,15:45:00.162,29.7600,139
56722768633431,15:45:22.768,29.7500,100
56730812232486,15:45:30.812,29.7500,100
56730812232486,15:45:30.812,29.7500,16
56730812313612,15:45:30.812,29.7500,84
56730822314412,15:45:30.822,29.7500,100
56757181042697,15:45:57.181,29.7600,82
56757181104104,15:45:57.181,29.7600,21
56757181104104,15:45:57.181,29.7600,17
56757181104104,15:45:57.181,29.7600,8
56757181127963,15:45:57.181,29.7600,92
56757181127963,15:45:57.181,29.7600,7
56757181302054,15:45:57.181,29.7600,54
56855057106034,15:47:35.057,29.7500,37
56855057196081,15:47:35.057,29.7500,33
56855057793497,15:47:35.057,29.7500,30
56855057793497,15:47:35.057,29.7500,100
56856343909015,15:47:36.343,29.7500,100
56856348224083,15:47:36.348,29.7500,100
56892893160156,15:48:12.893,29.7500,100
56892894492623,15:48:12.894,29.7500,237
56924269329338,15:48:44.269,29.7500,100
56924280600202,15:48:44.280,29.7500,100
56924290523092,15:48:44.290,29.7500,100
56925927277960,15:48:45.927,29.7500,26
56951368371730,15:49:11.368,29.7400,100
56963988375693,15:49:23.988,29.7300,7
56991469689927,15:49:51.469,29.7400,80
56991469722449,15:49:51.469,29.7400,20
56991469722449,15:49:51.469,29.7400,160
56991473278187,15:49:51.473,29.7400,10
57026138553116,15:50:26.138,29.7300,30
57075992338616,15:51:15.992,29.7200,100
57075992338616,15:51:15.992,29.7200,29
57075992533637,15:51:15.992,29.7200,171
57075995982874,15:51:15.995,29.7300,200
57076043990671,15:51:16.043,29.7300,40
57076121804436,15:51:16.121,29.7200,23
57079312856831,15:51:19.312,29.7250,100
57079312856831,15:51:19.312,29.7300,1
57079313459295,15:51:19.313,29.7300,68
57096312333791,15:51:36.312,29.7300,1
57096312333791,15:51:36.312,29.7300,99
57096375031371,15:51:36.375,29.7300,100
57150104022055,15:52:30.104,29.7300,65
57271065326903,15:54:31.065,29.7200,100
57271065326903,15:54:31.065,29.7200,100
57271065326903,15:54:31.065,29.7200,100
57271065326903,15:54:31.065,29.7200,100
57271065369794,15:54:31.065,29.7200,10
57300031480808,15:55:00.031,29.7300,119
57300031618869,15:55:00.031,29.7300,81
57300031618869,15:55:00.031,29.7300,100
57300031618869,15:55:00.031,29.7300,100
57300437083705,15:55:00.437,29.7400,30
57300437084253,15:55:00.437,29.7400,30
57300940568292,15:55:00.940,29.7400,40
57300940568292,15:55:00.940,29.7400,60
57319859511393,15:55:19.859,29.7500,1
57319859511393,15:55:19.859,29.7500,99
57319859606321,15:55:19.859,29.7500,101
57319859606321,15:55:19.859,29.7500,100
57319859606321,15:55:19.859,29.7500,94
57319859606321,15:55:19.859,29.7500,21
57319859606321,15:55:19.859,29.7500,100
57340932027897,15:55:40.932,29.7600,100
57354871929404,15:55:54.871,29.7600,3
57404351245629,15:56:44.351,29.7600,20
57404351245629,15:56:44.351,29.7600,14
57404351245629,15:56:44.351,29.7600,5
57404351245629,15:56:44.351,29.7600,61
57446267234441,15:57:26.267,29.7600,51
57446267234441,15:57:26.267,29.7600,109
57446267234441,15:57:26.267,29.7600,52
57446267234441,15:57:26.267,29.7600,100
57446267234441,15:57:26.267,29.7600,2
57446267234441,15:57:26.267,29.7600,100
57446267234441,15:57:26.267,29.7600,3
57446267234441,15:57:26.267,29.7600,71
57446267234441,15:57:26.267,29.7600,50
57446267234441,15:57:26.267,29.7600,100
57446267234441,15:57:26.267,29.7600,109
57446267234441,15:57:26.267,29.7600,11
57446267234441,15:57:26.267,29.7600,29
57446267234441,15:57:26.267,29.7600,50
57446269644925,15:57:26.269,29.7600,97
57451436986272,15:57:31.436,29.7700,4
57465191655633,15:57:45.191,29.7600,106
57465191655633,15:57:45.191,29.7600,189
57465191655633,15:57:45.191,29.7600,100
57465191655633,15:57:45.191,29.7600,90
57465191655633,15:57:45.191,29.7600,100
57465191655633,15:57:45.191,29.7600,15
57465192170665,15:57:45.192,29.7600,23
57465192515505,15:57:45.192,29.7600,43
57511111512906,15:58:31.111,29.7600,100
57511111512906,15:58:31.111,29.7600,77
57511111512906,15:58:31.111,29.7600,34
57511111512906,15:58:31.111,29.7600,189
57511111512906,15:58:31.111,29.7600,292
57511111859361,15:58:31.111,29.7600,46
57511112653844,15:58:31.112,29.7600,86
57511112718718,15:58:31.112,29.7600,100
57511117913875,15:58:31.117,29.7600,70
57511221124858,15:58:31.221,29.7600,100
57511221124858,15:58:31.221,29.7600,100
57511251483148,15:58:31.251,29.7600,74
57511251483148,15:58:31.251,29.7600,26
57543752051886,15:59:03.752,29.7600,100
57551662046462,15:59:11.662,29.7700,174
57551662079978,15:59:11.662,29.7700,22
57551662079978,15:59:11.662,29.7700,43
57551662437710,15:59:11.662,29.7700,57
57551662437710,15:59:11.662,29.7700,81
57551662437710,15:59:11.662,29.7700,36
57551662534501,15:59:11.662,29.7700,38
57551662534501,15:59:11.662,29.7700,100
57551662534501,15:59:11.662,29.7700,36
57551662808693,15:59:11.662,29.7700,174
57551663131900,15:59:11.663,29.7700,174
57551663160080,15:59:11.663,29.7700,36
57552774135491,15:59:12.774,29.7650,100
57559548322974,15:59:19.548,29.7650,100
57560912118882,15:59:20.912,29.7700,75
57570278828164,15:59:30.278,29.7700,49
57570278828164,15:59:30.278,29.7700,56
57570278828164,15:59:30.278,29.7700,16
57570315291971,15:59:30.315,29.7700,36
57570315291971,15:59:30.315,29.7700,64
57570315323735,15:59:30.315,29.7700,8
57570315634373,15:59:30.315,29.7700,56
57570315634373,15:59:30.315,29.7700,89
57570315634373,15:59:30.315,29.7700,38
57570338768135,15:59:30.338,29.7700,100
57575250187726,15:59:35.250,29.7800,200
57578068796115,15:59:38.068,29.7800,80
57578081144714,15:59:38.081,29.7800,3
57578649257423,15:59:38.649,29.7800,65
57584019415302,15:59:44.019,29.7800,100
57584024401881,15:59:44.024,29.7800,37
57587710663818,15:59:47.710,29.7800,100
57590055046919,15:59:50.055,29.7800,15
57590055046919,15:59:50.055,29.7800,85
57590056807109,15:59:50.056,29.7800,15
57590056807109,15:59:50.056,29.7800,38
57592752212718,15:59:52.752,29.7800,24
57594117151494,15:59:54.117,29.7800,100
57594172031040,15:59:54.172,29.7800,8
57595049491175,15:59:55.049,29.7900,63
57595714275801,15:59:55.714,29.7900,2
57600339191756,16:00:00.339,29.7700,362
57600339191756,16:00:00.339,29.7700,23122
