timestamp,time,price,volume
34200718131466,09:30:00.718,61.0100,956
34487691420397,09:34:47.691,60.9250,4
35261399130836,09:47:41.399,60.8350,100
35431493274046,09:50:31.493,60.9700,100
35431493304678,09:50:31.493,60.9700,85
35431493304678,09:50:31.493,60.9700,100
35431497046855,09:50:31.497,60.9800,100
35431497090681,09:50:31.497,60.9900,200
35431566034027,09:50:31.566,61.0000,50
35431566034027,09:50:31.566,61.0000,50
35431566119822,09:50:31.566,61.0000,50
35431566119822,09:50:31.566,61.0200,50
35431566124770,09:50:31.566,60.9400,100
35431566145410,09:50:31.566,61.0200,50
35431634753797,09:50:31.634,61.0600,40
35431634753797,09:50:31.634,61.0600,60
35431634779544,09:50:31.634,61.0600,40
35434457473757,09:50:34.457,61.3900,100
35434457550767,09:50:34.457,61.4000,100
35551583652105,09:52:31.583,61.0300,69
35551596760324,09:52:31.596,61.0100,100
35551596760324,09:52:31.596,61.0000,400
35551596795358,09:52:31.596,61.0000,100
35552538141853,09:52:32.538,61.0200,100
35552538141853,09:52:32.538,61.0200,100
35552559317070,09:52:32.559,60.9100,21
35552582864425,09:52:32.582,61.0900,30
35552583199691,09:52:32.583,60.9300,21
35552583199691,09:52:32.583,60.9300,50
35552583929207,09:52:32.583,61.0900,21
35555500109989,09:52:35.500,60.9200,100
35806517267002,09:56:46.517,60.9900,100
35834661019517,09:57:14.661,60.9200,100
35834677943024,09:57:14.677,60.9200,100
35834690294599,09:57:14.690,60.9200,100
35838836494977,09:57:18.836,60.9300,100
35840535348909,09:57:20.535,60.9300,100
35893536400931,09:58:13.536,60.9000,100
35955297093282,09:59:15.297,60.8050,100
35955297093282,09:59:15.297,60.7800,100
35955297093282,09:59:15.297,60.7300,100
35957123759455,09:59:17.123,60.9000,100
36025467115664,10:00:25.467,60.8300,100
36026539724493,10:00:26.539,60.9100,100
36026539724493,10:00:26.539,60.9100,100
36026539724493,10:00:26.539,60.9100,100
36026539825873,10:00:26.539,60.9200,100
36026539878824,10:00:26.539,60.9200,100
36026539879311,10:00:26.539,60.8200,100
36027535523849,10:00:27.535,60.9100,100
36028536242546,10:00:28.536,60.9200,100
36037657093124,10:00:37.657,60.8250,100
36334492534434,10:05:34.492,60.7400,100
36421516078765,10:07:01.516,60.9400,100
36461633734436,10:07:41.633,60.7200,80
36466496024493,10:07:46.496,60.8100,100
36601500291936,10:10:01.500,60.8900,100
36670118825909,10:11:10.118,60.7950,100
36676488489131,10:11:16.488,60.8000,100
36721511303730,10:12:01.511,60.8150,100
36721511303730,10:12:01.511,60.7500,100
36784040124637,10:13:04.040,60.7950,100
36855186508323,10:14:15.186,60.8000,1
36855186653597,10:14:15.186,60.7200,21
36916495278892,10:15:16.495,60.6900,100
36920125263198,10:15:20.125,60.7450,100
36920384307813,10:15:20.384,60.6700,100
36921208442279,10:15:21.208,60.8000,21
36921228639531,10:15:21.228,60.7550,100
36932002240970,10:15:32.002,60.7300,100
36932002246059,10:15:32.002,60.6700,100
36932002297876,10:15:32.002,60.6600,100
36932003112338,10:15:32.003,60.6500,100
36932004083512,10:15:32.004,60.6400,100
36937695964525,10:15:37.695,60.7000,100
37088434029296,10:18:08.434,60.5400,100
37395354036833,10:23:15.354,60.4400,100
37567153726489,10:26:07.153,60.4900,100
37567153726489,10:26:07.153,60.4900,100
37567153764152,10:26:07.153,60.5000,100
37567153764152,10:26:07.153,60.5000,87
37567153835526,10:26:07.153,60.4600,57
37567154177902,10:26:07.154,60.5000,13
37567154323880,10:26:07.154,60.4900,57
37567332536144,10:26:07.332,60.4600,100
37567332536144,10:26:07.332,60.4600,100
37567332536144,10:26:07.332,60.4600,100
37567332536144,10:26:07.332,60.4500,300
37567332536144,10:26:07.332,60.4500,100
37567332643512,10:26:07.332,60.4900,30
37567332878551,10:26:07.332,60.4500,30
37567332878551,10:26:07.332,60.4500,100
37567333151534,10:26:07.333,60.5000,100
37567333151534,10:26:07.333,60.5200,100
37567333178054,10:26:07.333,60.5200,100
37806079097437,10:30:06.079,60.5200,64
37806079305781,10:30:06.079,60.5200,36
37806079305781,10:30:06.079,60.5300,100
37806079305781,10:30:06.079,60.5300,64
37806079359083,10:30:06.079,60.5300,36
37806079359083,10:30:06.079,60.5400,29
37806079362864,10:30:06.079,60.5400,64
37863078914668,10:31:03.078,60.5400,100
37949600710136,10:32:29.600,60.5900,32
37949600743734,10:32:29.600,60.5300,30
37949601650324,10:32:29.601,60.5900,100
37949601713493,10:32:29.601,60.6000,100
37949601713493,10:32:29.601,60.6000,100
37949601763548,10:32:29.601,60.6000,11
37949602863844,10:32:29.602,60.5600,100
37949602863844,10:32:29.602,60.5500,100
37949602863844,10:32:29.602,60.5400,84
38113382111850,10:35:13.382,60.6600,100
38358915585963,10:39:18.915,60.7000,100
38369701351347,10:39:29.701,60.7100,2
38369701351347,10:39:29.701,60.7100,98
38369701472265,10:39:29.701,60.6000,100
38369701472265,10:39:29.701,60.6000,100
38369701472265,10:39:29.701,60.6000,84
38369701928906,10:39:29.701,60.7100,100
38384700365550,10:39:44.700,60.7100,100
38400704006451,10:40:00.704,60.7200,100
38651739609451,10:44:11.739,60.6900,100
38788231814526,10:46:28.231,60.8000,100
38788786683043,10:46:28.786,60.8100,93
38788786760360,10:46:28.786,60.7200,100
38788786760360,10:46:28.786,60.7200,100
38788786760360,10:46:28.786,60.7200,84
38816542552629,10:46:56.542,60.7200,100
38822915634014,10:47:02.915,60.7200,100
38822915702456,10:47:02.915,60.7100,100
38822915729737,10:47:02.915,60.7100,184
38822915754206,10:47:02.915,60.7100,100
38822915754206,10:47:02.915,60.7100,84
38822915755890,10:47:02.915,60.7100,100
38822915822697,10:47:02.915,60.7100,100
38822915997746,10:47:02.915,60.7000,49
38822917933050,10:47:02.917,60.6900,100
38829546848080,10:47:09.546,60.6000,16
38829546848080,10:47:09.546,60.6000,100
38829546848080,10:47:09.546,60.5900,84
38840700608338,10:47:20.700,60.7200,100
38840700608338,10:47:20.700,60.7300,100
38840700720282,10:47:20.700,60.5900,100
38845701005642,10:47:25.701,60.7100,100
38850700734055,10:47:30.700,60.7100,100
38850701937174,10:47:30.701,60.6000,100
38850701937174,10:47:30.701,60.6000,100
38855700287902,10:47:35.700,60.6900,100
38860700986944,10:47:40.700,60.6900,100
38870637475286,10:47:50.637,60.5900,100
38870637555116,10:47:50.637,60.5900,100
38870637623459,10:47:50.637,60.5800,100
38870637653640,10:47:50.637,60.5800,100
38908747848818,10:48:28.747,60.6300,100
39030701260191,10:50:30.701,60.6400,100
39035701498934,10:50:35.701,60.6500,100
39040700673183,10:50:40.700,60.6600,100
39045700672917,10:50:45.700,60.6500,100
39322448927836,10:55:22.448,60.6600,100
39322449744011,10:55:22.449,60.6800,100
39322449769378,10:55:22.449,60.6800,77
39322449961234,10:55:22.449,60.7000,100
39328701926406,10:55:28.701,60.7000,40
39328701926406,10:55:28.701,60.7000,100
39329224605725,10:55:29.224,60.7100,100
39543529653061,10:59:03.529,60.6300,100
39614700722387,11:00:14.700,60.7700,100
39643593639645,11:00:43.593,60.7500,100
39663049084073,11:01:03.049,60.7500,100
39663049139856,11:01:03.049,60.7500,100
39663049205285,11:01:03.049,60.7500,100
39663050280144,11:01:03.050,60.7600,100
39663050355213,11:01:03.050,60.7700,100
39663595417962,11:01:03.595,60.8000,100
39663595496230,11:01:03.595,60.8300,100
39759701596941,11:02:39.701,60.8800,100
39762700748677,11:02:42.700,60.9200,100
39813705201142,11:03:33.705,60.8100,100
39813709601704,11:03:33.709,60.8000,1
39936382537949,11:05:36.382,60.7500,100
39936382537949,11:05:36.382,60.7500,100
39936386222196,11:05:36.386,60.7100,36
39941700492897,11:05:41.700,60.7900,100
40290118067795,11:11:30.118,60.7000,100
40290118127708,11:11:30.118,60.6900,100
40291024933851,11:11:31.024,60.6500,100
40291027054979,11:11:31.027,60.6400,100
41327877440503,11:28:47.877,60.6700,100
41327877440503,11:28:47.877,60.6700,100
41368904733043,11:29:28.904,60.6600,83
41525498523366,11:32:05.498,60.7000,3
41853526111489,11:37:33.526,60.5500,100
41853526687502,11:37:33.526,60.5400,100
41853527022415,11:37:33.527,60.5400,20
41853582974921,11:37:33.582,60.5800,100
41854582386079,11:37:34.582,60.5900,100
41854582386079,11:37:34.582,60.5900,100
41854582386079,11:37:34.582,60.5900,2
41854582386079,11:37:34.582,60.5900,100
41854582386079,11:37:34.582,60.5900,98
41854582461029,11:37:34.582,60.5900,2
41854583663731,11:37:34.583,60.5900,100
42014735507745,11:40:14.735,60.5400,20
42195253362293,11:43:15.253,60.6000,100
42195253419453,11:43:15.253,60.6100,100
42195253437474,11:43:15.253,60.6100,7
42195253437474,11:43:15.253,60.6100,32
42251843222500,11:44:11.843,60.5300,90
42251843222500,11:44:11.843,60.5300,10
42252586128444,11:44:12.586,60.5900,100
42253581043288,11:44:13.581,60.6000,100
42257581634802,11:44:17.581,60.6100,100
42257581933864,11:44:17.581,60.6100,100
42257582144308,11:44:17.582,60.6200,100
42453581825634,11:47:33.581,60.6700,100
42454658187068,11:47:34.658,60.6900,100
42454658241302,11:47:34.658,60.6900,100
42569630343979,11:49:29.630,60.7000,14
42569630347885,11:49:29.630,60.7000,86
42569630358998,11:49:29.630,60.7000,28
42569630363789,11:49:29.630,60.7000,54
42569630365705,11:49:29.630,60.7000,18
42569630365705,11:49:29.630,60.7100,13
42569630412710,11:49:29.630,60.7100,104
42569637900819,11:49:29.637,60.7100,118
42664582220099,11:51:04.582,60.8100,100
42979348754918,11:56:19.348,60.6800,29
42979348754918,11:56:19.348,60.6800,71
42979348986707,11:56:19.348,60.6800,29
42979349002557,11:56:19.349,60.6800,15
43860469802756,12:11:00.469,60.9300,100
44304143731168,12:18:24.143,60.9000,100
44304143731168,12:18:24.143,60.9000,100
44304143731168,12:18:24.143,60.9000,100
44304143731168,12:18:24.143,60.9000,100
44304143731168,12:18:24.143,60.9000,100
44312742872209,12:18:32.742,60.9800,100
44312742872209,12:18:32.742,60.9800,100
44313344800283,12:18:33.344,60.9900,100
44575129107319,12:22:55.129,61.0900,100
44575129163588,12:22:55.129,61.0800,2
44575129163588,12:22:55.129,61.0800,98
44575129252723,12:22:55.129,61.0800,2
44575129252723,12:22:55.129,61.0800,3
44575129252723,12:22:55.129,61.0800,95
44575616992460,12:22:55.616,61.0100,100
45227572461948,12:33:47.572,61.0200,200
45227573193938,12:33:47.573,61.0100,1
45227573193938,12:33:47.573,61.0100,99
45227573334380,12:33:47.573,61.0100,1
45560201604800,12:39:20.201,60.9500,4
45560201604800,12:39:20.201,60.9200,95
45560202135371,12:39:20.202,60.9200,5
45560327004991,12:39:20.327,60.9900,100
47018500449911,13:03:38.500,60.8100,100
47019746008765,13:03:39.746,60.8100,100
47019746008765,13:03:39.746,60.8100,5
47019746511050,13:03:39.746,60.8200,100
47019746537868,13:03:39.746,60.8200,100
47019746537868,13:03:39.746,60.8200,80
47019746537868,13:03:39.746,60.8200,100
47019746537868,13:03:39.746,60.8200,100
47019746537868,13:03:39.746,60.8200,100
47019746537868,13:03:39.746,60.8200,100
47019746808449,13:03:39.746,60.8300,49
47019746858956,13:03:39.746,60.8300,51
47019750671593,13:03:39.750,60.8400,100
47019750695841,13:03:39.750,60.8400,1
47064892811881,13:04:24.892,60.8100,100
47349348801201,13:09:09.348,60.8500,100
48078628112616,13:21:18.628,60.7700,100
48078628112616,13:21:18.628,60.7700,100
48078628399959,13:21:18.628,60.7700,40
48078628446944,13:21:18.628,60.7700,60
48078628476619,13:21:18.628,60.7700,70
48078628504357,13:21:18.628,60.7700,30
48078628999523,13:21:18.628,60.7700,100
48078630311563,13:21:18.630,60.7700,100
48078630384457,13:21:18.630,60.7700,100
48078630652508,13:21:18.630,60.7700,100
48078634485813,13:21:18.634,60.8200,100
48080286023657,13:21:20.286,60.8200,100
48080286023657,13:21:20.286,60.8300,100
48080286023657,13:21:20.286,60.8300,100
48080962839633,13:21:20.962,60.8200,100
48081543659584,13:21:21.543,60.8100,100
48081625147807,13:21:21.625,60.7700,100
48083047742805,13:21:23.047,60.8000,100
48083047742805,13:21:23.047,60.8000,100
48083048323064,13:21:23.048,60.8100,100
48083048323064,13:21:23.048,60.8100,100
48083049919850,13:21:23.049,60.8100,100
48083051529732,13:21:23.051,60.8100,100
48084124486784,13:21:24.124,60.8100,100
48084128205942,13:21:24.128,60.8200,100
48084128230971,13:21:24.128,60.8200,100
48084128230971,13:21:24.128,60.8200,200
48085789219668,13:21:25.789,60.8200,100
48085789291997,13:21:25.789,60.8200,100
48087660620663,13:21:27.660,60.8300,100
48087660678797,13:21:27.660,60.8400,100
48091800972901,13:21:31.800,60.8400,100
48123953362211,13:22:03.953,60.8500,100
48123953362211,13:22:03.953,60.8500,100
48124298308702,13:22:04.298,60.8500,100
48124302073697,13:22:04.302,60.8500,100
49717333780520,13:48:37.333,60.8400,100
49717398743684,13:48:37.398,60.7000,100
49750708403960,13:49:10.708,60.6800,100
49750708428313,13:49:10.708,60.6800,2
49751449299912,13:49:11.449,60.6200,100
49751449299912,13:49:11.449,60.6200,100
50019933142893,13:53:39.933,60.7300,100
50058041470427,13:54:18.041,60.6200,3
50058044607955,13:54:18.044,60.6200,3
50341289979265,13:59:01.289,60.7300,80
50407771208812,14:00:07.771,60.7300,10
50407771274841,14:00:07.771,60.7400,25
50407771310722,14:00:07.771,60.7300,23
50407771478574,14:00:07.771,60.7400,25
50407771499266,14:00:07.771,60.7400,5
50407771504068,14:00:07.771,60.7400,40
50407771523987,14:00:07.771,60.7400,5
50407771523987,14:00:07.771,60.7400,95
50407771535754,14:00:07.771,60.7400,5
50407771586140,14:00:07.771,60.7500,20
50407771601798,14:00:07.771,60.7500,21
50407771609443,14:00:07.771,60.7500,5
50407771643243,14:00:07.771,60.7500,20
50407771675566,14:00:07.771,60.7500,5
50407771708113,14:00:07.771,60.7500,20
50407772085990,14:00:07.772,60.7500,15
50407774979149,14:00:07.774,60.7500,77
50407794515668,14:00:07.794,60.7400,100
50408302303860,14:00:08.302,60.7300,100
50410072024096,14:00:10.072,60.7500,100
50442316137254,14:00:42.316,60.7800,100
50448450033212,14:00:48.450,60.6400,100
50672477803113,14:04:32.477,60.8400,1
50672477803113,14:04:32.477,60.8700,99
50704174079606,14:05:04.174,60.9600,100
50704174122050,14:05:04.174,60.9900,100
50704385022277,14:05:04.385,60.9700,100
50704385022277,14:05:04.385,60.9800,100
50704385022277,14:05:04.385,60.9800,20
50704385049013,14:05:04.385,60.9800,80
50704385049013,14:05:04.385,60.9800,20
50711753833578,14:05:11.753,61.0100,100
51172496341652,14:12:52.496,61.1200,100
51172497703582,14:12:52.497,61.0900,100
51172497703582,14:12:52.497,61.1200,100
51172497729589,14:12:52.497,61.1200,100
51172498279246,14:12:52.498,61.1200,10
51185772060324,14:13:05.772,61.1700,100
51260874009918,14:14:20.874,61.1600,100
51260874009918,14:14:20.874,61.1700,78
51261161483058,14:14:21.161,61.1700,22
51261161483058,14:14:21.161,61.1800,78
51261161511199,14:14:21.161,61.1800,22
51261161511199,14:14:21.161,61.1800,97
51300700267645,14:15:00.700,61.0800,100
51300700267645,14:15:00.700,61.0700,5
51308666441259,14:15:08.666,61.1500,100
51308666502550,14:15:08.666,61.1600,100
51348036348074,14:15:48.036,61.2200,81
51542207144903,14:19:02.207,61.2300,100
51584227221845,14:19:44.227,61.2900,100
51608746471864,14:20:08.746,61.3800,100
51608746471864,14:20:08.746,61.3800,5
51620261165361,14:20:20.261,61.4200,2
51625236926514,14:20:25.236,61.4200,6
51644493308481,14:20:44.493,61.4200,100
51644493846859,14:20:44.493,61.4300,6
51644493872494,14:20:44.493,61.4300,32
51644493891989,14:20:44.493,61.4300,68
51644493891989,14:20:44.493,61.4300,32
51644493906516,14:20:44.493,61.4300,100
51666010395611,14:21:06.010,61.4800,100
51686992264207,14:21:26.992,61.5700,5
51768334106961,14:22:48.334,61.5500,100
51768334164048,14:22:48.334,61.5500,100
51768334280806,14:22:48.334,61.5500,100
51768334283716,14:22:48.334,61.5500,100
51768364747938,14:22:48.364,61.5900,100
52070384532590,14:27:50.384,61.4600,50
52070384532590,14:27:50.384,61.4600,8
52257679542854,14:30:57.679,61.4500,100
52306620731874,14:31:46.620,61.5800,6
52306620731874,14:31:46.620,61.5800,94
52306621305017,14:31:46.621,61.5800,100
52306621501075,14:31:46.621,61.5900,2
52306621537834,14:31:46.621,61.5900,98
52306621537834,14:31:46.621,61.5900,2
52323255963406,14:32:03.255,61.5200,100
52323255963406,14:32:03.255,61.5200,1
52375416030909,14:32:55.416,61.5000,100
52489784308827,14:34:49.784,61.3800,9
52489784308827,14:34:49.784,61.3800,91
52489784425431,14:34:49.784,61.4500,29
52516426024639,14:35:16.426,61.5200,20
52544632129683,14:35:44.632,61.5200,30
52575619471789,14:36:15.619,61.3800,29
52575619471789,14:36:15.619,61.3800,1
52575619471789,14:36:15.619,61.3600,1
52625300193931,14:37:05.300,61.5000,100
52642204165992,14:37:22.204,61.4800,100
52677127458887,14:37:57.127,61.5000,100
52677128021876,14:37:57.128,61.5100,94
52677128075288,14:37:57.128,61.5100,6
52734914706535,14:38:54.914,61.5300,11
52746161910475,14:39:06.161,61.5300,16
52786317570936,14:39:46.317,61.5300,11
52786317570936,14:39:46.317,61.5300,73
52786317627845,14:39:46.317,61.5400,10
52786317627845,14:39:46.317,61.5400,90
52786317823555,14:39:46.317,61.5300,100
52877688764042,14:41:17.688,61.4700,100
52877690343075,14:41:17.690,61.3600,2
52877690363322,14:41:17.690,61.4600,100
52878304343720,14:41:18.304,61.4700,100
52943242015273,14:42:23.242,61.4600,300
52996023678594,14:43:16.023,61.4300,27
52996023704355,14:43:16.023,61.4200,16
53131300238870,14:45:31.300,61.5000,100
53132303677917,14:45:32.303,61.5000,100
53164015315853,14:46:04.015,61.5100,100
53188334886597,14:46:28.334,61.5200,100
53189260636908,14:46:29.260,61.5200,100
53205383803261,14:46:45.383,61.5300,11
53216219835973,14:46:56.219,61.5300,9
53216476615909,14:46:56.476,61.5300,80
53216476671025,14:46:56.476,61.5400,10
53216476671025,14:46:56.476,61.5400,10
53242858170421,14:47:22.858,61.5600,5
53242858170421,14:47:22.858,61.5600,15
53242858642310,14:47:22.858,61.5900,20
53538891368387,14:52:18.891,61.5800,100
53542005857067,14:52:22.005,61.5800,100
53546300611244,14:52:26.300,61.5900,100
53546300674853,14:52:26.300,61.6000,20
53589707188868,14:53:09.707,61.6200,5
53589707188868,14:53:09.707,61.6200,5
53589707188868,14:53:09.707,61.6200,10
53589707557767,14:53:09.707,61.6300,20
53629952874844,14:53:49.952,61.6400,9
53629952874844,14:53:49.952,61.6400,1
53629952874844,14:53:49.952,61.6400,10
53630329299472,14:53:50.329,61.6500,4
53630329299472,14:53:50.329,61.6500,1
53630329299472,14:53:50.329,61.6500,4
53630329299472,14:53:50.329,61.6700,71
53630329394515,14:53:50.329,61.6700,29
53817300032126,14:56:57.300,61.6800,10
53817300032126,14:56:57.300,61.6800,90
53865711707894,14:57:45.711,61.6800,10
53954321817866,14:59:14.321,61.6700,11
53970193663292,14:59:30.193,61.6300,100
53970193678362,14:59:30.193,61.6300,42
53970193688607,14:59:30.193,61.6300,14
53987870732131,14:59:47.870,61.6500,11
53987871266403,14:59:47.871,61.6800,100
53994300689360,14:59:54.300,61.6800,20
53994300689360,14:59:54.300,61.6900,10
53994300689360,14:59:54.300,61.7000,1
53994300689360,14:59:54.300,61.7000,69
54022150090792,15:00:22.150,61.7100,5
54159878570153,15:02:39.878,61.6200,100
54159881109207,15:02:39.881,61.6000,100
54159881172690,15:02:39.881,61.6000,100
54164148040353,15:02:44.148,61.5600,100
54192306410077,15:03:12.306,61.5400,10
54261119325076,15:04:21.119,61.4900,100
54263300106097,15:04:23.300,61.5200,20
54294054992835,15:04:54.054,61.5200,100
54294055414519,15:04:54.055,61.5300,75
54333353080555,15:05:33.353,61.4800,1
54333353124608,15:05:33.353,61.4800,1
54333353190736,15:05:33.353,61.4700,5
54334299654646,15:05:34.299,61.5000,100
54337300409670,15:05:37.300,61.5200,100
54338299569451,15:05:38.299,61.5200,95
54358437309284,15:05:58.437,61.5000,100
54365651758757,15:06:05.651,61.4400,100
54366874172360,15:06:06.874,61.4200,10
54366874196267,15:06:06.874,61.4200,90
54429365983125,15:07:09.365,61.3800,62
54429365983125,15:07:09.365,61.3700,10
54429365983125,15:07:09.365,61.3700,28
54429366008978,15:07:09.366,61.3700,72
54487950425845,15:08:07.950,61.4100,5
54487950425845,15:08:07.950,61.4100,100
54491234120441,15:08:11.234,61.4400,100
54492780690036,15:08:12.780,61.4400,100
54492781299562,15:08:12.781,61.4400,100
54601940171199,15:10:01.940,61.3600,11
54948619642196,15:15:48.619,61.3300,8
54948619642196,15:15:48.619,61.3300,100
54950713725061,15:15:50.713,61.3200,100
54950713986975,15:15:50.713,61.3200,100
54993365484482,15:16:33.365,61.2300,13
55013176858414,15:16:53.176,61.2000,3
55015121970291,15:16:55.121,61.2600,100
55016461872500,15:16:56.461,61.2200,100
55018624962878,15:16:58.624,61.2100,100
55018624962878,15:16:58.624,61.2000,100
55018636169489,15:16:58.636,61.2000,100
55042196128254,15:17:22.196,61.1700,28
55042196128254,15:17:22.196,61.1700,94
55042196725118,15:17:22.196,61.1700,29
55052009904270,15:17:32.009,61.1700,29
55052010576616,15:17:32.010,61.1700,12
55206528836963,15:20:06.528,61.1400,91
55206528908226,15:20:06.528,61.1400,11
55206528908226,15:20:06.528,61.1400,8
55206558870181,15:20:06.558,61.1400,100
55206558898979,15:20:06.558,61.1400,18
55207410380438,15:20:07.410,61.1700,100
55229779481362,15:20:29.779,61.2000,4
55330355173880,15:22:10.355,61.1100,100
55330387468471,15:22:10.387,61.0500,68
55330387493587,15:22:10.387,61.0500,32
55330387493587,15:22:10.387,61.0500,100
55330387493587,15:22:10.387,61.0500,100
55330387525441,15:22:10.387,61.0500,100
55332471782888,15:22:12.471,60.9600,100
55346743035091,15:22:26.743,61.0250,200
55442623767227,15:24:02.623,61.0000,100
55445383954782,15:24:05.383,61.0200,100
55445420570996,15:24:05.420,61.0300,100
55445420570996,15:24:05.420,61.0300,200
55445420629819,15:24:05.420,61.0300,200
55469215532242,15:24:29.215,61.0600,52
55470136380879,15:24:30.136,61.0600,70
55470140783228,15:24:30.140,61.0700,100
55612112400516,15:26:52.112,61.0300,82
55612112878151,15:26:52.112,61.0200,100
55726322678153,15:28:46.322,61.0200,100
55726323949892,15:28:46.323,61.0200,100
55730289136193,15:28:50.289,60.9700,10
55730300079511,15:28:50.300,61.0000,100
55801760070389,15:30:01.760,60.9900,100
55801766027611,15:30:01.766,61.0000,100
55801766111336,15:30:01.766,60.9800,10
55801766347977,15:30:01.766,61.0000,10
55801766432067,15:30:01.766,61.0100,100
55802507038638,15:30:02.507,61.0000,100
55805260590471,15:30:05.260,61.0100,100
55832827863533,15:30:32.827,61.0200,100
55832830043822,15:30:32.830,61.0200,8
55872442377085,15:31:12.442,61.0300,100
55885147566745,15:31:25.147,61.0700,10
55885147591196,15:31:25.147,61.0700,95
55894579649630,15:31:34.579,61.0700,1
55921594101444,15:32:01.594,61.0300,10
55932242626903,15:32:12.242,61.0200,44
56009331053861,15:33:29.331,60.9900,100
56040173029732,15:34:00.173,60.9800,74
56040173060173,15:34:00.173,60.9800,26
56040248425219,15:34:00.248,61.0000,4
56040248425219,15:34:00.248,61.0000,100
56046342220602,15:34:06.342,61.0000,100
56046342220602,15:34:06.342,61.0000,100
56046342220602,15:34:06.342,61.0000,7
56054105059055,15:34:14.105,61.0000,100
56056857608480,15:34:16.857,61.0000,100
56092282250755,15:34:52.282,60.9700,5
56092618129332,15:34:52.618,60.9900,100
56100714225649,15:35:00.714,61.0100,100
56100714250429,15:35:00.714,61.0100,8
56100714250429,15:35:00.714,61.0100,100
56100714652579,15:35:00.714,61.0200,100
56100717269821,15:35:00.717,61.0100,6
56106014785605,15:35:06.014,61.0500,100
56106366351413,15:35:06.366,61.0700,100
56106366376378,15:35:06.366,61.0700,100
56106366376378,15:35:06.366,61.0700,16
56106547287552,15:35:06.547,61.0800,10
56123393334374,15:35:23.393,61.1300,100
56132154712116,15:35:32.154,61.1900,100
56134624417301,15:35:34.624,61.2400,100
56134625515877,15:35:34.625,61.2400,100
56138886513126,15:35:38.886,61.2800,10
56151519317866,15:35:51.519,61.2800,10
56173218358620,15:36:13.218,61.2200,100
56173218374405,15:36:13.218,61.2100,100
56173218390112,15:36:13.218,61.1900,77
56173218881741,15:36:13.218,61.1900,23
56173218881741,15:36:13.218,61.1900,100
56173455250718,15:36:13.455,61.2000,100
56173455250718,15:36:13.455,61.2000,100
56175889457120,15:36:15.889,61.2400,100
56175889539860,15:36:15.889,61.2400,100
56175889569847,15:36:15.889,61.2400,43
56175889593890,15:36:15.889,61.2400,57
56182449243001,15:36:22.449,61.2500,6
56197470337749,15:36:37.470,61.2500,6
56220685570535,15:37:00.685,61.2700,5
56222409062647,15:37:02.409,61.2600,6
56238460878967,15:37:18.460,61.1900,100
56283093044989,15:38:03.093,61.2500,10
56287328206537,15:38:07.328,61.2100,5
56287328206537,15:38:07.328,61.2100,15
56287833780408,15:38:07.833,61.2100,85
56287833780408,15:38:07.833,61.2100,100
56288686206321,15:38:08.686,61.2500,100
56298638436600,15:38:18.638,61.2600,10
56312325525999,15:38:32.325,61.2200,116
56312325729177,15:38:32.325,61.2200,100
56324447946181,15:38:44.447,61.2600,90
56324447946181,15:38:44.447,61.2600,10
56332696423122,15:38:52.696,61.2600,90
56332696423122,15:38:52.696,61.2600,8
56360367184113,15:39:20.367,61.2800,6
56385005047634,15:39:45.005,61.2300,89
56385005575164,15:39:45.005,61.2300,11
56396583564732,15:39:56.583,61.2500,100
56396583846811,15:39:56.583,61.2600,100
56406203013129,15:40:06.203,61.2400,3
56443069906145,15:40:43.069,61.2800,2
56443069969287,15:40:43.069,61.2800,87
56443070006418,15:40:43.070,61.2800,5
56443070006418,15:40:43.070,61.2800,95
56443070024249,15:40:43.070,61.2800,5
56443070302534,15:40:43.070,61.2900,44
56443070358174,15:40:43.070,61.2900,13
56443099696635,15:40:43.099,61.2900,43
56469169283441,15:41:09.169,61.3200,10
56474935365353,15:41:14.935,61.3100,100
56479797291169,15:41:19.797,61.3200,6
56480480837936,15:41:20.480,61.3000,10
56480481827218,15:41:20.481,61.2800,10
56511039275619,15:41:51.039,61.3100,100
56549482612864,15:42:29.482,61.3200,5
56560792897904,15:42:40.792,61.3200,95
56560792897904,15:42:40.792,61.3200,5
56560792936285,15:42:40.792,61.3200,3
56560792936285,15:42:40.792,61.3200,100
56560792939392,15:42:40.792,61.3300,97
56560793144054,15:42:40.793,61.3300,3
56560798706592,15:42:40.798,61.3400,100
56564272379332,15:42:44.272,61.3500,6
56568682249382,15:42:48.682,61.3500,10
56580588007101,15:43:00.588,61.3400,100
56580588040952,15:43:00.588,61.3500,20
56655833701793,15:44:15.833,61.3500,5
56694948727041,15:44:54.948,61.3300,64
56694948963920,15:44:54.948,61.3300,36
56694948963920,15:44:54.948,61.3300,35
56700409997394,15:45:00.409,61.3200,100
56700410014835,15:45:00.410,61.3100,44
56700410015341,15:45:00.410,61.3100,156
56700422101848,15:45:00.422,61.3000,100
56726589649961,15:45:26.589,61.3200,82
56734843942258,15:45:34.843,61.3500,59
56747944829036,15:45:47.944,61.3600,10
56757022451244,15:45:57.022,61.3600,90
56757022451244,15:45:57.022,61.3600,51
56763129753510,15:46:03.129,61.3200,100
56766812501381,15:46:06.812,61.3500,12
56796014313441,15:46:36.014,61.3500,5
56798120575121,15:46:38.120,61.3500,6
56808144367677,15:46:48.144,61.3600,6
56817298851208,15:46:57.298,61.3200,5
56817301989408,15:46:57.301,61.3200,4
56823624899921,15:47:03.624,61.3300,100
56823624899921,15:47:03.624,61.3300,100
56832897948173,15:47:12.897,61.3400,6
56856638080745,15:47:36.638,61.3100,100
56857512910103,15:47:37.512,61.3100,6
56895147033551,15:48:15.147,61.3200,100
56895147033551,15:48:15.147,61.3200,100
56895147033551,15:48:15.147,61.3200,100
56895639978946,15:48:15.639,61.3300,5
56911654269604,15:48:31.654,61.3300,95
56911654269604,15:48:31.654,61.3300,5
56912243364234,15:48:32.243,61.3300,6
56924584323639,15:48:44.584,61.3300,5
56937540372715,15:48:57.540,61.3300,5
56951050640323,15:49:11.050,61.3300,6
56952447450059,15:49:12.447,61.3300,6
56965905753312,15:49:25.905,61.3300,83
56965905753312,15:49:25.905,61.3300,100
56976559303293,15:49:36.559,61.3500,6
56988252437031,15:49:48.252,61.3500,5
57004668945745,15:50:04.668,61.3500,5
57006531335193,15:50:06.531,61.3500,6
57010556113308,15:50:10.556,61.3200,50
57010558395076,15:50:10.558,61.3200,50
57010558395076,15:50:10.558,61.3200,100
57010558395076,15:50:10.558,61.3200,100
57010558395076,15:50:10.558,61.3200,6
57010558437405,15:50:10.558,61.3100,4
57024447140127,15:50:24.447,61.3000,100
57026286590402,15:50:26.286,61.3000,100
57037116520182,15:50:37.116,61.3100,3
57042011397934,15:50:42.011,61.3100,5
57046292502428,15:50:46.292,61.3000,100
57064610150004,15:51:04.610,61.3100,2
57064613643305,15:51:04.613,61.2700,100
57064613643305,15:51:04.613,61.2700,49
57078087635619,15:51:18.087,61.3000,3
57090408520066,15:51:30.408,61.3000,5
57092088458854,15:51:32.088,61.3000,3
57101471966826,15:51:41.471,61.3000,97
57101472039652,15:51:41.472,61.3100,37
57104034462041,15:51:44.034,61.3100,2
57110291561580,15:51:50.291,61.3100,6
57114554271662,15:51:54.554,61.3100,2
57123467630596,15:52:03.467,61.2800,80
57124295342129,15:52:04.295,61.2900,100
57124781410999,15:52:04.781,61.3000,6
57125654942747,15:52:05.654,61.2700,3
57125654942747,15:52:05.654,61.2700,100
57125654942747,15:52:05.654,61.2700,100
57125654942747,15:52:05.654,61.2700,39
57125654980056,15:52:05.654,61.2700,10
57125655347115,15:52:05.655,61.2700,4
57126655941551,15:52:06.655,61.2700,100
57135528431979,15:52:15.528,61.2200,7
57135528475940,15:52:15.528,61.2200,93
57146660173935,15:52:26.660,61.2000,2
57146660173935,15:52:26.660,61.2000,93
57146660198516,15:52:26.660,61.2000,1
57146660218147,15:52:26.660,61.2000,6
57146660218147,15:52:26.660,61.2000,1
57146706726713,15:52:26.706,61.2000,73
57149216376337,15:52:29.216,61.1600,3
57160835307431,15:52:40.835,61.2000,3
57166920754592,15:52:46.920,61.2000,2
57168978569146,15:52:48.978,61.2000,2
57173772446773,15:52:53.772,61.2100,2
57176129235938,15:52:56.129,61.2100,2
57185672039605,15:53:05.672,61.2100,3
57186491644468,15:53:06.491,61.2100,3
57195467221670,15:53:15.467,61.2100,3
57201358601389,15:53:21.358,61.2100,3
57204058440062,15:53:24.058,61.2100,2
57211475548074,15:53:31.475,61.2100,2
57211948563383,15:53:31.948,61.2100,2
57215942604186,15:53:35.942,61.2100,2
57220096361951,15:53:40.096,61.2100,2
57223414799773,15:53:43.414,61.2100,2
57230304769398,15:53:50.304,61.2100,72
57230304769398,15:53:50.304,61.2100,28
57231033553401,15:53:51.033,61.2100,2
57231674482362,15:53:51.674,61.2100,2
57236274796698,15:53:56.274,61.2100,98
57236274796698,15:53:56.274,61.2100,100
57236274796698,15:53:56.274,61.2100,51
57236274796698,15:53:56.274,61.2100,44
57236276428482,15:53:56.276,61.2100,56
57237574219130,15:53:57.574,61.2200,2
57246235258951,15:54:06.235,61.2200,2
57252706231042,15:54:12.706,61.2200,2
57252711740669,15:54:12.711,61.2200,94
57252711740669,15:54:12.711,61.2200,6
57255291676601,15:54:15.291,61.2200,3
57255292139378,15:54:15.292,61.2200,91
57259448540444,15:54:19.448,61.2400,1
57259448540444,15:54:19.448,61.2400,1
57266494543578,15:54:26.494,61.2400,2
57269288614040,15:54:29.288,61.2400,97
57269288980998,15:54:29.288,61.2300,100
57269510406513,15:54:29.510,61.2500,3
57271016790411,15:54:31.016,61.2600,20
57273145826606,15:54:33.145,61.2700,2
57276347368363,15:54:36.347,61.2800,2
57292096443302,15:54:52.096,61.2700,100
57293427234710,15:54:53.427,61.2800,2
57293430067891,15:54:53.430,61.2600,100
57293432859606,15:54:53.432,61.2500,1
57299558088452,15:54:59.558,61.2500,100
57299558088452,15:54:59.558,61.2500,100
57300008264875,15:55:00.008,61.2600,100
57300008264875,15:55:00.008,61.2800,100
57300008267639,15:55:00.008,61.2800,100
57300008267639,15:55:00.008,61.2900,9
57300008267639,15:55:00.008,61.2900,1
57300008267639,15:55:00.008,61.3000,10
57300008267639,15:55:00.008,61.3000,200
57300008267639,15:55:00.008,61.3000,100
57300008267639,15:55:00.008,61.3100,92
57300008267639,15:55:00.008,61.3200,100
57300008267639,15:55:00.008,61.3200,15
57300008267639,15:55:00.008,61.3200,5
57300008267639,15:55:00.008,61.3400,1
57300008267639,15:55:00.008,61.3500,78
57300008267639,15:55:00.008,61.3500,10
57300008267639,15:55:00.008,61.3600,54
57300008275153,15:55:00.008,61.3600,40
57300008275153,15:55:00.008,61.3600,100
57300008275153,15:55:00.008,61.3600,100
57300008275153,15:55:00.008,61.3600,1
57300008275153,15:55:00.008,61.3600,8
57300008275153,15:55:00.008,61.3700,100
57300008275153,15:55:00.008,61.3700,100
57306305260973,15:55:06.305,61.3800,3
57307788132448,15:55:07.788,61.3800,2
57307814224401,15:55:07.814,61.3800,100
57310009180047,15:55:10.009,61.3800,107
57310412459156,15:55:10.412,61.3900,100
57310697323755,15:55:10.697,61.4000,100
57314995315365,15:55:14.995,61.4200,117
57314995353832,15:55:14.995,61.4200,183
57314995353832,15:55:14.995,61.4200,45
57314995406517,15:55:14.995,61.4200,55
57314995559092,15:55:14.995,61.4300,100
57320032883544,15:55:20.032,61.4700,3
57320297821743,15:55:20.297,61.4600,100
57320522139818,15:55:20.522,61.4700,2
57324926444540,15:55:24.926,61.4400,100
57324926444540,15:55:24.926,61.4400,3
57327798520242,15:55:27.798,61.4300,6
57327800936867,15:55:27.800,61.4300,94
57327800936867,15:55:27.800,61.4300,6
57327801166523,15:55:27.801,61.4300,94
57328408826164,15:55:28.408,61.4300,100
57328409346229,15:55:28.409,61.4400,20
57343563042551,15:55:43.563,61.4400,20
57343566471222,15:55:43.566,61.4500,100
57343566471222,15:55:43.566,61.4500,80
57343566506852,15:55:43.566,61.4500,20
57343566506852,15:55:43.566,61.4500,118
57343566508949,15:55:43.566,61.4500,50
57343569735175,15:55:43.569,61.4500,72
57343569735175,15:55:43.569,61.4500,28
57343683707309,15:55:43.683,61.4500,3
57344010503305,15:55:44.010,61.4500,69
57344010503305,15:55:44.010,61.4500,31
57349493102235,15:55:49.493,61.4600,3
57350904807227,15:55:50.904,61.4600,97
57350904807227,15:55:50.904,61.4700,3
57354567802286,15:55:54.567,61.4800,100
57355194262734,15:55:55.194,61.5100,2
57356598178869,15:55:56.598,61.5100,2
57359318163818,15:55:59.318,61.5000,100
57360908240874,15:56:00.908,61.5100,200
57361699069883,15:56:01.699,61.5100,96
57361699069883,15:56:01.699,61.5100,100
57372413580655,15:56:12.413,61.4900,2
57372413655536,15:56:12.413,61.4800,2
57373487857551,15:56:13.487,61.4800,139
57373490151450,15:56:13.490,61.4800,18
57373490151450,15:56:13.490,61.4800,82
57373843591190,15:56:13.843,61.4800,18
57373843591190,15:56:13.843,61.4800,3
57373844391486,15:56:13.844,61.4800,20
57386719789454,15:56:26.719,61.4900,100
57386719865879,15:56:26.719,61.4900,20
57387720557602,15:56:27.720,61.4900,94
57388330379722,15:56:28.330,61.5000,20
57389366872676,15:56:29.366,61.5000,100
57389366872676,15:56:29.366,61.5000,41
57389367270881,15:56:29.367,61.5000,100
57389367878913,15:56:29.367,61.5000,200
57389380703463,15:56:29.380,61.5000,20
57389933475467,15:56:29.933,61.5100,100
57390000117090,15:56:30.000,61.5100,100
57390017872309,15:56:30.017,61.5100,20
57390776280399,15:56:30.776,61.5200,2
57393157018682,15:56:33.157,61.5200,3
57401620194844,15:56:41.620,61.5200,2
57404997399917,15:56:44.997,61.5300,2
57406998122003,15:56:46.998,61.5300,2
57412582554719,15:56:52.582,61.5300,2
57412583047499,15:56:52.583,61.5300,96
57414343688846,15:56:54.343,61.5400,2
57420130121328,15:57:00.130,61.5400,2
57420588917162,15:57:00.588,61.5400,30
57420588962651,15:57:00.588,61.5400,66
57420588962651,15:57:00.588,61.5400,34
57420588972068,15:57:00.588,61.5400,50
57420590047624,15:57:00.590,61.5400,16
57425307568668,15:57:05.307,61.5500,5
57425307568668,15:57:05.307,61.5700,10
57425307568668,15:57:05.307,61.5800,2
57425307568668,15:57:05.307,61.5800,100
57425308845802,15:57:05.308,61.5900,5
57425308845802,15:57:05.308,61.5900,72
57431937387681,15:57:11.937,61.5600,48
57431937458253,15:57:11.937,61.5600,141
57431937482445,15:57:11.937,61.5600,84
57431937482445,15:57:11.937,61.5600,16
57433322244006,15:57:13.322,61.5600,2
57435302215837,15:57:15.302,61.5600,18
57437253346616,15:57:17.253,61.5800,2
57439218427023,15:57:19.218,61.5800,2
57444058673393,15:57:24.058,61.5400,2
57445711178337,15:57:25.711,61.5500,28
57445712424006,15:57:25.712,61.5500,1
57450068189330,15:57:30.068,61.5700,2
57453341354955,15:57:33.341,61.5700,2
57453341853406,15:57:33.341,61.5400,1
57453341853406,15:57:33.341,61.5400,1
57455308451490,15:57:35.308,61.5600,20
57455309025730,15:57:35.309,61.5400,30
57462708782190,15:57:42.708,61.5600,10
57462708782190,15:57:42.708,61.5600,30
57462708782190,15:57:42.708,61.5600,10
57467314657250,15:57:47.314,61.5600,3
57472018448446,15:57:52.018,61.5300,2
57472018590258,15:57:52.018,61.5200,200
57472018590258,15:57:52.018,61.5200,100
57472018590258,15:57:52.018,61.5200,2
57472019146104,15:57:52.019,61.5300,200
57472023242144,15:57:52.023,61.5200,10
57472023242144,15:57:52.023,61.5200,10
57473164861917,15:57:53.164,61.5200,64
57473166972107,15:57:53.166,61.5200,36
57481998588597,15:58:01.998,61.5400,45
57481998588597,15:58:01.998,61.5400,100
57481998588597,15:58:01.998,61.5400,42
57483912742801,15:58:03.912,61.5300,2
57485506244427,15:58:05.506,61.5300,9
57488811576552,15:58:08.811,61.5300,2
57488915518273,15:58:08.915,61.5300,5
57490159032238,15:58:10.159,61.5200,1
57491909654808,15:58:11.909,61.5300,22
57491911053046,15:58:11.911,61.5400,6
57491911053046,15:58:11.911,61.5400,72
57493707237289,15:58:13.707,61.5300,100
57494708165468,15:58:14.708,61.5300,100
57497250954957,15:58:17.250,61.5300,3
57497888107031,15:58:17.888,61.5300,2
57501549662469,15:58:21.549,61.5200,2
57504802253675,15:58:24.802,61.5400,2
57509152179430,15:58:29.152,61.5400,2
57514013163852,15:58:34.013,61.5300,100
57514013242125,15:58:34.013,61.5300,154
57514744403851,15:58:34.744,61.5300,2
57517139003473,15:58:37.139,61.5300,3
57520879299802,15:58:40.879,61.5100,65
57520879299802,15:58:40.879,61.5100,1
57520879299802,15:58:40.879,61.5100,1
57520879318012,15:58:40.879,61.5100,67
57522814550546,15:58:42.814,61.5200,20
57523330426725,15:58:43.330,61.5300,97
57523330426725,15:58:43.330,61.5300,13
57523330462861,15:58:43.330,61.5300,50
57523330462861,15:58:43.330,61.5300,150
57523330470922,15:58:43.330,61.5300,4
57524816367725,15:58:44.816,61.5400,3
57526116336115,15:58:46.116,61.5400,276
57527311922878,15:58:47.311,61.5400,29
57527311922878,15:58:47.311,61.5400,71
57530734072373,15:58:50.734,61.5400,2
57534312095437,15:58:54.312,61.5400,27
57534312095437,15:58:54.312,61.5400,73
57539086507091,15:58:59.086,61.5400,1
57539649987475,15:58:59.649,61.5400,2
57540713084112,15:59:00.713,61.5400,24
57540713084112,15:59:00.713,61.5400,100
57540713084112,15:59:00.713,61.5400,76
57543312003584,15:59:03.312,61.5400,24
57543312003584,15:59:03.312,61.5400,58
57543753174812,15:59:03.753,61.5500,2
57546626246055,15:59:06.626,61.5500,3
57547869411543,15:59:07.869,61.5500,1
57550920645001,15:59:10.920,61.5400,20
57551620707867,15:59:11.620,61.5500,76
57551848742404,15:59:11.848,61.5500,36
57552137961977,15:59:12.137,61.5500,2
57553869997458,15:59:13.869,61.5500,1
57554997974963,15:59:14.997,61.5500,94
57556056769172,15:59:16.056,61.5500,85
57556056769172,15:59:16.056,61.5500,100
57556056769172,15:59:16.056,61.5500,33
57556058959106,15:59:16.058,61.5600,108
57556059317302,15:59:16.059,61.5600,108
57556059375849,15:59:16.059,61.5600,108
57557113830010,15:59:17.113,61.5600,176
57557113830010,15:59:17.113,61.5600,24
57558260237770,15:59:18.260,61.5600,2
57558990985774,15:59:18.990,61.5600,2
57560221405261,15:59:20.221,61.5500,83
57563113767563,15:59:23.113,61.5600,72
57563113767563,15:59:23.113,61.5600,28
57566510368775,15:59:26.510,61.5600,1
57567022230008,15:59:27.022,61.5600,100
57567312343525,15:59:27.312,61.5600,100
57570626688342,15:59:30.626,61.5600,14
57570821036530,15:59:30.821,61.5600,8
57571306340677,15:59:31.306,61.5600,49
57571306340677,15:59:31.306,61.5700,100
57571306340677,15:59:31.306,61.5700,151
57571306792323,15:59:31.306,61.5700,149
57571306792323,15:59:31.306,61.5700,97
57571306792323,15:59:31.306,61.5700,54
57572204866504,15:59:32.204,61.5700,100
57572210837586,15:59:32.210,61.5800,90
57574107044249,15:59:34.107,61.5800,2
57575253196156,15:59:35.253,61.5800,3
57578706405918,15:59:38.706,61.5800,5
57578706405918,15:59:38.706,61.5900,95
57583306617296,15:59:43.306,61.5800,100
57583406356882,15:59:43.406,61.5900,2
57584737975765,15:59:44.737,61.5900,2
57584876462771,15:59:44.876,61.5700,100
57584876462771,15:59:44.876,61.5700,154
57584876462771,15:59:44.876,61.5700,100
57584876462771,15:59:44.876,61.5700,46
57585902168855,15:59:45.902,61.5700,52
57588077097073,15:59:48.077,61.5900,1
57588077097073,15:59:48.077,61.5900,2
57589086183906,15:59:49.086,61.5900,1
57590107178242,15:59:50.107,61.5900,100
57592783991840,15:59:52.783,61.5900,2
57593153698998,15:59:53.153,61.5900,1
57594130405238,15:59:54.130,61.5900,96
57594131124966,15:59:54.131,61.5900,98
57594131124966,15:59:54.131,61.5900,2
57594142418206,15:59:54.142,61.5900,2
57594311388109,15:59:54.311,61.5900,89
57594311575367,15:59:54.311,61.5900,100
57595199630875,15:59:55.199,61.5900,3
57595390296947,15:59:55.390,61.5900,4
57595732225685,15:59:55.732,61.5900,67
57595736130481,15:59:55.736,61.5900,33
57595736130481,15:59:55.736,61.5900,67
57597724687087,15:59:57.724,61.5700,71
57598745733376,15:59:58.745,61.5900,33
57598745927579,15:59:58.745,61.6000,67
57598941218790,15:59:58.941,61.5900,20
57600633998791,16:00:00.633,61.5700,22504
