timestamp,time,price,volume
34200743225240,09:30:00.743,0.0000,0
35299713385419,09:48:19.713,9.1700,100
35577264405342,09:52:57.264,9.0600,100
35577264405342,09:52:57.264,9.0700,6
36401996883711,10:06:41.996,9.1100,100
36401997047646,10:06:41.997,9.1100,100
36401997568401,10:06:41.997,9.1100,100
36946148470016,10:15:46.148,9.1400,100
37233602297092,10:20:33.602,9.1300,100
37233602854427,10:20:33.602,9.1300,100
37743312873324,10:29:03.312,9.1500,100
37984240285212,10:33:04.240,9.1900,1
38041359035769,10:34:01.359,9.1950,100
38092834450207,10:34:52.834,9.2000,1
38674656162277,10:44:34.656,9.2200,4
38676967732920,10:44:36.967,9.2200,100
38820120583051,10:47:00.120,9.2100,1
38820125220708,10:47:00.125,9.2100,2
38828250407558,10:47:08.250,9.2000,83
39256358039489,10:54:16.358,9.1500,2
39256875352999,10:54:16.875,9.1600,2
39390072891646,10:56:30.072,9.1500,100
39390090639733,10:56:30.090,9.1300,30
39415544022414,10:56:55.544,9.1600,100
39415570568799,10:56:55.570,9.1600,8
39672215407037,11:01:12.215,9.1600,100
39837608452996,11:03:57.608,9.1800,100
39873615482277,11:04:33.615,9.1800,100
40384596970031,11:13:04.596,9.1900,100
40384596970031,11:13:04.596,9.1800,100
40384600078543,11:13:04.600,9.1800,2
40388419835852,11:13:08.419,9.1900,3
40388420960309,11:13:08.420,9.1900,29
40838601912767,11:20:38.601,9.1850,5
40858532725430,11:20:58.532,9.1850,100
40858533396595,11:20:58.533,9.1800,200
40858533567593,11:20:58.533,9.1800,4
40858538681608,11:20:58.538,9.1800,4
40858538681608,11:20:58.538,9.1800,5
40859433596450,11:20:59.433,9.1600,100
40859617665361,11:20:59.617,9.1600,30
40859617826885,11:20:59.617,9.1600,30
41654377915838,11:34:14.377,9.1600,3
41654377915838,11:34:14.377,9.1600,97
41654377987342,11:34:14.377,9.1600,3
41654378023594,11:34:14.378,9.1600,100
41654385493470,11:34:14.385,9.1600,3
41654450598206,11:34:14.450,9.1600,3
41654450856323,11:34:14.450,9.1600,97
41654450856323,11:34:14.450,9.1600,2
41654450864868,11:34:14.450,9.1600,98
41656563860747,11:34:16.563,9.1600,4
41656568281773,11:34:16.568,9.1400,100
41885161019411,11:38:05.161,9.1400,4
41885161019411,11:38:05.161,9.1400,100
42199483041022,11:43:19.483,9.1500,2
42471346059869,11:47:51.346,9.1600,2
42471346059869,11:47:51.346,9.1600,89
42573588054941,11:49:33.588,9.1800,2
42626383378390,11:50:26.383,9.1900,3
42698777058731,11:51:38.777,9.1900,1
42698777058731,11:51:38.777,9.1900,9
42818798224206,11:53:38.798,9.1900,1
43078000249334,11:57:58.000,9.1900,2
43113693438915,11:58:33.693,9.1800,2
43113698104946,11:58:33.698,9.1800,7
43113698104946,11:58:33.698,9.1800,1
43113698104946,11:58:33.698,9.1800,92
43113698854652,11:58:33.698,9.1800,37
43113712981043,11:58:33.712,9.1800,2
43113714273992,11:58:33.714,9.1800,1
43403060790233,12:03:23.060,9.1800,100
43403061332130,12:03:23.061,9.1800,100
43900511234871,12:11:40.511,9.1700,2
43900511234871,12:11:40.511,9.1700,98
44016210024539,12:13:36.210,9.1800,2
44320456647872,12:18:40.456,9.1800,100
44320456724910,12:18:40.456,9.1800,100
44320456996293,12:18:40.456,9.1800,100
45005097577290,12:30:05.097,9.1800,2
45350327611277,12:35:50.327,9.1700,100
45350327611277,12:35:50.327,9.1700,100
45350327683831,12:35:50.327,9.1700,8
45350327683831,12:35:50.327,9.1700,92
45350327753001,12:35:50.327,9.1700,8
45582945087946,12:39:42.945,9.1400,100
45702618977910,12:41:42.618,9.1400,100
45924425312911,12:45:24.425,9.1400,91
45924425382150,12:45:24.425,9.1400,9
45924425414810,12:45:24.425,9.1400,5
45924425949187,12:45:24.425,9.1400,100
46340330148540,12:52:20.330,9.1600,2
46552959002311,12:55:52.959,9.1100,100
46705138926428,12:58:25.138,9.1200,100
46705138926428,12:58:25.138,9.1200,3
46705140923360,12:58:25.140,9.1300,2
46705141547303,12:58:25.141,9.1300,5
47563405963327,13:12:43.405,9.1200,2
47763662086653,13:16:03.662,9.1100,1
47794760412429,13:16:34.760,9.1000,9
47794760412429,13:16:34.760,9.1000,91
47794760550550,13:16:34.760,9.1000,4
47889085458905,13:18:09.085,9.1000,100
47889085553823,13:18:09.085,9.1000,5
48280731940716,13:24:40.731,9.1000,3
48403813980649,13:26:43.813,9.1000,1
48403813980649,13:26:43.813,9.1000,2
48431237240097,13:27:11.237,9.1100,2
48431237240097,13:27:11.237,9.1100,10
48431237240097,13:27:11.237,9.1100,38
48600400698280,13:30:00.400,9.1100,2
48669067224111,13:31:09.067,9.1100,60
48669067224111,13:31:09.067,9.1100,2
48669067224111,13:31:09.067,9.1100,5
48669067224111,13:31:09.067,9.1100,100
48670897357925,13:31:10.897,9.1200,4
49255655780113,13:40:55.655,9.1000,3
49340180150394,13:42:20.180,9.0900,2
49755544225656,13:49:15.544,9.1100,2
50028956242131,13:53:48.956,9.1100,2
50405727305022,14:00:05.727,9.1100,100
50405732945047,14:00:05.732,9.1100,3
50413105534332,14:00:13.105,9.1200,100
50413105534332,14:00:13.105,9.1200,100
50676566681983,14:04:36.566,9.1300,3
50676566681983,14:04:36.566,9.1300,50
50704082426200,14:05:04.082,9.1400,2
50704102318730,14:05:04.102,9.1400,5
50704300787445,14:05:04.300,9.1400,95
50943829300757,14:09:03.829,9.1500,1
50996666263762,14:09:56.666,9.1500,9
51030265088652,14:10:30.265,9.1600,100
51030276120778,14:10:30.276,9.1700,1
51030285695981,14:10:30.285,9.1800,2
51360454686036,14:16:00.454,9.2100,2
51382569167032,14:16:22.569,9.2100,100
51382569228653,14:16:22.569,9.2100,98
51493006953074,14:18:13.006,9.2000,2
51546659247549,14:19:06.659,9.2000,80
51574653792334,14:19:34.653,9.2100,1
51621401746422,14:20:21.401,9.2000,1
51621407936407,14:20:21.407,9.2000,100
51645981697133,14:20:45.981,9.2000,100
51789809034392,14:23:09.809,9.2000,1
51789839847254,14:23:09.839,9.2000,95
51966398534539,14:26:06.398,9.2200,1
52068010273874,14:27:48.010,9.2000,1
52068010273874,14:27:48.010,9.2000,99
52205670884575,14:30:05.670,9.2000,1
52389373705841,14:33:09.373,9.2000,55
52389374032264,14:33:09.374,9.2000,61
52390980683442,14:33:10.980,9.2000,50
52487201635873,14:34:47.201,9.2000,100
52662668586631,14:37:42.668,9.2100,30
52662668586631,14:37:42.668,9.2100,3
52728689743445,14:38:48.689,9.2200,1
52937001480819,14:42:17.001,9.2200,1
53092684784933,14:44:52.684,9.2200,1
53100094961180,14:45:00.094,9.2300,1
53214044414278,14:46:54.044,9.2300,2
53214044414278,14:46:54.044,9.2300,100
53214044520412,14:46:54.044,9.2300,100
53214044726883,14:46:54.044,9.2300,100
53371530164132,14:49:31.530,9.2300,100
53371530164132,14:49:31.530,9.2300,100
53371530164132,14:49:31.530,9.2300,158
53371530164132,14:49:31.530,9.2300,41
53371530241151,14:49:31.530,9.2300,59
53529312184664,14:52:09.312,9.2300,50
53529312184664,14:52:09.312,9.2300,100
53574635281152,14:52:54.635,9.2400,5
54115823273900,15:01:55.823,9.2500,100
54115823273900,15:01:55.823,9.2500,1
54115823273900,15:01:55.823,9.2500,8
54300064285030,15:05:00.064,9.2500,197
54300064285030,15:05:00.064,9.2500,100
54300064285030,15:05:00.064,9.2500,100
54333293433066,15:05:33.293,9.2500,2
54333293433066,15:05:33.293,9.2500,98
54333293796899,15:05:33.293,9.2500,2
54333630757563,15:05:33.630,9.2500,1
54344038619629,15:05:44.038,9.2500,2
54486241749518,15:08:06.241,9.2500,50
54633594587424,15:10:33.594,9.2600,100
54633594652988,15:10:33.594,9.2600,13
54633594652988,15:10:33.594,9.2600,2
54633594711073,15:10:33.594,9.2500,44
54656943571442,15:10:56.943,9.2600,1
54662177774382,15:11:02.177,9.2500,90
54662177787669,15:11:02.177,9.2500,33
54662177791071,15:11:02.177,9.2500,34
54670298070009,15:11:10.298,9.2500,399
54670298070009,15:11:10.298,9.2500,2
54900045182843,15:15:00.045,9.2500,5
54900045223017,15:15:00.045,9.2500,100
54943686304455,15:15:43.686,9.2500,1
54943686304455,15:15:43.686,9.2500,99
55051992111910,15:17:31.992,9.2400,2
55116508088353,15:18:36.508,9.2400,1
55116508275012,15:18:36.508,9.2400,200
55117011982345,15:18:37.011,9.2350,400
55188038812946,15:19:48.038,9.2400,50
55188038812946,15:19:48.038,9.2400,100
55188038812946,15:19:48.038,9.2400,2
55188894966502,15:19:48.894,9.2400,1
55236382464914,15:20:36.382,9.2500,10
55346460523889,15:22:26.460,9.2400,100
55518567960379,15:25:18.567,9.2300,100
55642985609562,15:27:22.985,9.2350,100
55642986730484,15:27:22.986,9.2400,100
55800053467288,15:30:00.053,9.2600,46
55832849043892,15:30:32.849,9.2600,54
55832849043892,15:30:32.849,9.2600,1
55833124797819,15:30:33.124,9.2600,1
55993644908056,15:33:13.644,9.2500,154
55993644908056,15:33:13.644,9.2500,8
55993644908056,15:33:13.644,9.2500,100
55993644908056,15:33:13.644,9.2500,100
55993791818405,15:33:13.791,9.2400,100
56409604528681,15:40:09.604,9.2000,100
56541841214553,15:42:21.841,9.2100,200
56541841319707,15:42:21.841,9.2100,50
56541841549968,15:42:21.841,9.2100,50
56700047344249,15:45:00.047,9.2200,96
56888606764873,15:48:08.606,9.2100,8
56888606764873,15:48:08.606,9.2100,102
56888608218722,15:48:08.608,9.2100,23
56892541907313,15:48:12.541,9.2000,2
56905612852140,15:48:25.612,9.2000,8
56911005340068,15:48:31.005,9.2000,2
56911833800458,15:48:31.833,9.2000,88
56911833800458,15:48:31.833,9.2000,12
56919358165403,15:48:39.358,9.2000,4
56946542178161,15:49:06.542,9.2000,84
56946542178161,15:49:06.542,9.2000,16
56947756844761,15:49:07.756,9.2000,6
56969171568085,15:49:29.171,9.2100,3
57026164234532,15:50:26.164,9.2000,6
57077101449493,15:51:17.101,9.1900,1
57117367402438,15:51:57.367,9.1900,6
57133708683596,15:52:13.708,9.1950,3
57190512672727,15:53:10.512,9.1900,4
57194730103660,15:53:14.730,9.1950,100
57194730103660,15:53:14.730,9.2000,110
57256201242394,15:54:16.201,9.1950,2
57310860663976,15:55:10.860,9.2000,200
57310860663976,15:55:10.860,9.2000,100
57310860663976,15:55:10.860,9.2000,110
57310860663976,15:55:10.860,9.2000,200
57310861069897,15:55:10.861,9.2000,100
57312720002128,15:55:12.720,9.2000,100
57344551243621,15:55:44.551,9.2000,99
57354553584491,15:55:54.553,9.2000,1
57354553584491,15:55:54.553,9.2000,100
57366832174289,15:56:06.832,9.2050,100
57366832206724,15:56:06.832,9.2000,11
57366832206724,15:56:06.832,9.2000,100
57366832206724,15:56:06.832,9.2000,89
57370448480009,15:56:10.448,9.2000,100
57370448711802,15:56:10.448,9.2000,16
57370448711802,15:56:10.448,9.2000,20
57370448791864,15:56:10.448,9.2000,100
57375078607873,15:56:15.078,9.2100,22
57380103096656,15:56:20.103,9.2100,1
57400679991846,15:56:40.679,9.2150,100
57426376871160,15:57:06.376,9.2100,5
57473788789533,15:57:53.788,9.2150,3
57535009216567,15:58:55.009,9.2150,23
57535009216567,15:58:55.009,9.2150,11
57560954301708,15:59:20.954,9.2200,10
57569261306956,15:59:29.261,9.2250,3
57590930567490,15:59:50.930,9.2400,76
57596082433906,15:59:56.082,9.2300,100
57600455031953,16:00:00.455,0.0000,0
