timestamp,time,price,volume
33712826063019,09:21:52.826,8.9900,78
33712826063019,09:21:52.826,9.0000,400
33712826063019,09:21:52.826,9.0000,91
34199782957099,09:29:59.782,9.0600,500
34200848096726,09:30:00.848,8.9800,13737
34273585320592,09:31:13.585,9.1000,100
34340223843004,09:32:20.223,9.0100,100
34340223843004,09:32:20.223,9.0100,100
34340223843004,09:32:20.223,9.0100,700
34340223922656,09:32:20.223,9.0300,100
34340224316720,09:32:20.224,9.0200,100
34340224316720,09:32:20.224,9.0200,100
34377171291890,09:32:57.171,9.0200,200
34377171811329,09:32:57.171,9.0200,1900
34377172083957,09:32:57.172,9.0100,100
34377172083957,09:32:57.172,9.0100,100
34377172083957,09:32:57.172,9.0100,617
34377172112229,09:32:57.172,9.0100,483
34377173108682,09:32:57.173,9.0100,100
34377173108682,09:32:57.173,9.0100,400
34377177663527,09:32:57.177,9.0000,100
34377177663527,09:32:57.177,9.0000,100
34377177663527,09:32:57.177,9.0000,179
34377177678779,09:32:57.177,9.0000,821
34377177678779,09:32:57.177,9.0000,100
34377206536463,09:32:57.206,8.9900,400
34377206536463,09:32:57.206,8.9900,200
34377209074829,09:32:57.209,8.9600,48
34377209137590,09:32:57.209,8.9600,100
34377209137590,09:32:57.209,8.9600,100
34377222722882,09:32:57.222,8.9500,60
34377234833226,09:32:57.234,8.9500,340
34379582062970,09:32:59.582,8.9500,100
34379582062970,09:32:59.582,8.9500,100
34379582062970,09:32:59.582,8.9500,1529
34381471292550,09:33:01.471,8.9600,200
34381471418591,09:33:01.471,8.9600,42
34383022281591,09:33:03.022,8.9800,1000
34383022281591,09:33:03.022,8.9800,100
34383022281591,09:33:03.022,8.9800,100
34383022281591,09:33:03.022,8.9800,21
34383023189477,09:33:03.023,8.9900,100
34384849797245,09:33:04.849,8.9800,100
34384849848743,09:33:04.849,8.9800,100
34390840880651,09:33:10.840,8.9800,1
34390840880651,09:33:10.840,8.9800,100
34390840880651,09:33:10.840,8.9800,2
34390840880651,09:33:10.840,8.9800,100
34390841297978,09:33:10.841,8.9800,100
34390841483947,09:33:10.841,8.9800,100
34390841483947,09:33:10.841,8.9800,100
34391560201663,09:33:11.560,8.9800,100
34391560671932,09:33:11.560,8.9800,100
34407726855201,09:33:27.726,8.9600,100
34407726855201,09:33:27.726,8.9600,36
34407726864151,09:33:27.726,8.9600,64
34407726864151,09:33:27.726,8.9600,100
34432017624203,09:33:52.017,8.9500,100
34432017624203,09:33:52.017,8.9500,100
34432017624203,09:33:52.017,8.9500,100
34432017624203,09:33:52.017,8.9500,100
34432017651599,09:33:52.017,8.9500,10
34443557321844,09:34:03.557,8.9400,1
34443557321844,09:34:03.557,8.9400,100
34443557565725,09:34:03.557,8.9400,100
34443557565725,09:34:03.557,8.9400,100
34461231162209,09:34:21.231,8.9400,100
34461231162209,09:34:21.231,8.9400,100
34461231162209,09:34:21.231,8.9400,100
34463936587084,09:34:23.936,8.9400,100
34463937200854,09:34:23.937,8.9400,100
34463937200854,09:34:23.937,8.9400,100
34463937303724,09:34:23.937,8.9400,100
34472169931383,09:34:32.169,8.9400,30
34473262061435,09:34:33.262,8.9400,70
34473262061435,09:34:33.262,8.9400,100
34473262061435,09:34:33.262,8.9400,100
34473262061435,09:34:33.262,8.9400,100
34473262818027,09:34:33.262,8.9300,100
34474344855704,09:34:34.344,8.9300,100
34474344855704,09:34:34.344,8.9300,100
34474344855704,09:34:34.344,8.9300,150
34474345081067,09:34:34.345,8.9300,50
34491298772442,09:34:51.298,8.9500,100
34491299375067,09:34:51.299,8.9500,408
34501042361981,09:35:01.042,8.9600,100
34501042361981,09:35:01.042,8.9600,100
34510540629676,09:35:10.540,8.9600,200
34510540629676,09:35:10.540,8.9600,200
34529761462756,09:35:29.761,8.9600,100
34530062959364,09:35:30.062,8.9600,100
34530190375413,09:35:30.190,8.9600,100
34530190375413,09:35:30.190,8.9600,100
34532804010121,09:35:32.804,8.9600,100
34536165050852,09:35:36.165,8.9600,100
34537049765067,09:35:37.049,8.9600,100
34537051837303,09:35:37.051,8.9500,100
34537051837303,09:35:37.051,8.9500,100
34537051837303,09:35:37.051,8.9500,100
34537051837303,09:35:37.051,8.9500,100
34537058520626,09:35:37.058,8.9500,100
34537106114293,09:35:37.106,8.9500,100
34537106114293,09:35:37.106,8.9500,100
34537142971837,09:35:37.142,8.9500,100
34553285268025,09:35:53.285,8.9600,100
34553285268025,09:35:53.285,8.9600,100
34553285395496,09:35:53.285,8.9600,100
34553285635815,09:35:53.285,8.9600,100
34553285635815,09:35:53.285,8.9600,100
34553285755675,09:35:53.285,8.9600,100
34553285929761,09:35:53.285,8.9600,100
34553286595487,09:35:53.286,8.9600,100
34553286595487,09:35:53.286,8.9600,100
34553286595487,09:35:53.286,8.9600,100
34553286595487,09:35:53.286,8.9600,100
34553286595487,09:35:53.286,8.9600,100
34553286595487,09:35:53.286,8.9600,100
34553286595487,09:35:53.286,8.9600,100
34553286595487,09:35:53.286,8.9600,100
34554811075499,09:35:54.811,8.9500,100
34554811075499,09:35:54.811,8.9500,100
34554811075499,09:35:54.811,8.9500,100
34554811075499,09:35:54.811,8.9500,100
34561208496647,09:36:01.208,8.9500,100
34561208774683,09:36:01.208,8.9500,100
34561208774683,09:36:01.208,8.9500,100
34561208808520,09:36:01.208,8.9500,72
34561208889917,09:36:01.208,8.9500,100
34561209004528,09:36:01.209,8.9500,100
34567940143469,09:36:07.940,8.9500,100
34567940143469,09:36:07.940,8.9500,100
34567940143469,09:36:07.940,8.9500,100
34567940143469,09:36:07.940,8.9500,100
34579140171716,09:36:19.140,8.9500,100
34579140171716,09:36:19.140,8.9500,170
34579140171716,09:36:19.140,8.9500,100
34579141304961,09:36:19.141,8.9500,100
34579141405755,09:36:19.141,8.9500,100
34580168317128,09:36:20.168,8.9400,100
34580168317128,09:36:20.168,8.9400,100
34580168317128,09:36:20.168,8.9400,400
34580169515557,09:36:20.169,8.9300,100
34580169515557,09:36:20.169,8.9300,100
34580170199659,09:36:20.170,8.9300,100
34580170199659,09:36:20.170,8.9300,100
34580170199659,09:36:20.170,8.9300,100
34580170199659,09:36:20.170,8.9300,100
34580640155884,09:36:20.640,8.9300,100
34583340706880,09:36:23.340,8.9200,100
34583340706880,09:36:23.340,8.9200,200
34583340706880,09:36:23.340,8.9200,100
34586018538503,09:36:26.018,8.9100,100
34586018538503,09:36:26.018,8.9100,100
34586018538503,09:36:26.018,8.9100,483
34586018580054,09:36:26.018,8.9100,317
34590066315839,09:36:30.066,8.9100,100
34622800049409,09:37:02.800,8.9300,100
34622800049409,09:37:02.800,8.9300,600
34622800049409,09:37:02.800,8.9300,100
34622800049409,09:37:02.800,8.9300,100
34622800049409,09:37:02.800,8.9300,400
34622800420116,09:37:02.800,8.9300,100
34628301629823,09:37:08.301,8.9200,100
34628301629823,09:37:08.301,8.9200,100
34628301629823,09:37:08.301,8.9200,100
34632400482452,09:37:12.400,8.9200,100
34632400482452,09:37:12.400,8.9200,100
34632400509762,09:37:12.400,8.9200,15
34632400511139,09:37:12.400,8.9200,15
34662585137479,09:37:42.585,8.9200,100
34662585137479,09:37:42.585,8.9200,100
34662585137479,09:37:42.585,8.9200,100
34662585137479,09:37:42.585,8.9200,100
34662585137479,09:37:42.585,8.9200,500
34662585137479,09:37:42.585,8.9200,100
34662585645596,09:37:42.585,8.9200,100
34662585649491,09:37:42.585,8.9200,80
34662585649491,09:37:42.585,8.9200,100
34662586051353,09:37:42.586,8.9200,100
34662586073022,09:37:42.586,8.9200,100
34662586073022,09:37:42.586,8.9200,100
34662586073022,09:37:42.586,8.9200,100
34664886514134,09:37:44.886,8.9200,100
34664886514134,09:37:44.886,8.9200,47
34664886525745,09:37:44.886,8.9200,53
34668826494960,09:37:48.826,8.9100,100
34668826494960,09:37:48.826,8.9100,100
34668826494960,09:37:48.826,8.9100,100
34668826494960,09:37:48.826,8.9100,1000
34674227276976,09:37:54.227,8.9200,100
34679662568890,09:37:59.662,8.9300,100
34679662568890,09:37:59.662,8.9300,100
34679662568890,09:37:59.662,8.9300,1500
34679662877008,09:37:59.662,8.9300,100
34679662877008,09:37:59.662,8.9300,100
34679662945195,09:37:59.662,8.9300,100
34679663063175,09:37:59.663,8.9300,100
34679663063175,09:37:59.663,8.9300,100
34679663063175,09:37:59.663,8.9300,200
34679663063175,09:37:59.663,8.9300,100
34679663063175,09:37:59.663,8.9300,100
34679663492588,09:37:59.663,8.9300,200
34679663620073,09:37:59.663,8.9300,100
34679666861709,09:37:59.666,8.9300,100
34679666861709,09:37:59.666,8.9300,100
34679666861709,09:37:59.666,8.9300,100
34679667150256,09:37:59.667,8.9300,100
34679667150256,09:37:59.667,8.9300,100
34679667150256,09:37:59.667,8.9300,3354
34679667180953,09:37:59.667,8.9300,100
34679667189121,09:37:59.667,8.9300,100
34679667807505,09:37:59.667,8.9300,100
34679672060688,09:37:59.672,8.9300,100
34679672060688,09:37:59.672,8.9300,100
34679672060688,09:37:59.672,8.9300,100
34679672060688,09:37:59.672,8.9300,500
34679672260127,09:37:59.672,8.9300,100
34679672260127,09:37:59.672,8.9300,100
34679672260127,09:37:59.672,8.9300,100
34679776362774,09:37:59.776,8.9300,100
34679776362774,09:37:59.776,8.9300,100
34679776362774,09:37:59.776,8.9300,100
34679776730887,09:37:59.776,8.9300,100
34679776730887,09:37:59.776,8.9300,100
34679776797060,09:37:59.776,8.9300,200
34679776907477,09:37:59.776,8.9300,100
34679776907477,09:37:59.776,8.9300,200
34679776907477,09:37:59.776,8.9300,100
34679777511485,09:37:59.777,8.9300,70
34684528913200,09:38:04.528,8.9300,100
34684528913200,09:38:04.528,8.9300,100
34721546632661,09:38:41.546,8.9500,100
34727853012848,09:38:47.853,8.9500,100
34727853012848,09:38:47.853,8.9500,100
34727853012848,09:38:47.853,8.9500,100
34727853012848,09:38:47.853,8.9500,100
34727853063264,09:38:47.853,8.9500,100
34727853063264,09:38:47.853,8.9500,100
34727853460524,09:38:47.853,8.9500,100
34728494435400,09:38:48.494,8.9400,100
34728494435400,09:38:48.494,8.9400,100
34728494435400,09:38:48.494,8.9400,100
34728494435400,09:38:48.494,8.9400,100
34728494435400,09:38:48.494,8.9400,100
34728521829013,09:38:48.521,8.9400,100
34728521829013,09:38:48.521,8.9400,100
34728521829013,09:38:48.521,8.9400,100
34728521829013,09:38:48.521,8.9400,1100
34728522468430,09:38:48.522,8.9400,100
34728522475353,09:38:48.522,8.9400,100
34741767886753,09:39:01.767,8.9600,100
34743061197041,09:39:03.061,8.9600,100
34743061197041,09:39:03.061,8.9600,100
34755809136095,09:39:15.809,8.9600,100
34755809136095,09:39:15.809,8.9600,200
34762682284627,09:39:22.682,8.9600,100
34762682284627,09:39:22.682,8.9600,100
34762682284627,09:39:22.682,8.9600,100
34762682284627,09:39:22.682,8.9600,100
34762682284627,09:39:22.682,8.9600,86
34762682327855,09:39:22.682,8.9600,14
34762682327855,09:39:22.682,8.9600,100
34766017984539,09:39:26.017,8.9600,100
34778641761755,09:39:38.641,8.9700,100
34778728420860,09:39:38.728,8.9700,100
34778728420860,09:39:38.728,8.9700,200
34778728421650,09:39:38.728,8.9700,100
34778728428211,09:39:38.728,8.9700,100
34778728721804,09:39:38.728,8.9700,100
34796122731960,09:39:56.122,8.9600,100
34831263522385,09:40:31.263,8.9700,100
34833730018038,09:40:33.730,8.9600,100
34833730018038,09:40:33.730,8.9600,100
34833730018038,09:40:33.730,8.9600,18
34833730030063,09:40:33.730,8.9600,82
34833730030063,09:40:33.730,8.9600,100
34833730118992,09:40:33.730,8.9600,100
34833730153451,09:40:33.730,8.9600,51
34833730154966,09:40:33.730,8.9600,49
34833730365587,09:40:33.730,8.9600,78
34840044154908,09:40:40.044,8.9600,100
34840044154908,09:40:40.044,8.9600,100
34840250989144,09:40:40.250,8.9600,40
34840250989144,09:40:40.250,8.9600,60
34851712561948,09:40:51.712,8.9500,100
34851712561948,09:40:51.712,8.9500,1000
34851712561948,09:40:51.712,8.9500,44
34854923189968,09:40:54.923,8.9400,100
34854923189968,09:40:54.923,8.9400,100
34854923189968,09:40:54.923,8.9400,200
34854923189968,09:40:54.923,8.9400,100
34859436558884,09:40:59.436,8.9300,100
34859436558884,09:40:59.436,8.9300,100
34864281649865,09:41:04.281,8.9300,100
34886050361774,09:41:26.050,8.9300,100
34886050361774,09:41:26.050,8.9300,72
34886050804339,09:41:26.050,8.9300,28
34886050804339,09:41:26.050,8.9300,12
34886050811338,09:41:26.050,8.9300,88
34886050811338,09:41:26.050,8.9300,200
34886050811338,09:41:26.050,8.9300,103
34886050822909,09:41:26.050,8.9300,592
34886050822909,09:41:26.050,8.9300,100
34886050822909,09:41:26.050,8.9300,100
34896668218105,09:41:36.668,8.9200,100
34896668218105,09:41:36.668,8.9200,600
34896668218105,09:41:36.668,8.9200,100
34896668218105,09:41:36.668,8.9200,100
34896668218105,09:41:36.668,8.9200,300
34896668624811,09:41:36.668,8.9100,100
34898599831018,09:41:38.599,8.9100,100
34898599831018,09:41:38.599,8.9100,100
34898599831018,09:41:38.599,8.9100,100
34904982264826,09:41:44.982,8.9000,100
34904982264826,09:41:44.982,8.9000,100
34904982264826,09:41:44.982,8.9000,400
34911328916976,09:41:51.328,8.8900,10
34911328916976,09:41:51.328,8.8900,100
34911328916976,09:41:51.328,8.8900,100
34911687134497,09:41:51.687,8.8900,100
34911687134497,09:41:51.687,8.8900,100
34911716573905,09:41:51.716,8.8900,100
34911716573905,09:41:51.716,8.8900,100
34911716573905,09:41:51.716,8.8900,100
34911716573905,09:41:51.716,8.8900,41
34911716573905,09:41:51.716,8.8900,100
34911716573905,09:41:51.716,8.8900,100
34911716573905,09:41:51.716,8.8900,49
34911716735608,09:41:51.716,8.8900,100
34925206822928,09:42:05.206,8.8800,100
34925206822928,09:42:05.206,8.8800,100
34925206822928,09:42:05.206,8.8800,100
34925206822928,09:42:05.206,8.8800,100
34934022174167,09:42:14.022,8.8700,5
34934022174167,09:42:14.022,8.8700,100
34934022174167,09:42:14.022,8.8700,100
34934022174167,09:42:14.022,8.8700,100
34944810663229,09:42:24.810,8.8700,100
34950168497456,09:42:30.168,8.8800,100
34950535955311,09:42:30.535,8.8850,200
34979603735625,09:42:59.603,8.8900,100
34989631086509,09:43:09.631,8.9000,100
34989631086509,09:43:09.631,8.9000,100
34989631086509,09:43:09.631,8.9000,200
34989682459323,09:43:09.682,8.9100,100
34989682459323,09:43:09.682,8.9100,100
34989682459323,09:43:09.682,8.9100,200
34989725147053,09:43:09.725,8.9150,300
34991435206461,09:43:11.435,8.9200,100
34991435206461,09:43:11.435,8.9200,100
34993617015523,09:43:13.617,8.9250,133
34993617044195,09:43:13.617,8.9250,367
34993617044195,09:43:13.617,8.9200,100
34993617044195,09:43:13.617,8.9200,100
34993617044195,09:43:13.617,8.9200,100
34993617366273,09:43:13.617,8.9200,100
34993617455041,09:43:13.617,8.9200,100
34993617472637,09:43:13.617,8.9200,48
34993617472637,09:43:13.617,8.9200,52
34993617800035,09:43:13.617,8.9200,100
34993617800035,09:43:13.617,8.9200,100
34993617800035,09:43:13.617,8.9200,100
34993617800035,09:43:13.617,8.9200,300
34993617800035,09:43:13.617,8.9200,100
34993617800035,09:43:13.617,8.9200,122
34993617800035,09:43:13.617,8.9200,100
34993617800035,09:43:13.617,8.9200,100
34993617800035,09:43:13.617,8.9200,100
34993617800035,09:43:13.617,8.9200,100
34993617800035,09:43:13.617,8.9200,100
34993617800035,09:43:13.617,8.9200,100
34993617800035,09:43:13.617,8.9200,100
34993618997945,09:43:13.618,8.9200,100
34993618997945,09:43:13.618,8.9200,100
34993618997945,09:43:13.618,8.9200,100
34993618997945,09:43:13.618,8.9200,200
34993618997945,09:43:13.618,8.9200,100
34993618997945,09:43:13.618,8.9200,100
34993667976993,09:43:13.667,8.9200,100
35004812887941,09:43:24.812,8.9200,100
35004812887941,09:43:24.812,8.9200,100
35004812915215,09:43:24.812,8.9200,100
35007810933380,09:43:27.810,8.9100,100
35007810933380,09:43:27.810,8.9100,100
35007811202655,09:43:27.811,8.9100,100
35007811202655,09:43:27.811,8.9100,100
35007879427946,09:43:27.879,8.9100,100
35012870388936,09:43:32.870,8.9100,100
35020060541021,09:43:40.060,8.9100,100
35020060541021,09:43:40.060,8.9100,100
35026054672136,09:43:46.054,8.9100,100
35029584676694,09:43:49.584,8.9200,100
35030025518412,09:43:50.025,8.9200,100
35030044747122,09:43:50.044,8.9200,100
35030044747122,09:43:50.044,8.9200,100
35030044747122,09:43:50.044,8.9200,100
35030044747122,09:43:50.044,8.9200,46
35030044747122,09:43:50.044,8.9200,100
35030044747122,09:43:50.044,8.9200,54
35030045110356,09:43:50.045,8.9200,46
35030782909249,09:43:50.782,8.9200,100
35030799782725,09:43:50.799,8.9200,100
35030799782725,09:43:50.799,8.9200,100
35030799782725,09:43:50.799,8.9200,100
35030799782725,09:43:50.799,8.9200,100
35042137907714,09:44:02.137,8.9200,100
35042137907714,09:44:02.137,8.9200,100
35042137907714,09:44:02.137,8.9200,100
35042877049443,09:44:02.877,8.9100,46
35042877066320,09:44:02.877,8.9100,54
35042877066320,09:44:02.877,8.9100,100
35042877066320,09:44:02.877,8.9100,46
35047811711715,09:44:07.811,8.9000,100
35053063980972,09:44:13.063,8.9000,100
35058015672856,09:44:18.015,8.9000,100
35058015672856,09:44:18.015,8.9000,100
35062797071661,09:44:22.797,8.9000,900
35062797282232,09:44:22.797,8.9000,15
35062797421047,09:44:22.797,8.9000,285
35077237503925,09:44:37.237,8.8950,100
35085184034817,09:44:45.184,8.8950,100
35085184034817,09:44:45.184,8.8900,100
35096224679680,09:44:56.224,8.9000,100
35096224679680,09:44:56.224,8.9000,400
35110236070210,09:45:10.236,8.9100,100
35121268852436,09:45:21.268,8.9100,100
35121269658527,09:45:21.269,8.9100,100
35125233318508,09:45:25.233,8.9100,1400
35131506034547,09:45:31.506,8.9200,100
35134697860369,09:45:34.697,8.9200,100
35143587737970,09:45:43.587,8.9200,100
35188703579117,09:46:28.703,8.9200,300
35203165587795,09:46:43.165,8.9200,178
35203165587795,09:46:43.165,8.9200,100
35204708719300,09:46:44.708,8.9100,100
35210348304723,09:46:50.348,8.9100,50
35210348330515,09:46:50.348,8.9100,50
35211130473702,09:46:51.130,8.9100,100
35211130473702,09:46:51.130,8.9100,100
35215050760340,09:46:55.050,8.9100,100
35232942783614,09:47:12.942,8.9300,100
35232942783614,09:47:12.942,8.9300,100
35235467066637,09:47:15.467,8.9200,1400
35238289704556,09:47:18.289,8.9200,100
35238289704556,09:47:18.289,8.9200,100
35238289704556,09:47:18.289,8.9200,400
35238289704556,09:47:18.289,8.9200,100
35238289704556,09:47:18.289,8.9200,100
35242750844009,09:47:22.750,8.9100,100
35244943604216,09:47:24.943,8.9100,122
35245266781568,09:47:25.266,8.9100,100
35253340590081,09:47:33.340,8.9100,1
35253340675312,09:47:33.340,8.9100,99
35255435940277,09:47:35.435,8.9000,100
35260337381340,09:47:40.337,8.9000,100
35260337381340,09:47:40.337,8.9000,100
35261382675024,09:47:41.382,8.9000,100
35261382675024,09:47:41.382,8.9000,100
35268921275176,09:47:48.921,8.9000,100
35268921275176,09:47:48.921,8.9000,100
35287229195500,09:48:07.229,8.8900,100
35287229195500,09:48:07.229,8.8900,100
35291226093829,09:48:11.226,8.8800,100
35291987767376,09:48:11.987,8.8800,100
35291987767376,09:48:11.987,8.8800,100
35298962810838,09:48:18.962,8.8700,100
35298962810838,09:48:18.962,8.8700,35
35298962848496,09:48:18.962,8.8700,14
35298962848496,09:48:18.962,8.8700,100
35304175562888,09:48:24.175,8.8700,100
35304948866858,09:48:24.948,8.8700,200
35304948866858,09:48:24.948,8.8700,100
35323371106884,09:48:43.371,8.8800,30
35323371106884,09:48:43.371,8.8800,100
35330659289582,09:48:50.659,8.8800,28
35358668536674,09:49:18.668,8.8900,100
35359605583926,09:49:19.605,8.8900,100
35453974788819,09:50:53.974,8.9100,100
35455236149629,09:50:55.236,8.9100,100
35455236149629,09:50:55.236,8.9100,100
35484879961983,09:51:24.879,8.9100,100
35484879961983,09:51:24.879,8.9100,900
35484879961983,09:51:24.879,8.9100,100
35485724525330,09:51:25.724,8.9000,100
35485724535383,09:51:25.724,8.9000,100
35485724562920,09:51:25.724,8.9000,301
35485724589599,09:51:25.724,8.9000,299
35485725018287,09:51:25.725,8.8900,50
35489385324751,09:51:29.385,8.9000,100
35494977476607,09:51:34.977,8.9000,100
35520516442096,09:52:00.516,8.9000,100
35520516442096,09:52:00.516,8.9000,300
35520516855639,09:52:00.516,8.9000,100
35540258933476,09:52:20.258,8.8900,100
35549997198718,09:52:29.997,8.8800,100
35550452649979,09:52:30.452,8.8800,100
35550452649979,09:52:30.452,8.8800,100
35564369900894,09:52:44.369,8.8800,100
35569103374662,09:52:49.103,8.8800,100
35569103374662,09:52:49.103,8.8800,78
35569103374662,09:52:49.103,8.8800,100
35569103374662,09:52:49.103,8.8800,100
35569105378722,09:52:49.105,8.8700,100
35569105378722,09:52:49.105,8.8700,100
35569105378722,09:52:49.105,8.8700,100
35569105378722,09:52:49.105,8.8700,100
35569105378722,09:52:49.105,8.8700,300
35574329169873,09:52:54.329,8.8700,100
35574329169873,09:52:54.329,8.8700,100
35574329169873,09:52:54.329,8.8700,100
35574329169873,09:52:54.329,8.8700,75
35574329169873,09:52:54.329,8.8700,100
35574329169873,09:52:54.329,8.8700,100
35574329169873,09:52:54.329,8.8700,100
35574329169873,09:52:54.329,8.8700,900
35574329169873,09:52:54.329,8.8700,200
35574329169873,09:52:54.329,8.8700,100
35574330756426,09:52:54.330,8.8700,100
35574330756426,09:52:54.330,8.8700,100
35574330756426,09:52:54.330,8.8700,100
35574331485719,09:52:54.331,8.8700,100
35574331485719,09:52:54.331,8.8700,257
35602310185302,09:53:22.310,8.8700,100
35602310185302,09:53:22.310,8.8700,100
35602310185302,09:53:22.310,8.8700,300
35641824620451,09:54:01.824,8.8900,100
35693232984365,09:54:53.232,8.8900,100
35723592040183,09:55:23.592,8.8900,100
35748282401693,09:55:48.282,8.8900,200
35748282401693,09:55:48.282,8.8900,100
35748282401693,09:55:48.282,8.8900,100
35748282401693,09:55:48.282,8.8900,48
35766720790963,09:56:06.720,8.8800,100
35766720790963,09:56:06.720,8.8800,1000
35806755093101,09:56:46.755,8.8800,100
35806755093101,09:56:46.755,8.8800,100
35807523484951,09:56:47.523,8.8800,100
35807523484951,09:56:47.523,8.8800,100
35807523484951,09:56:47.523,8.8800,100
35807523484951,09:56:47.523,8.8800,100
35807523484951,09:56:47.523,8.8800,100
35809114988138,09:56:49.114,8.8800,100
35995797175327,09:59:55.797,8.8700,100
35995797175327,09:59:55.797,8.8700,45
35995797175327,09:59:55.797,8.8700,100
35995797175327,09:59:55.797,8.8700,100
35995797175327,09:59:55.797,8.8700,55
35998222287573,09:59:58.222,8.8700,30
35998222460886,09:59:58.222,8.8700,100
36009491505907,10:00:09.491,8.8700,100
36009491505907,10:00:09.491,8.8700,100
36054876462152,10:00:54.876,8.8600,45
36054876462152,10:00:54.876,8.8600,100
36054876462152,10:00:54.876,8.8600,55
36054876557118,10:00:54.876,8.8600,45
36054876557118,10:00:54.876,8.8600,100
36054876557118,10:00:54.876,8.8600,58
36054876611240,10:00:54.876,8.8600,100
36067517856020,10:01:07.517,8.8600,100
36067517856020,10:01:07.517,8.8600,85
36067517924060,10:01:07.517,8.8600,115
36067517924060,10:01:07.517,8.8600,100
36067517924060,10:01:07.517,8.8600,100
36067517924060,10:01:07.517,8.8600,100
36067517948633,10:01:07.517,8.8600,85
36068072337718,10:01:08.072,8.8700,200
36068072337718,10:01:08.072,8.8700,100
36068072337718,10:01:08.072,8.8700,100
36068072337718,10:01:08.072,8.8700,156
36068072337718,10:01:08.072,8.8700,144
36092016266786,10:01:32.016,8.8700,200
36092016266786,10:01:32.016,8.8700,100
36092016266786,10:01:32.016,8.8700,100
36092016266786,10:01:32.016,8.8700,300
36092016266786,10:01:32.016,8.8700,127
36104299379500,10:01:44.299,8.8700,200
36104299379500,10:01:44.299,8.8700,2573
36180579670984,10:03:00.579,8.8700,100
36180579670984,10:03:00.579,8.8700,100
36180579670984,10:03:00.579,8.8700,206
36180579670984,10:03:00.579,8.8700,100
36180579670984,10:03:00.579,8.8700,94
36180579903441,10:03:00.579,8.8700,45
36180580617172,10:03:00.580,8.8700,200
36180580682995,10:03:00.580,8.8700,155
36180582852321,10:03:00.582,8.8700,100
36180582882961,10:03:00.582,8.8700,45
36180600172749,10:03:00.600,8.8700,55
36180600172749,10:03:00.600,8.8700,45
36180600413149,10:03:00.600,8.8700,100
36180600447029,10:03:00.600,8.8700,55
36239525394895,10:03:59.525,8.8800,100
36239525394895,10:03:59.525,8.8800,36
36239525394895,10:03:59.525,8.8800,100
36239525394895,10:03:59.525,8.8800,100
36239525394895,10:03:59.525,8.8800,100
36239525394895,10:03:59.525,8.8800,64
36239525427702,10:03:59.525,8.8800,36
36239525427702,10:03:59.525,8.8800,100
36239525427702,10:03:59.525,8.8800,500
36239525442032,10:03:59.525,8.8800,100
36312544517893,10:05:12.544,8.8850,100
36312544517893,10:05:12.544,8.8800,100
36312544517893,10:05:12.544,8.8800,136
36312544517893,10:05:12.544,8.8800,51
36312544517893,10:05:12.544,8.8800,200
36312544517893,10:05:12.544,8.8800,200
36312544517893,10:05:12.544,8.8800,200
36312544517893,10:05:12.544,8.8800,100
36312544517893,10:05:12.544,8.8800,100
36312544517893,10:05:12.544,8.8800,100
36312544517893,10:05:12.544,8.8800,100
36312544548693,10:05:12.544,8.8800,100
36312544548693,10:05:12.544,8.8800,300
36312544548693,10:05:12.544,8.8800,100
36312544668204,10:05:12.544,8.8800,190
36312544681908,10:05:12.544,8.8800,10
36312544710295,10:05:12.544,8.8800,100
36314954100951,10:05:14.954,8.8750,100
36314954100951,10:05:14.954,8.8750,100
36314954100951,10:05:14.954,8.8700,100
36314954100951,10:05:14.954,8.8700,100
36314954100951,10:05:14.954,8.8700,100
36314954100951,10:05:14.954,8.8700,100
36314954100951,10:05:14.954,8.8700,100
36316471876927,10:05:16.471,8.8700,100
36326872783715,10:05:26.872,8.8650,100
36326872783715,10:05:26.872,8.8700,1201
36326873842211,10:05:26.873,8.8700,100
36326873842211,10:05:26.873,8.8700,100
36326873842211,10:05:26.873,8.8700,41
36326873842211,10:05:26.873,8.8700,59
36326874282707,10:05:26.874,8.8700,41
36326874510590,10:05:26.874,8.8700,100
36326874510590,10:05:26.874,8.8700,1613
36332850819028,10:05:32.850,8.8700,100
36332850819028,10:05:32.850,8.8700,100
36332850819028,10:05:32.850,8.8700,100
36332850819028,10:05:32.850,8.8700,100
36333083619688,10:05:33.083,8.8650,39
36337036037193,10:05:37.036,8.8700,100
36337043935281,10:05:37.043,8.8700,100
36337043935281,10:05:37.043,8.8700,100
36337043935281,10:05:37.043,8.8700,100
36337043935281,10:05:37.043,8.8700,200
36337043935281,10:05:37.043,8.8700,400
36337043993892,10:05:37.043,8.8700,300
36337043993892,10:05:37.043,8.8700,100
36344116350482,10:05:44.116,8.8700,9
36374375327720,10:06:14.375,8.8700,91
36374375359954,10:06:14.375,8.8700,40
36374375359954,10:06:14.375,8.8700,9
36385460021946,10:06:25.460,8.8700,69
36385460021946,10:06:25.460,8.8700,100
36385460021946,10:06:25.460,8.8700,131
36385460125055,10:06:25.460,8.8700,100
36385460126561,10:06:25.460,8.8700,100
36385460283682,10:06:25.460,8.8700,69
36387361535384,10:06:27.361,8.8700,100
36387361535384,10:06:27.361,8.8700,800
36388661778241,10:06:28.661,8.8700,1600
36388661778241,10:06:28.661,8.8700,100
36388661778241,10:06:28.661,8.8700,100
36388661778241,10:06:28.661,8.8700,100
36388661778241,10:06:28.661,8.8700,200
36388661778241,10:06:28.661,8.8700,100
36388662548548,10:06:28.662,8.8700,100
36388662548548,10:06:28.662,8.8700,100
36394447054790,10:06:34.447,8.8700,200
36394447054790,10:06:34.447,8.8700,200
36394447054790,10:06:34.447,8.8700,14
36394447054790,10:06:34.447,8.8700,200
36394447054790,10:06:34.447,8.8700,500
36394447301923,10:06:34.447,8.8700,100
36394448381680,10:06:34.448,8.8700,300
36394448736289,10:06:34.448,8.8700,100
36394448811824,10:06:34.448,8.8700,100
36409266115159,10:06:49.266,8.8600,100
36437242223226,10:07:17.242,8.8600,100
36437242223226,10:07:17.242,8.8600,100
36446315068419,10:07:26.315,8.8500,100
36456149509538,10:07:36.149,8.8400,100
36459095694864,10:07:39.095,8.8400,100
36519501553693,10:08:39.501,8.8300,100
36519501553693,10:08:39.501,8.8300,100
36519651503920,10:08:39.651,8.8300,200
36519651662041,10:08:39.651,8.8300,100
36521315413647,10:08:41.315,8.8200,100
36523817787124,10:08:43.817,8.8250,100
36523817787124,10:08:43.817,8.8250,100
36523817787124,10:08:43.817,8.8300,2000
36523817787124,10:08:43.817,8.8300,100
36523817787124,10:08:43.817,8.8300,100
36523817787124,10:08:43.817,8.8300,100
36523817787124,10:08:43.817,8.8300,200
36523817787124,10:08:43.817,8.8300,100
36523817787124,10:08:43.817,8.8300,100
36523817818558,10:08:43.817,8.8300,100
36523817818558,10:08:43.817,8.8300,100
36536199658987,10:08:56.199,8.8400,100
36536199658987,10:08:56.199,8.8400,100
36536199658987,10:08:56.199,8.8400,100
36536199658987,10:08:56.199,8.8400,100
36536199658987,10:08:56.199,8.8400,100
36536199658987,10:08:56.199,8.8400,100
36554165199548,10:09:14.165,8.8400,100
36554165199548,10:09:14.165,8.8400,200
36554165316607,10:09:14.165,8.8400,100
36554165337113,10:09:14.165,8.8400,200
36554165522476,10:09:14.165,8.8400,100
36557809242955,10:09:17.809,8.8400,100
36579842137840,10:09:39.842,8.8500,300
36579842137840,10:09:39.842,8.8500,100
36579842182422,10:09:39.842,8.8500,100
36635705044421,10:10:35.705,8.8600,30
36635705044421,10:10:35.705,8.8600,39
36635705044421,10:10:35.705,8.8600,100
36635705044421,10:10:35.705,8.8600,23
36635705046181,10:10:35.705,8.8600,77
36668529613851,10:11:08.529,8.8700,100
36668529613851,10:11:08.529,8.8700,12
36668530339019,10:11:08.530,8.8700,88
36668530339019,10:11:08.530,8.8700,100
36668530339019,10:11:08.530,8.8700,200
36668530339019,10:11:08.530,8.8700,100
36669160164547,10:11:09.160,8.8700,200
36689020523386,10:11:29.020,8.8700,100
36689020523386,10:11:29.020,8.8700,200
36689020523386,10:11:29.020,8.8700,100
36696911362608,10:11:36.911,8.8800,100
36696911362608,10:11:36.911,8.8800,100
36696911362608,10:11:36.911,8.8800,100
36704785849394,10:11:44.785,8.8800,100
36704785876459,10:11:44.785,8.8800,100
36704785876459,10:11:44.785,8.8800,48
36704785876459,10:11:44.785,8.8800,100
36713431304683,10:11:53.431,8.8800,100
36713431304683,10:11:53.431,8.8800,100
36738560469124,10:12:18.560,8.8750,100
36799609296503,10:13:19.609,8.8800,35
36799609296503,10:13:19.609,8.8800,100
36799609296503,10:13:19.609,8.8800,100
36799609296503,10:13:19.609,8.8800,65
36817020697030,10:13:37.020,8.8800,100
36817021148711,10:13:37.021,8.8800,100
36858303165547,10:14:18.303,8.8700,100
36858303165547,10:14:18.303,8.8700,100
36859321479657,10:14:19.321,8.8700,1900
36859321479657,10:14:19.321,8.8700,100
36859321479657,10:14:19.321,8.8700,100
36859321479657,10:14:19.321,8.8700,200
36859321479657,10:14:19.321,8.8700,100
36904151086199,10:15:04.151,8.8700,100
36904151290541,10:15:04.151,8.8700,1600
36904151290541,10:15:04.151,8.8700,100
36904151290541,10:15:04.151,8.8700,100
36904151290541,10:15:04.151,8.8700,300
36904151290541,10:15:04.151,8.8700,100
36904151290541,10:15:04.151,8.8700,100
36904151290541,10:15:04.151,8.8700,100
36904151290541,10:15:04.151,8.8700,500
36904151290541,10:15:04.151,8.8700,100
36904151290541,10:15:04.151,8.8700,100
36904151290541,10:15:04.151,8.8700,100
36904151290541,10:15:04.151,8.8700,100
36904151290541,10:15:04.151,8.8700,100
36904151290541,10:15:04.151,8.8700,200
36928677389014,10:15:28.677,8.8700,500
36928677389014,10:15:28.677,8.8700,100
36928677389014,10:15:28.677,8.8700,100
36928677389014,10:15:28.677,8.8700,100
36928677711522,10:15:28.677,8.8700,100
36934182252174,10:15:34.182,8.8600,400
36934182252174,10:15:34.182,8.8600,100
36945143933153,10:15:45.143,8.8600,100
36945143933153,10:15:45.143,8.8600,200
36945143933153,10:15:45.143,8.8600,100
36945143933153,10:15:45.143,8.8600,100
36945143933153,10:15:45.143,8.8600,100
36945143933153,10:15:45.143,8.8600,100
36965779272520,10:16:05.779,8.8700,100
36965789469791,10:16:05.789,8.8700,35
36965789469791,10:16:05.789,8.8700,100
36967319247862,10:16:07.319,8.8700,100
36967319247862,10:16:07.319,8.8700,200
36967319247862,10:16:07.319,8.8700,100
36975298403442,10:16:15.298,8.8700,100
36975298403442,10:16:15.298,8.8700,100
36999340086788,10:16:39.340,8.8800,100
36999340086788,10:16:39.340,8.8800,100
36999340086788,10:16:39.340,8.8800,300
36999340086788,10:16:39.340,8.8800,100
36999340086788,10:16:39.340,8.8800,100
37047602945717,10:17:27.602,8.8900,100
37047602945717,10:17:27.602,8.8900,100
37047602945717,10:17:27.602,8.8900,100
37047602945717,10:17:27.602,8.8900,100
37047602945717,10:17:27.602,8.8900,100
37047603280277,10:17:27.603,8.8900,100
37047603280277,10:17:27.603,8.8900,200
37047603600694,10:17:27.603,8.8900,100
37047603600694,10:17:27.603,8.8900,300
37047603600694,10:17:27.603,8.8900,100
37047603600694,10:17:27.603,8.8900,100
37047603600694,10:17:27.603,8.8900,100
37047603600694,10:17:27.603,8.8900,300
37047603600694,10:17:27.603,8.8900,100
37047603600694,10:17:27.603,8.8900,200
37047603600694,10:17:27.603,8.8900,100
37047603600694,10:17:27.603,8.8900,264
37047603953119,10:17:27.603,8.8900,1636
37047603953119,10:17:27.603,8.8900,100
37047603953119,10:17:27.603,8.8900,100
37047603953119,10:17:27.603,8.8900,264
37047603982950,10:17:27.603,8.8900,236
37047603982950,10:17:27.603,8.8900,100
37047604324059,10:17:27.604,8.8900,38
37051851416167,10:17:31.851,8.8900,100
37051851416167,10:17:31.851,8.8900,264
37051851416167,10:17:31.851,8.8900,236
37051851416167,10:17:31.851,8.8900,38
37052665387872,10:17:32.665,8.8950,100
37052665387872,10:17:32.665,8.8900,200
37098791682635,10:18:18.791,8.8900,100
37169991323724,10:19:29.991,8.8900,100
37169991323724,10:19:29.991,8.8900,100
37169991323724,10:19:29.991,8.8900,100
37169991323724,10:19:29.991,8.8900,100
37169991535353,10:19:29.991,8.8900,100
37169991535353,10:19:29.991,8.8900,400
37169992197068,10:19:29.992,8.9000,200
37169992197068,10:19:29.992,8.9000,100
37169992197068,10:19:29.992,8.9000,100
37169992197068,10:19:29.992,8.9000,100
37169992197068,10:19:29.992,8.9000,100
37169992197068,10:19:29.992,8.9000,100
37169992197068,10:19:29.992,8.9000,700
37169992197068,10:19:29.992,8.9000,100
37169992197068,10:19:29.992,8.9000,100
37169992197068,10:19:29.992,8.9000,100
37169992197068,10:19:29.992,8.9000,600
37169992823885,10:19:29.992,8.9000,100
37169992868823,10:19:29.992,8.9000,100
37169992897265,10:19:29.992,8.9000,100
37169993076867,10:19:29.993,8.9000,200
37169993076867,10:19:29.993,8.9000,200
37169993076867,10:19:29.993,8.9000,100
37169993076867,10:19:29.993,8.9000,100
37169993076867,10:19:29.993,8.9000,100
37169993076867,10:19:29.993,8.9000,307
37169994207046,10:19:29.994,8.9000,100
37169994207046,10:19:29.994,8.9000,600
37169994207046,10:19:29.994,8.9000,100
37169994207046,10:19:29.994,8.9000,200
37169994207046,10:19:29.994,8.9000,100
37234037693263,10:20:34.037,8.9000,600
37234037693263,10:20:34.037,8.9000,40
37234037693263,10:20:34.037,8.9000,100
37234037693263,10:20:34.037,8.9000,100
37306241399175,10:21:46.241,8.9100,100
37335938747708,10:22:15.938,8.9100,200
37335938747708,10:22:15.938,8.9100,30
37335938747708,10:22:15.938,8.9100,100
37335938747708,10:22:15.938,8.9100,100
37335938747708,10:22:15.938,8.9100,100
37335938747708,10:22:15.938,8.9100,38
37335938747708,10:22:15.938,8.9100,100
37335938747708,10:22:15.938,8.9100,500
37337711923733,10:22:17.711,8.9150,100
37337711923733,10:22:17.711,8.9150,100
37351328131912,10:22:31.328,8.9200,100
37351328131912,10:22:31.328,8.9200,100
37351328131912,10:22:31.328,8.9200,200
37351328131912,10:22:31.328,8.9200,100
37351328131912,10:22:31.328,8.9200,100
37373854542670,10:22:53.854,8.9300,100
37373865814076,10:22:53.865,8.9300,100
37380741147606,10:23:00.741,8.9250,100
37380741147606,10:23:00.741,8.9200,1592
37380741847324,10:23:00.741,8.9200,100
37380741847324,10:23:00.741,8.9200,62
37380741909310,10:23:00.741,8.9200,38
37384870498336,10:23:04.870,8.9200,100
37384870498336,10:23:04.870,8.9200,700
37386588732726,10:23:06.588,8.9200,100
37389952946489,10:23:09.952,8.9200,100
37391709453151,10:23:11.709,8.9200,100
37391709453151,10:23:11.709,8.9200,200
37483388168087,10:24:43.388,8.9100,100
37508536782737,10:25:08.536,8.9050,100
37508536782737,10:25:08.536,8.9100,1700
37508536782737,10:25:08.536,8.9100,100
37508536782737,10:25:08.536,8.9100,200
37508536782737,10:25:08.536,8.9100,100
37508536782737,10:25:08.536,8.9100,100
37508536782737,10:25:08.536,8.9100,100
37508537562593,10:25:08.537,8.9100,100
37553145392255,10:25:53.145,8.9200,100
37553145392255,10:25:53.145,8.9200,100
37553145392255,10:25:53.145,8.9200,100
37553145392255,10:25:53.145,8.9200,39
37553145392255,10:25:53.145,8.9200,100
37617361970548,10:26:57.361,8.9300,100
37617362045488,10:26:57.362,8.9300,37
37617362045488,10:26:57.362,8.9300,100
37621658339437,10:27:01.658,8.9300,100
37622745274338,10:27:02.745,8.9250,100
37622745274338,10:27:02.745,8.9200,200
37631241912871,10:27:11.241,8.9200,100
37635146687846,10:27:15.146,8.9200,100
37693848268900,10:28:13.848,8.9300,100
37693848268900,10:28:13.848,8.9300,600
37693848268900,10:28:13.848,8.9300,100
37693848268900,10:28:13.848,8.9300,38
37741329543272,10:29:01.329,8.9400,100
37744101887395,10:29:04.101,8.9400,265
37745558194895,10:29:05.558,8.9400,100
37745558194895,10:29:05.558,8.9400,48
37775449103777,10:29:35.449,8.9450,100
37775449103777,10:29:35.449,8.9500,100
37775449103777,10:29:35.449,8.9500,100
37775454552880,10:29:35.454,8.9500,100
37775454552880,10:29:35.454,8.9500,100
37775454594236,10:29:35.454,8.9500,100
37776362877735,10:29:36.362,8.9500,100
37795348548602,10:29:55.348,8.9500,100
37795350250420,10:29:55.350,8.9500,100
37797419412377,10:29:57.419,8.9500,100
37850315451886,10:30:50.315,8.9600,40
37850315451886,10:30:50.315,8.9600,100
37850315451886,10:30:50.315,8.9600,100
37850315451886,10:30:50.315,8.9600,100
37850315671088,10:30:50.315,8.9600,800
37875925512311,10:31:15.925,8.9700,100
37875925512311,10:31:15.925,8.9700,100
37875925512311,10:31:15.925,8.9700,30
37877085505147,10:31:17.085,8.9800,100
37882970055543,10:31:22.970,8.9800,1800
37882970055543,10:31:22.970,8.9800,100
37882970055543,10:31:22.970,8.9800,200
37882970055543,10:31:22.970,8.9800,100
37882970055543,10:31:22.970,8.9800,100
37882970055543,10:31:22.970,8.9800,177
37882970101528,10:31:22.970,8.9800,230
37882970106198,10:31:22.970,8.9800,70
37882970106198,10:31:22.970,8.9800,46
37882970124231,10:31:22.970,8.9800,54
37907485620686,10:31:47.485,8.9750,100
37907485620686,10:31:47.485,8.9750,100
37907485620686,10:31:47.485,8.9700,1100
37907485651157,10:31:47.485,8.9700,5
37921251391927,10:32:01.251,8.9700,100
37921251391927,10:32:01.251,8.9700,100
37921251391927,10:32:01.251,8.9700,100
37921251397714,10:32:01.251,8.9700,300
37921251903749,10:32:01.251,8.9700,300
37921252633076,10:32:01.252,8.9700,100
37927376376724,10:32:07.376,8.9650,100
37943539886512,10:32:23.539,8.9650,183
37943539886512,10:32:23.539,8.9700,100
37943539886512,10:32:23.539,8.9700,100
37943539886512,10:32:23.539,8.9700,100
37943539886512,10:32:23.539,8.9700,40
37943539886512,10:32:23.539,8.9700,177
37943540409425,10:32:23.540,8.9700,23
37943540409425,10:32:23.540,8.9700,100
37943540409425,10:32:23.540,8.9700,100
37958238699532,10:32:38.238,8.9700,100
37958238699532,10:32:38.238,8.9700,100
38017896016024,10:33:37.896,8.9700,100
38017896016024,10:33:37.896,8.9700,100
38017896016024,10:33:37.896,8.9700,100
38018309959817,10:33:38.309,8.9700,1065
38018309959817,10:33:38.309,8.9700,100
38018309959817,10:33:38.309,8.9700,900
38018309959817,10:33:38.309,8.9700,100
38018309959817,10:33:38.309,8.9700,35
38018310005729,10:33:38.310,8.9700,65
38106987638113,10:35:06.987,8.9800,100
38106987638113,10:35:06.987,8.9800,25
38106987750479,10:35:06.987,8.9800,75
38106987750479,10:35:06.987,8.9800,38
38106987750479,10:35:06.987,8.9800,87
38106987779860,10:35:06.987,8.9800,13
38106987779860,10:35:06.987,8.9800,149
38106987779860,10:35:06.987,8.9800,100
38106987779860,10:35:06.987,8.9800,100
38106987781289,10:35:06.987,8.9800,362
38106988001800,10:35:06.988,8.9800,338
38151895482053,10:35:51.895,8.9900,100
38151895482053,10:35:51.895,8.9900,100
38151895482053,10:35:51.895,8.9900,100
38151896227854,10:35:51.896,8.9900,100
38151896227854,10:35:51.896,8.9900,100
38151896227854,10:35:51.896,8.9900,200
38151896227854,10:35:51.896,8.9900,200
38168731915627,10:36:08.731,8.9950,100
38168731915627,10:36:08.731,8.9950,200
38168731915627,10:36:08.731,8.9900,100
38168731915627,10:36:08.731,8.9900,300
38168731915627,10:36:08.731,8.9900,100
38168731915627,10:36:08.731,8.9900,300
38168731915627,10:36:08.731,8.9900,200
38168731915627,10:36:08.731,8.9900,100
38168731915627,10:36:08.731,8.9900,100
38168731915627,10:36:08.731,8.9900,100
38168731915627,10:36:08.731,8.9900,100
38168731915627,10:36:08.731,8.9900,200
38168731915627,10:36:08.731,8.9900,100
38168731915627,10:36:08.731,8.9900,100
38168731915627,10:36:08.731,8.9800,200
38168731915627,10:36:08.731,8.9800,100
38168731915627,10:36:08.731,8.9800,100
38168731915627,10:36:08.731,8.9800,200
38168731915627,10:36:08.731,8.9800,200
38168731915627,10:36:08.731,8.9800,100
38168731915627,10:36:08.731,8.9800,100
38168731915627,10:36:08.731,8.9800,100
38168731915627,10:36:08.731,8.9800,700
38168731915627,10:36:08.731,8.9800,100
38168731915627,10:36:08.731,8.9800,600
38168731915627,10:36:08.731,8.9700,100
38168731915627,10:36:08.731,8.9700,100
38168731915627,10:36:08.731,8.9700,200
38168731915627,10:36:08.731,8.9700,500
38168731915627,10:36:08.731,8.9700,100
38168731915627,10:36:08.731,8.9700,200
38168731915627,10:36:08.731,8.9700,900
38168731915627,10:36:08.731,8.9700,100
38168731915627,10:36:08.731,8.9700,100
38168731915627,10:36:08.731,8.9700,955
38168732080428,10:36:08.732,8.9900,1300
38168732080428,10:36:08.732,8.9900,1200
38168732082976,10:36:08.732,8.9900,100
38168732083650,10:36:08.732,8.9900,200
38168732623514,10:36:08.732,8.9800,100
38168732623514,10:36:08.732,8.9800,100
38168732655001,10:36:08.732,8.9800,100
38169783920300,10:36:09.783,8.9800,100
38169783920300,10:36:09.783,8.9800,47
38192661761247,10:36:32.661,8.9700,100
38192661761247,10:36:32.661,8.9700,100
38192661761247,10:36:32.661,8.9700,100
38192661855962,10:36:32.661,8.9700,100
38234782937970,10:37:14.782,8.9600,248
38234782979389,10:37:14.782,8.9600,352
38234782979389,10:37:14.782,8.9600,100
38250705290558,10:37:30.705,8.9500,53
38250705297235,10:37:30.705,8.9500,47
38250705297235,10:37:30.705,8.9500,100
38252065007476,10:37:32.065,8.9500,2000
38252065007476,10:37:32.065,8.9500,400
38252065007476,10:37:32.065,8.9500,300
38252065007476,10:37:32.065,8.9500,200
38252065007476,10:37:32.065,8.9500,100
38252065007476,10:37:32.065,8.9500,100
38252065007476,10:37:32.065,8.9500,39
38292671399451,10:38:12.671,8.9500,100
38292671399451,10:38:12.671,8.9500,100
38292671399451,10:38:12.671,8.9500,1000
38292671399451,10:38:12.671,8.9500,100
38292671399451,10:38:12.671,8.9500,100
38292671399451,10:38:12.671,8.9500,100
38292671399451,10:38:12.671,8.9500,100
38308770747018,10:38:28.770,8.9400,100
38310894524087,10:38:30.894,8.9400,100
38376068493888,10:39:36.068,8.9400,80
38376068929814,10:39:36.068,8.9400,20
38376068929814,10:39:36.068,8.9400,100
38376068929814,10:39:36.068,8.9400,100
38376068929814,10:39:36.068,8.9400,11
38376068940911,10:39:36.068,8.9400,89
38397690396403,10:39:57.690,8.9350,100
38408332321077,10:40:08.332,8.9400,100
38408332321077,10:40:08.332,8.9400,100
38408332321077,10:40:08.332,8.9400,20
38408332321077,10:40:08.332,8.9400,200
38408332321077,10:40:08.332,8.9400,100
38408332321077,10:40:08.332,8.9400,100
38408332321077,10:40:08.332,8.9400,100
38408332321077,10:40:08.332,8.9400,100
38408332321077,10:40:08.332,8.9400,100
38408332321077,10:40:08.332,8.9400,100
38408332321077,10:40:08.332,8.9400,100
38408332321077,10:40:08.332,8.9400,27
38408332321077,10:40:08.332,8.9400,100
38408332321077,10:40:08.332,8.9400,353
38408332373706,10:40:08.332,8.9400,57
38408332379346,10:40:08.332,8.9400,35
38408332695871,10:40:08.332,8.9400,100
38408332695871,10:40:08.332,8.9400,100
38408332695871,10:40:08.332,8.9400,100
38408332695871,10:40:08.332,8.9400,100
38408332695871,10:40:08.332,8.9400,100
38408332824567,10:40:08.332,8.9400,100
38408332914028,10:40:08.332,8.9400,100
38408332914028,10:40:08.332,8.9400,65
38408332927537,10:40:08.332,8.9400,35
38408332927537,10:40:08.332,8.9400,100
38408332927537,10:40:08.332,8.9400,65
38463442174555,10:41:03.442,8.9400,100
38463442174555,10:41:03.442,8.9400,100
38463442174555,10:41:03.442,8.9400,500
38463442174555,10:41:03.442,8.9400,20
38463964920247,10:41:03.964,8.9400,100
38463964920247,10:41:03.964,8.9400,100
38488450402946,10:41:28.450,8.9450,100
38656667387003,10:44:16.667,8.9500,100
38656667387003,10:44:16.667,8.9500,100
38656667387003,10:44:16.667,8.9500,100
38656667387003,10:44:16.667,8.9500,500
38656667387003,10:44:16.667,8.9500,100
38656667387003,10:44:16.667,8.9500,100
38656667387003,10:44:16.667,8.9500,100
38656667387003,10:44:16.667,8.9500,31
38656667387003,10:44:16.667,8.9500,69
38656667436737,10:44:16.667,8.9500,31
38656729980801,10:44:16.729,8.9500,100
38656729980801,10:44:16.729,8.9500,331
38656729980801,10:44:16.729,8.9500,100
38656729980801,10:44:16.729,8.9500,100
38656729980801,10:44:16.729,8.9500,100
38656729980801,10:44:16.729,8.9500,900
38656729980801,10:44:16.729,8.9500,100
38656729980801,10:44:16.729,8.9500,100
38656729980801,10:44:16.729,8.9500,300
38656787150278,10:44:16.787,8.9500,500
38656787150278,10:44:16.787,8.9500,100
38656787150278,10:44:16.787,8.9500,600
38656787150278,10:44:16.787,8.9500,200
38656787150278,10:44:16.787,8.9500,100
38656787150278,10:44:16.787,8.9500,300
38656787150278,10:44:16.787,8.9500,500
38656866782972,10:44:16.866,8.9500,200
38657019102317,10:44:17.019,8.9500,100
38657019102317,10:44:17.019,8.9500,400
38657019102317,10:44:17.019,8.9500,100
38657019102317,10:44:17.019,8.9500,200
38657019102317,10:44:17.019,8.9500,100
38657019102317,10:44:17.019,8.9500,200
38657019471117,10:44:17.019,8.9500,100
38701659501486,10:45:01.659,8.9500,400
38701659501486,10:45:01.659,8.9500,72
38701659540814,10:45:01.659,8.9600,472
38701660010404,10:45:01.660,8.9600,128
38701660498121,10:45:01.660,8.9600,300
38701660498121,10:45:01.660,8.9600,100
38701660498121,10:45:01.660,8.9600,200
38701660498121,10:45:01.660,8.9600,100
38701660498121,10:45:01.660,8.9600,100
38701660498121,10:45:01.660,8.9600,100
38701660498121,10:45:01.660,8.9600,100
38701660618801,10:45:01.660,8.9600,100
38820215503566,10:47:00.215,8.9600,100
38820215503566,10:47:00.215,8.9600,315
38820215503566,10:47:00.215,8.9600,100
38820215503566,10:47:00.215,8.9600,395
38820215591825,10:47:00.215,8.9600,805
38820215591825,10:47:00.215,8.9600,200
38820236653917,10:47:00.236,8.9600,200
38820236653917,10:47:00.236,8.9600,400
38820236653917,10:47:00.236,8.9600,100
38820236653917,10:47:00.236,8.9600,700
38820236653917,10:47:00.236,8.9600,100
38820236653917,10:47:00.236,8.9600,100
38820236653917,10:47:00.236,8.9600,100
38830876732750,10:47:10.876,8.9600,100
38830876817748,10:47:10.876,8.9600,100
38830877363022,10:47:10.877,8.9600,300
38830877363022,10:47:10.877,8.9600,100
38830877904150,10:47:10.877,8.9600,1600
38830877904150,10:47:10.877,8.9600,100
38830877904150,10:47:10.877,8.9600,100
38830877904150,10:47:10.877,8.9600,400
38830877904150,10:47:10.877,8.9600,283
38830877935747,10:47:10.877,8.9600,417
38830877935747,10:47:10.877,8.9600,100
38830877935747,10:47:10.877,8.9600,100
38830877935747,10:47:10.877,8.9600,700
38830877935747,10:47:10.877,8.9600,200
38830877935747,10:47:10.877,8.9600,180
38830877935747,10:47:10.877,8.9600,300
38830877935747,10:47:10.877,8.9600,100
38830877935747,10:47:10.877,8.9600,200
38831422144230,10:47:11.422,8.9600,100
38836116806615,10:47:16.116,8.9600,200
38836542827024,10:47:16.542,8.9600,30
38837639144138,10:47:17.639,8.9600,187
38837639144138,10:47:17.639,8.9600,13
38838307871106,10:47:18.307,8.9600,200
38839255842097,10:47:19.255,8.9600,70
38839255842097,10:47:19.255,8.9600,30
38839273994096,10:47:19.273,8.9600,70
38839273994096,10:47:19.273,8.9600,100
38839273994096,10:47:19.273,8.9600,30
38846826178449,10:47:26.826,8.9600,100
38847175559939,10:47:27.175,8.9600,50
38847175559939,10:47:27.175,8.9600,50
38847175628129,10:47:27.175,8.9600,50
38847180681181,10:47:27.180,8.9600,100
38847180681181,10:47:27.180,8.9600,300
38847180681181,10:47:27.180,8.9600,100
38847180889521,10:47:27.180,8.9600,50
38847181121210,10:47:27.181,8.9600,100
38847184051673,10:47:27.184,8.9600,50
38858083450979,10:47:38.083,8.9600,100
38892365317500,10:48:12.365,8.9600,100
39008193896526,10:50:08.193,8.9500,100
39008193896526,10:50:08.193,8.9500,100
39008194001515,10:50:08.194,8.9500,43
39008194001515,10:50:08.194,8.9500,4
39008194087562,10:50:08.194,8.9500,396
39041103150277,10:50:41.103,8.9400,300
39041103150277,10:50:41.103,8.9400,100
39041103150277,10:50:41.103,8.9400,115
39041103150277,10:50:41.103,8.9400,100
39041103150277,10:50:41.103,8.9400,85
39041218271706,10:50:41.218,8.9350,100
39041218271706,10:50:41.218,8.9400,300
39041218271706,10:50:41.218,8.9400,100
39041218723163,10:50:41.218,8.9400,100
39041218881934,10:50:41.218,8.9400,100
39146789814183,10:52:26.789,8.9500,100
39146789814183,10:52:26.789,8.9500,100
39146789814183,10:52:26.789,8.9500,100
39146789814183,10:52:26.789,8.9500,78
39146789814183,10:52:26.789,8.9500,100
39146789814183,10:52:26.789,8.9500,500
39146789814183,10:52:26.789,8.9500,100
39146789814183,10:52:26.789,8.9500,900
39146789814183,10:52:26.789,8.9500,30
39146789814183,10:52:26.789,8.9500,100
39146789814183,10:52:26.789,8.9500,200
39146789814183,10:52:26.789,8.9500,100
39194798513443,10:53:14.798,8.9500,100
39194798513443,10:53:14.798,8.9500,48
39194798513443,10:53:14.798,8.9500,52
39194798683030,10:53:14.798,8.9500,48
39194798683030,10:53:14.798,8.9500,400
39194798683030,10:53:14.798,8.9500,100
39194798698153,10:53:14.798,8.9500,548
39194798801792,10:53:14.798,8.9500,52
39194798829628,10:53:14.798,8.9500,100
39194798912799,10:53:14.798,8.9500,100
39260602865401,10:54:20.602,8.9500,100
39260602865401,10:54:20.602,8.9500,100
39260602865401,10:54:20.602,8.9500,100
39260602865401,10:54:20.602,8.9500,100
39260602865401,10:54:20.602,8.9500,100
39260602951300,10:54:20.602,8.9500,33
39333725611660,10:55:33.725,8.9600,400
39333725769707,10:55:33.725,8.9600,100
39333726209373,10:55:33.726,8.9600,100
39333726209373,10:55:33.726,8.9600,100
39333726209373,10:55:33.726,8.9600,100
39333726209373,10:55:33.726,8.9600,91
39333726223184,10:55:33.726,8.9600,409
39363767555158,10:56:03.767,8.9700,100
39371849742654,10:56:11.849,8.9700,100
39371849793380,10:56:11.849,8.9700,31
39454031019452,10:57:34.031,8.9750,100
39454031019452,10:57:34.031,8.9700,100
39454031019452,10:57:34.031,8.9700,300
39454031019452,10:57:34.031,8.9700,100
39454031019452,10:57:34.031,8.9700,100
39454031019452,10:57:34.031,8.9700,100
39454031019452,10:57:34.031,8.9700,100
39585205078143,10:59:45.205,8.9700,100
39585205078143,10:59:45.205,8.9700,35
39585205078143,10:59:45.205,8.9700,100
39663045307857,11:01:03.045,8.9800,100
39663045315977,11:01:03.045,8.9800,100
39663045453287,11:01:03.045,8.9800,300
39663045453287,11:01:03.045,8.9800,100
39663045453287,11:01:03.045,8.9800,170
39663045556631,11:01:03.045,8.9800,40
39663045610295,11:01:03.045,8.9800,90
39663045610295,11:01:03.045,8.9800,36
39663045610295,11:01:03.045,8.9800,69
39663045610295,11:01:03.045,8.9800,100
39696221259452,11:01:36.221,8.9900,100
39766301367867,11:02:46.301,8.9900,60
39766301419742,11:02:46.301,8.9900,40
39766301419742,11:02:46.301,8.9900,100
39766301419742,11:02:46.301,8.9900,300
39766301419742,11:02:46.301,8.9900,100
39766301419742,11:02:46.301,8.9900,50
39766301419742,11:02:46.301,8.9900,29
39766301419742,11:02:46.301,8.9900,100
39766301419742,11:02:46.301,8.9900,100
39766301419742,11:02:46.301,8.9900,100
39766301464434,11:02:46.301,8.9900,200
39766301464434,11:02:46.301,8.9900,129
39766301468305,11:02:46.301,8.9900,329
39766301469921,11:02:46.301,8.9900,142
39766302454032,11:02:46.302,9.0000,1
39766302458286,11:02:46.302,9.0000,1
39766302460329,11:02:46.302,9.0000,2
39766302462417,11:02:46.302,9.0000,1
39781540515858,11:03:01.540,9.0000,100
39781540515858,11:03:01.540,9.0000,200
39781540559167,11:03:01.540,9.0000,100
39781540559167,11:03:01.540,9.0000,100
39794668057287,11:03:14.668,9.0050,100
39794668057287,11:03:14.668,9.0100,100
39794668057287,11:03:14.668,9.0100,100
39794668057287,11:03:14.668,9.0100,100
39794668057287,11:03:14.668,9.0100,100
39794668057287,11:03:14.668,9.0100,300
39794668057287,11:03:14.668,9.0100,100
39794668057287,11:03:14.668,9.0100,100
39817628218643,11:03:37.628,9.0050,100
39830875310568,11:03:50.875,9.0050,100
39830875310568,11:03:50.875,9.0050,100
39830875310568,11:03:50.875,9.0050,41
39850745746943,11:04:10.745,9.0050,100
39850745746943,11:04:10.745,9.0000,100
39850745746943,11:04:10.745,9.0000,100
39850745746943,11:04:10.745,9.0000,1100
39850745746943,11:04:10.745,9.0000,300
39850745746943,11:04:10.745,9.0000,200
39850745746943,11:04:10.745,9.0000,100
39850745746943,11:04:10.745,9.0000,1400
39850745746943,11:04:10.745,9.0000,100
39850745746943,11:04:10.745,9.0000,100
39850745746943,11:04:10.745,9.0000,200
39850745746943,11:04:10.745,9.0000,200
39850745746943,11:04:10.745,9.0000,300
39850745779210,11:04:10.745,9.0000,100
39850746019240,11:04:10.746,9.0000,98
39885522064330,11:04:45.522,8.9950,100
39895540129060,11:04:55.540,8.9950,100
40156692979264,11:09:16.692,9.0000,300
40156692979264,11:09:16.692,9.0000,100
40156692979264,11:09:16.692,9.0000,100
40156692979264,11:09:16.692,9.0000,100
40156692979264,11:09:16.692,9.0000,100
40156692979264,11:09:16.692,9.0000,100
40156692979264,11:09:16.692,9.0000,100
40156692979264,11:09:16.692,9.0000,30
40156692979264,11:09:16.692,9.0000,37
40156692979264,11:09:16.692,9.0000,33
40156707278502,11:09:16.707,9.0000,37
40156707278502,11:09:16.707,9.0000,200
40156707278502,11:09:16.707,9.0000,100
40156707278502,11:09:16.707,9.0000,263
40156715381114,11:09:16.715,9.0000,137
40156715381114,11:09:16.715,9.0000,63
40225505259488,11:10:25.505,8.9950,100
40225505259488,11:10:25.505,9.0000,200
40225505259488,11:10:25.505,9.0000,300
40225505259488,11:10:25.505,9.0000,200
40225505259488,11:10:25.505,9.0000,100
40225505259488,11:10:25.505,9.0000,600
40225505259488,11:10:25.505,9.0000,100
40225505259488,11:10:25.505,9.0000,100
40225505259488,11:10:25.505,9.0000,500
40225505259488,11:10:25.505,9.0000,100
40225505259488,11:10:25.505,9.0000,100
40225505259488,11:10:25.505,9.0000,100
40225505259488,11:10:25.505,9.0000,200
40225505259488,11:10:25.505,9.0000,100
40225505259488,11:10:25.505,9.0000,35
40225505259488,11:10:25.505,9.0000,100
40225513269636,11:10:25.513,9.0050,100
40226366504066,11:10:26.366,9.0000,200
40248574663214,11:10:48.574,9.0050,200
40248574663214,11:10:48.574,9.0000,100
40248574663214,11:10:48.574,9.0000,200
40248574663214,11:10:48.574,9.0000,300
40248574663214,11:10:48.574,9.0000,100
40248574663214,11:10:48.574,9.0000,100
40255744921703,11:10:55.744,9.0050,100
40255744921703,11:10:55.744,9.0000,1400
40255744921703,11:10:55.744,9.0000,100
40255744921703,11:10:55.744,9.0000,100
40261403184739,11:11:01.403,9.0050,200
40261403184739,11:11:01.403,9.0000,100
40261403184739,11:11:01.403,9.0000,900
40261403184739,11:11:01.403,9.0000,400
40261403184739,11:11:01.403,9.0000,102
40261403184739,11:11:01.403,9.0000,298
40261403217751,11:11:01.403,9.0000,102
40261403217751,11:11:01.403,9.0000,100
40261994796756,11:11:01.994,8.9950,100
40298952078693,11:11:38.952,8.9950,100
40298952739787,11:11:38.952,8.9950,100
40302585712451,11:11:42.585,8.9950,100
40302585712451,11:11:42.585,8.9900,5
40302585739283,11:11:42.585,8.9900,95
40302585739283,11:11:42.585,8.9900,100
40302585739283,11:11:42.585,8.9900,100
40302585739283,11:11:42.585,8.9900,100
40302585739283,11:11:42.585,8.9900,100
40302585739283,11:11:42.585,8.9900,100
40302585739283,11:11:42.585,8.9900,100
40302585919323,11:11:42.585,8.9900,100
40302586355775,11:11:42.586,8.9900,100
40302586355775,11:11:42.586,8.9900,45
40302586375367,11:11:42.586,8.9900,78
40303306953269,11:11:43.306,8.9950,100
40379457138049,11:12:59.457,8.9950,3
40381503185824,11:13:01.503,8.9950,100
40441762749152,11:14:01.762,8.9950,100
40457301322898,11:14:17.301,8.9950,100
40493935225380,11:14:53.935,8.9950,100
40500299708721,11:15:00.299,8.9950,200
40502992764063,11:15:02.992,8.9950,100
40511856986115,11:15:11.856,8.9950,100
40532204853248,11:15:32.204,8.9900,100
40534732069555,11:15:34.732,8.9900,177
40534732069555,11:15:34.732,8.9900,100
40534732069555,11:15:34.732,8.9900,1200
40534732069555,11:15:34.732,8.9900,423
40534735078566,11:15:34.735,8.9900,77
40534735078566,11:15:34.735,8.9900,44
40534735102021,11:15:34.735,8.9900,556
40548627132982,11:15:48.627,8.9800,61
40552840250088,11:15:52.840,8.9850,100
40552840250088,11:15:52.840,8.9800,108
40552840250088,11:15:52.840,8.9800,200
40552840250088,11:15:52.840,8.9800,166
40552840250088,11:15:52.840,8.9800,200
40552840250088,11:15:52.840,8.9800,100
40552840250088,11:15:52.840,8.9800,26
40691688017979,11:18:11.688,8.9850,100
40740927273270,11:19:00.927,8.9850,100
40766745308664,11:19:26.745,8.9850,100
40766745308664,11:19:26.745,8.9800,253
40766745308664,11:19:26.745,8.9800,400
40766745308664,11:19:26.745,8.9800,100
40766745308664,11:19:26.745,8.9800,100
40766745308664,11:19:26.745,8.9800,45
40766745308664,11:19:26.745,8.9800,700
40766745308664,11:19:26.745,8.9800,102
40766745533449,11:19:26.745,8.9800,517
40766745563337,11:19:26.745,8.9800,81
40766748269114,11:19:26.748,8.9800,100
40766748269114,11:19:26.748,8.9800,400
40766748269114,11:19:26.748,8.9800,609
40766748277426,11:19:26.748,8.9800,291
40766748277426,11:19:26.748,8.9800,300
40766748277426,11:19:26.748,8.9800,287
40766748288646,11:19:26.748,8.9800,713
40766748288646,11:19:26.748,8.9800,100
40766748288646,11:19:26.748,8.9800,66
40766748311000,11:19:26.748,8.9800,334
40766748311000,11:19:26.748,8.9800,300
40766748311000,11:19:26.748,8.9800,200
40766748311000,11:19:26.748,8.9800,200
40766748311000,11:19:26.748,8.9800,1000
40766748311000,11:19:26.748,8.9800,200
40784106923960,11:19:44.106,8.9850,100
40810953468975,11:20:10.953,8.9900,100
40810953468975,11:20:10.953,8.9900,100
40810953468975,11:20:10.953,8.9900,100
40810953468975,11:20:10.953,8.9900,78
40810953468975,11:20:10.953,8.9900,200
40810953468975,11:20:10.953,8.9900,100
40810953468975,11:20:10.953,8.9900,100
40810953468975,11:20:10.953,8.9900,100
40810953468975,11:20:10.953,8.9900,700
40810953468975,11:20:10.953,8.9900,100
40810953468975,11:20:10.953,8.9900,300
40810953468975,11:20:10.953,8.9900,600
40810953468975,11:20:10.953,8.9900,22
40810953979835,11:20:10.953,8.9900,18
40810953979835,11:20:10.953,8.9900,100
40810953979835,11:20:10.953,8.9900,800
40810954009615,11:20:10.954,8.9900,100
40818482395469,11:20:18.482,8.9950,100
40882318241031,11:21:22.318,8.9900,96
40882318360442,11:21:22.318,8.9950,300
40882318360442,11:21:22.318,8.9900,4
40882318360442,11:21:22.318,8.9900,200
40882318360442,11:21:22.318,8.9900,100
40882318360442,11:21:22.318,8.9900,568
40882318361903,11:21:22.318,8.9900,432
40882318361903,11:21:22.318,8.9900,38
40882318769177,11:21:22.318,8.9900,87
40882318772807,11:21:22.318,8.9900,14
40882319231935,11:21:22.319,8.9900,14
40908802675182,11:21:48.802,8.9950,100
40908802675182,11:21:48.802,8.9950,100
40908802675182,11:21:48.802,9.0000,100
40908802675182,11:21:48.802,9.0000,202
40908802675182,11:21:48.802,9.0000,200
40908802675182,11:21:48.802,9.0000,100
40908802675182,11:21:48.802,9.0000,100
40908802675182,11:21:48.802,9.0000,200
40908802675182,11:21:48.802,9.0000,470
40908802675182,11:21:48.802,9.0000,100
40908802675182,11:21:48.802,9.0000,100
40908802675182,11:21:48.802,9.0000,200
40908802675182,11:21:48.802,9.0000,100
40908802675182,11:21:48.802,9.0000,700
40908802675182,11:21:48.802,9.0000,200
40908802675182,11:21:48.802,9.0000,100
40908802675182,11:21:48.802,9.0000,82
40908802675182,11:21:48.802,9.0000,500
40909888719214,11:21:49.888,9.0050,100
40909891475704,11:21:49.891,9.0050,100
40963249281059,11:22:43.249,9.0000,12
40976151344167,11:22:56.151,9.0000,200
40976151344167,11:22:56.151,9.0000,100
40976151344167,11:22:56.151,9.0000,847
40976151344167,11:22:56.151,9.0000,100
40976151344167,11:22:56.151,9.0000,100
40976151344167,11:22:56.151,9.0000,100
40976151344167,11:22:56.151,9.0000,100
40976151344167,11:22:56.151,9.0000,500
40976151344167,11:22:56.151,9.0000,53
40976151868504,11:22:56.151,9.0000,47
40976151869169,11:22:56.151,9.0000,47
40976151925481,11:22:56.151,9.0000,4
40976913263583,11:22:56.913,8.9900,100
40976913263583,11:22:56.913,8.9900,200
40976913263583,11:22:56.913,8.9900,900
40976913263583,11:22:56.913,8.9900,400
40976913291405,11:22:56.913,8.9900,1
40977131625568,11:22:57.131,8.9900,100
41008639337941,11:23:28.639,8.9800,400
41008639337941,11:23:28.639,8.9800,100
41008639337941,11:23:28.639,8.9800,277
41008639337941,11:23:28.639,8.9800,100
41008639337941,11:23:28.639,8.9800,23
41008639385315,11:23:28.639,8.9800,1
41013371106945,11:23:33.371,8.9800,500
41013371106945,11:23:33.371,8.9800,100
41013371106945,11:23:33.371,8.9800,100
41013371744883,11:23:33.371,8.9800,100
41013371744883,11:23:33.371,8.9800,380
41013371744883,11:23:33.371,8.9800,100
41013371744883,11:23:33.371,8.9800,917
41046417700313,11:24:06.417,8.9900,100
41046417700313,11:24:06.417,8.9900,100
41046417700313,11:24:06.417,8.9900,300
41046417700313,11:24:06.417,8.9900,400
41046417700313,11:24:06.417,8.9900,30
41046417700313,11:24:06.417,8.9900,350
41046417700313,11:24:06.417,8.9900,20
41046417893188,11:24:06.417,8.9900,22
41103658079413,11:25:03.658,8.9950,200
41103658079413,11:25:03.658,8.9900,100
41193405100109,11:26:33.405,8.9950,100
41203905351607,11:26:43.905,9.0000,1900
41203905351607,11:26:43.905,9.0000,100
41203905351607,11:26:43.905,9.0000,200
41203905351607,11:26:43.905,9.0000,100
41203905351607,11:26:43.905,9.0000,100
41203905351607,11:26:43.905,9.0000,100
41203905351607,11:26:43.905,9.0000,43
41203905351607,11:26:43.905,9.0000,100
41203905351607,11:26:43.905,9.0000,400
41208833997975,11:26:48.833,9.0050,100
41210505998903,11:26:50.505,9.0050,100
41211006993062,11:26:51.006,9.0050,100
41298046851463,11:28:18.046,9.0000,100
41298046851463,11:28:18.046,9.0000,76
41298046851463,11:28:18.046,9.0000,100
41298046851463,11:28:18.046,9.0000,100
41298046851463,11:28:18.046,9.0000,100
41298046851463,11:28:18.046,9.0000,24
41298046882574,11:28:18.046,9.0000,1
41298046899793,11:28:18.046,9.0000,175
41298046899793,11:28:18.046,9.0000,100
41298046899793,11:28:18.046,9.0000,100
41298046899793,11:28:18.046,9.0000,200
41298046899793,11:28:18.046,9.0000,383
41298046910076,11:28:18.046,9.0000,717
41388791240710,11:29:48.791,8.9900,200
41397304107418,11:29:57.304,8.9900,300
41397304107418,11:29:57.304,8.9900,100
41397304107418,11:29:57.304,8.9900,100
41397304107418,11:29:57.304,8.9900,100
41397304107418,11:29:57.304,8.9900,100
41397304271779,11:29:57.304,8.9900,1
41397308820148,11:29:57.308,8.9900,399
41397308820148,11:29:57.308,8.9900,100
41397308820148,11:29:57.308,8.9900,201
41459269675266,11:30:59.269,8.9900,500
41459269675266,11:30:59.269,8.9900,300
41459269675266,11:30:59.269,8.9900,42
41459269675266,11:30:59.269,8.9900,500
41459269675266,11:30:59.269,8.9900,58
41459269717655,11:30:59.269,8.9900,42
41610231853906,11:33:30.231,9.0000,54
41939233491275,11:38:59.233,8.9900,100
41939233491275,11:38:59.233,8.9900,100
41939233491275,11:38:59.233,8.9900,200
41939233491275,11:38:59.233,8.9900,100
41939233491275,11:38:59.233,8.9900,45
41939233491275,11:38:59.233,8.9900,300
41939233491275,11:38:59.233,8.9900,100
41939233491275,11:38:59.233,8.9900,100
41939233491275,11:38:59.233,8.9900,1000
41939233491275,11:38:59.233,8.9900,1600
41939233491275,11:38:59.233,8.9900,600
41939233491275,11:38:59.233,8.9900,100
41939233491275,11:38:59.233,8.9900,1300
41939233491275,11:38:59.233,8.9800,100
41939233491275,11:38:59.233,8.9800,100
41939233491275,11:38:59.233,8.9800,200
41939233491275,11:38:59.233,8.9800,100
41939233491275,11:38:59.233,8.9800,100
41939233491275,11:38:59.233,8.9800,200
41939233491275,11:38:59.233,8.9800,100
41939233491275,11:38:59.233,8.9800,200
41939233491275,11:38:59.233,8.9800,300
41939233491275,11:38:59.233,8.9800,100
41939233651813,11:38:59.233,8.9900,200
41939233656532,11:38:59.233,8.9900,700
41939233656532,11:38:59.233,8.9900,1200
41939233656532,11:38:59.233,8.9900,600
41939233657786,11:38:59.233,8.9900,100
41939233845059,11:38:59.233,8.9900,200
41939233855607,11:38:59.233,8.9900,100
41939233855607,11:38:59.233,8.9900,100
41939233886179,11:38:59.233,8.9900,200
41939233886760,11:38:59.233,8.9900,100
41939233893271,11:38:59.233,8.9900,100
41939233894521,11:38:59.233,8.9900,55
41939233912670,11:38:59.233,8.9900,200
41939233934175,11:38:59.233,8.9900,300
41939233948685,11:38:59.233,8.9900,400
41939233959689,11:38:59.233,8.9900,286
41939233989493,11:38:59.233,8.9900,2345
41939234023614,11:38:59.234,8.9900,100
41939234042423,11:38:59.234,8.9900,100
41966915334642,11:39:26.915,8.9900,100
41966915334642,11:39:26.915,8.9900,51
41979778802455,11:39:39.778,8.9900,149
41979778802455,11:39:39.778,8.9900,200
41979778802455,11:39:39.778,8.9900,100
41979778802455,11:39:39.778,8.9900,100
41979778802455,11:39:39.778,8.9900,100
41979778802455,11:39:39.778,8.9900,100
41979778802455,11:39:39.778,8.9900,600
41979778802455,11:39:39.778,8.9900,100
41979778802455,11:39:39.778,8.9900,100
41979778802455,11:39:39.778,8.9900,200
41979778802455,11:39:39.778,8.9900,100
41979778802455,11:39:39.778,8.9900,106
41979778802455,11:39:39.778,8.9900,500
42033616774939,11:40:33.616,9.0000,100
42033616774939,11:40:33.616,9.0000,200
42033616774939,11:40:33.616,9.0000,1120
42033616774939,11:40:33.616,9.0000,100
42033616774939,11:40:33.616,9.0000,100
42033616774939,11:40:33.616,9.0000,1300
42033616774939,11:40:33.616,9.0000,100
42033616774939,11:40:33.616,9.0000,44
42033616774939,11:40:33.616,9.0000,200
42033616774939,11:40:33.616,9.0000,100
42034181480920,11:40:34.181,9.0050,200
42055242268082,11:40:55.242,9.0050,100
42118166487815,11:41:58.166,9.0100,100
42118166487815,11:41:58.166,9.0100,100
42118166487815,11:41:58.166,9.0100,400
42118166487815,11:41:58.166,9.0100,100
42118166487815,11:41:58.166,9.0100,100
42118166487815,11:41:58.166,9.0100,100
42118166487815,11:41:58.166,9.0100,100
42118166487815,11:41:58.166,9.0100,100
42118166487815,11:41:58.166,9.0100,100
42118166487815,11:41:58.166,9.0100,100
42118166487815,11:41:58.166,9.0100,100
42139345454926,11:42:19.345,9.0200,100
42139345454926,11:42:19.345,9.0200,100
42139345454926,11:42:19.345,9.0200,100
42139345454926,11:42:19.345,9.0200,100
42139345454926,11:42:19.345,9.0200,100
42139345454926,11:42:19.345,9.0200,45
42139345454926,11:42:19.345,9.0200,100
42139345454926,11:42:19.345,9.0200,100
42147191896599,11:42:27.191,9.0250,100
42147191896599,11:42:27.191,9.0200,100
42147191896599,11:42:27.191,9.0200,600
42147191896599,11:42:27.191,9.0200,600
42147191896599,11:42:27.191,9.0200,600
42147191896599,11:42:27.191,9.0200,121
42147191896599,11:42:27.191,9.0200,1600
42147191896599,11:42:27.191,9.0200,400
42147191896599,11:42:27.191,9.0200,500
42147191896599,11:42:27.191,9.0200,100
42147191896599,11:42:27.191,9.0200,100
42147191896599,11:42:27.191,9.0200,100
42147191896599,11:42:27.191,9.0200,100
42147192016019,11:42:27.192,9.0200,100
42147192696640,11:42:27.192,9.0200,52
42147242383123,11:42:27.242,9.0200,48
42147242383123,11:42:27.242,9.0200,100
42147242489250,11:42:27.242,9.0200,100
42147242640530,11:42:27.242,9.0200,100
42147242746030,11:42:27.242,9.0200,100
42147242746030,11:42:27.242,9.0200,300
42147242746030,11:42:27.242,9.0200,1600
42147242746030,11:42:27.242,9.0200,200
42147242746030,11:42:27.242,9.0200,200
42147242746030,11:42:27.242,9.0200,500
42147242746030,11:42:27.242,9.0200,100
42147242746030,11:42:27.242,9.0200,100
42147242746030,11:42:27.242,9.0200,1000
42147242746030,11:42:27.242,9.0200,100
42147242746030,11:42:27.242,9.0200,100
42147242746030,11:42:27.242,9.0200,500
42147242746030,11:42:27.242,9.0200,722
42147242746030,11:42:27.242,9.0200,100
42147242746030,11:42:27.242,9.0200,200
42147242963147,11:42:27.242,9.0200,100
42147242963147,11:42:27.242,9.0200,278
42147242992011,11:42:27.242,9.0200,222
42292702449917,11:44:52.702,9.0150,100
42293706235950,11:44:53.706,9.0150,100
42294703744394,11:44:54.703,9.0150,100
42320293840837,11:45:20.293,9.0100,100
42363826655555,11:46:03.826,9.0150,100
42363826655555,11:46:03.826,9.0200,100
42363826655555,11:46:03.826,9.0200,500
42363826655555,11:46:03.826,9.0200,79
42363826655555,11:46:03.826,9.0200,100
42363826655555,11:46:03.826,9.0200,100
42363826655555,11:46:03.826,9.0200,100
42363826655555,11:46:03.826,9.0200,100
42363826655555,11:46:03.826,9.0200,100
42363826655555,11:46:03.826,9.0200,41
42363826870984,11:46:03.826,9.0200,100
42368095009070,11:46:08.095,9.0250,100
42368095010431,11:46:08.095,9.0250,100
42396414678403,11:46:36.414,9.0250,100
42409771713205,11:46:49.771,9.0300,600
42409771713205,11:46:49.771,9.0300,100
42409771713205,11:46:49.771,9.0300,100
42409771713205,11:46:49.771,9.0300,100
42410630200303,11:46:50.630,9.0300,100
42487613824409,11:48:07.613,9.0300,56
42514367961115,11:48:34.367,9.0300,44
42514367961115,11:48:34.367,9.0300,30
42514367961115,11:48:34.367,9.0300,100
42514367961115,11:48:34.367,9.0300,100
42514367961115,11:48:34.367,9.0300,100
42514367961115,11:48:34.367,9.0300,100
42514367961115,11:48:34.367,9.0300,100
42514367961115,11:48:34.367,9.0300,43
42514367961115,11:48:34.367,9.0300,283
42514368162943,11:48:34.368,9.0300,647
42515479796693,11:48:35.479,9.0350,3
42515480811128,11:48:35.480,9.0350,3
42605585691813,11:50:05.585,9.0350,200
42605585691813,11:50:05.585,9.0300,100
42641202015758,11:50:41.202,9.0350,100
42890507087320,11:54:50.507,9.0350,200
42890507087320,11:54:50.507,9.0300,500
42935010331172,11:55:35.010,9.0400,100
42935010331172,11:55:35.010,9.0400,100
42935010331172,11:55:35.010,9.0400,100
42935011243047,11:55:35.011,9.0400,100
42935011243047,11:55:35.011,9.0400,100
42935011243047,11:55:35.011,9.0400,100
42935011243047,11:55:35.011,9.0400,200
42935011243047,11:55:35.011,9.0400,200
42935011243047,11:55:35.011,9.0400,100
42935011243047,11:55:35.011,9.0400,100
42935011243047,11:55:35.011,9.0400,100
42935011243047,11:55:35.011,9.0400,44
42935011243047,11:55:35.011,9.0400,100
42935011243047,11:55:35.011,9.0400,100
42935011243047,11:55:35.011,9.0400,100
42935011243047,11:55:35.011,9.0400,56
42935011295571,11:55:35.011,9.0400,44
42936544322959,11:55:36.544,9.0400,100
42966149955387,11:56:06.149,9.0350,100
42995117117175,11:56:35.117,9.0400,200
42995117117175,11:56:35.117,9.0400,100
42995117526106,11:56:35.117,9.0400,200
42995117526106,11:56:35.117,9.0400,73
42995117526106,11:56:35.117,9.0400,44
42995117526106,11:56:35.117,9.0400,83
42995117555789,11:56:35.117,9.0400,17
43011548410788,11:56:51.548,9.0400,100
43011548410788,11:56:51.548,9.0400,100
43011548410788,11:56:51.548,9.0400,100
43011548410788,11:56:51.548,9.0400,100
43012299837725,11:56:52.299,9.0400,100
43015075744979,11:56:55.075,9.0400,100
43016004573391,11:56:56.004,9.0400,100
43016005283907,11:56:56.005,9.0400,100
43016005283907,11:56:56.005,9.0400,88
43016101256247,11:56:56.101,9.0400,100
43017823938136,11:56:57.823,9.0400,200
43020005720727,11:57:00.005,9.0400,100
43025004463251,11:57:05.004,9.0400,100
43026546244599,11:57:06.546,9.0300,100
43026546244599,11:57:06.546,9.0300,18
43060297335589,11:57:40.297,9.0300,92
43064814749730,11:57:44.814,9.0350,200
43064814749730,11:57:44.814,9.0350,200
43064814749730,11:57:44.814,9.0350,100
43064814749730,11:57:44.814,9.0400,1600
43064814749730,11:57:44.814,9.0400,100
43064814749730,11:57:44.814,9.0400,100
43064814749730,11:57:44.814,9.0400,100
43064814749730,11:57:44.814,9.0400,100
43064814749730,11:57:44.814,9.0400,100
43064814749730,11:57:44.814,9.0400,600
43064814749730,11:57:44.814,9.0400,100
43064826083379,11:57:44.826,9.0400,100
43064826083379,11:57:44.826,9.0400,107
43064826083379,11:57:44.826,9.0400,100
43064826083379,11:57:44.826,9.0400,400
43064826083379,11:57:44.826,9.0400,93
43064826563624,11:57:44.826,9.0400,7
43064826563624,11:57:44.826,9.0400,200
43145418122665,11:59:05.418,9.0400,100
43145418122665,11:59:05.418,9.0400,200
43145418122665,11:59:05.418,9.0400,44
43145418122665,11:59:05.418,9.0400,100
43145418122665,11:59:05.418,9.0400,100
43145418122665,11:59:05.418,9.0400,100
43145418122665,11:59:05.418,9.0400,56
43145418626449,11:59:05.418,9.0400,44
43145418626449,11:59:05.418,9.0400,141
43175943035925,11:59:35.943,9.0450,200
43175943035925,11:59:35.943,9.0400,100
43175943035925,11:59:35.943,9.0400,300
43204007991006,12:00:04.007,9.0500,100
43204007991006,12:00:04.007,9.0500,100
43204007991006,12:00:04.007,9.0500,600
43204007991006,12:00:04.007,9.0500,200
43204007991006,12:00:04.007,9.0500,100
43204007991006,12:00:04.007,9.0500,200
43204007991006,12:00:04.007,9.0500,100
43204007991006,12:00:04.007,9.0500,600
43204007991006,12:00:04.007,9.0500,100
43204007991006,12:00:04.007,9.0500,45
43204008020286,12:00:04.008,9.0500,1000
43325545722232,12:02:05.545,9.0500,45
43325545722232,12:02:05.545,9.0500,100
43325545722232,12:02:05.545,9.0500,200
43325545722232,12:02:05.545,9.0500,837
43325545830569,12:02:05.545,9.0500,586
43325545865413,12:02:05.545,9.0500,877
43325545865413,12:02:05.545,9.0500,100
43325545865413,12:02:05.545,9.0500,100
43390311329675,12:03:10.311,9.0450,200
43390311329675,12:03:10.311,9.0500,100
43390311329675,12:03:10.311,9.0500,500
43390311329675,12:03:10.311,9.0500,600
43390311329675,12:03:10.311,9.0500,100
43390311329675,12:03:10.311,9.0500,100
43390311329675,12:03:10.311,9.0500,45
43390311329675,12:03:10.311,9.0500,100
43390311329675,12:03:10.311,9.0500,800
43390311368249,12:03:10.311,9.0500,200
43460824047516,12:04:20.824,9.0550,200
43460824047516,12:04:20.824,9.0550,100
43557717980252,12:05:57.717,9.0500,200
43557717980252,12:05:57.717,9.0500,300
43557717980252,12:05:57.717,9.0500,100
43557717980252,12:05:57.717,9.0500,100
43557717980252,12:05:57.717,9.0500,100
43557717980252,12:05:57.717,9.0500,100
43557717980252,12:05:57.717,9.0500,14
43557717980252,12:05:57.717,9.0500,45
43557717980252,12:05:57.717,9.0500,100
43557717980252,12:05:57.717,9.0500,100
43557717980252,12:05:57.717,9.0500,100
43694253616527,12:08:14.253,9.0500,14
43694253616527,12:08:14.253,9.0500,47
43731264814569,12:08:51.264,9.0500,253
43731264814569,12:08:51.264,9.0500,100
43731264814569,12:08:51.264,9.0500,100
43731264814569,12:08:51.264,9.0500,100
43731264814569,12:08:51.264,9.0500,47
43731264860658,12:08:51.264,9.0500,53
43731264860658,12:08:51.264,9.0500,100
43731264860658,12:08:51.264,9.0500,1
43731264860658,12:08:51.264,9.0500,43
43745987186740,12:09:05.987,9.0550,200
43860487313156,12:11:00.487,9.0600,800
43860487313156,12:11:00.487,9.0600,800
43860487313156,12:11:00.487,9.0600,100
43860487313156,12:11:00.487,9.0600,100
43860487313156,12:11:00.487,9.0600,119
43860487313156,12:11:00.487,9.0600,30
43860487313156,12:11:00.487,9.0600,51
43860487367107,12:11:00.487,9.0600,49
43860487367107,12:11:00.487,9.0600,43
43860487531348,12:11:00.487,9.0600,200
43915511210741,12:11:55.511,9.0650,200
43915516524324,12:11:55.516,9.0700,200
43915516524324,12:11:55.516,9.0700,112
43915516544472,12:11:55.516,9.0700,777
43915516559778,12:11:55.516,9.0700,111
43915516559778,12:11:55.516,9.0700,100
43915516559778,12:11:55.516,9.0700,100
43915516559778,12:11:55.516,9.0700,100
43920415292018,12:12:00.415,9.0750,200
43920415292018,12:12:00.415,9.0700,100
43920415292018,12:12:00.415,9.0700,200
43920415292018,12:12:00.415,9.0700,100
43920415292018,12:12:00.415,9.0700,140
43920415292018,12:12:00.415,9.0700,400
43920415292018,12:12:00.415,9.0700,100
43920415292018,12:12:00.415,9.0700,700
43920415292018,12:12:00.415,9.0700,100
43920415424452,12:12:00.415,9.0700,200
43956349260943,12:12:36.349,9.0700,100
43956349260943,12:12:36.349,9.0700,200
43956349260943,12:12:36.349,9.0700,915
43956349260943,12:12:36.349,9.0700,43
43956349260943,12:12:36.349,9.0700,100
43956349260943,12:12:36.349,9.0700,43
43956349260943,12:12:36.349,9.0700,500
43956349260943,12:12:36.349,9.0700,100
43956349828782,12:12:36.349,9.0700,226
43988123103962,12:13:08.123,9.0800,55
44030532212571,12:13:50.532,9.0750,200
44030532212571,12:13:50.532,9.0750,100
44160800059676,12:16:00.800,9.0800,200
44160800059676,12:16:00.800,9.0800,100
44160800059676,12:16:00.800,9.0800,100
44160800059676,12:16:00.800,9.0800,100
44160800059676,12:16:00.800,9.0800,100
44160800059676,12:16:00.800,9.0800,50
44160800059676,12:16:00.800,9.0800,100
44160800059676,12:16:00.800,9.0800,100
44160800059676,12:16:00.800,9.0800,100
44160800059676,12:16:00.800,9.0800,250
44160800601753,12:16:00.800,9.0800,100
44160800601753,12:16:00.800,9.0800,100
44160800601753,12:16:00.800,9.0800,600
44160800852887,12:16:00.800,9.0800,100
44199460762849,12:16:39.460,9.0800,100
44199460808645,12:16:39.460,9.0800,700
44199460808645,12:16:39.460,9.0800,46
44199460808645,12:16:39.460,9.0800,300
44199460808645,12:16:39.460,9.0800,700
44199460808645,12:16:39.460,9.0800,300
44213469999291,12:16:53.469,9.0850,100
44267014066338,12:17:47.014,9.0900,1000
44267014066338,12:17:47.014,9.0900,200
44267014066338,12:17:47.014,9.0900,200
44267014066338,12:17:47.014,9.0900,100
44267015918139,12:17:47.015,9.0950,100
44302153438557,12:18:22.153,9.0950,200
44302153438557,12:18:22.153,9.1000,100
44302153438557,12:18:22.153,9.1000,200
44302156020933,12:18:22.156,9.0950,100
44302156678093,12:18:22.156,9.0950,100
44302157172323,12:18:22.157,9.0950,100
44303418985369,12:18:23.418,9.0950,90
44303418985369,12:18:23.418,9.0950,10
44313191031593,12:18:33.191,9.0900,100
44313191031593,12:18:33.191,9.0900,600
44313191031593,12:18:33.191,9.0900,48
44313191031593,12:18:33.191,9.0900,100
44313191031593,12:18:33.191,9.0900,500
44313191031593,12:18:33.191,9.0900,100
44313191031593,12:18:33.191,9.0900,400
44313191031593,12:18:33.191,9.0900,200
44313191037396,12:18:33.191,9.0800,600
44313191037396,12:18:33.191,9.0800,100
44313191037396,12:18:33.191,9.0800,100
44313191037396,12:18:33.191,9.0800,200
44313191037396,12:18:33.191,9.0800,500
44313191037396,12:18:33.191,9.0800,300
44313191037396,12:18:33.191,9.0800,800
44313191037396,12:18:33.191,9.0700,100
44313191037396,12:18:33.191,9.0700,600
44313191037396,12:18:33.191,9.0700,200
44313191037396,12:18:33.191,9.0700,100
44313191037396,12:18:33.191,9.0700,200
44313191037396,12:18:33.191,9.0700,1048
44313191183141,12:18:33.191,9.0900,20
44313191201693,12:18:33.191,9.0900,100
44313191210033,12:18:33.191,9.0900,180
44313191210033,12:18:33.191,9.0900,20
44313191234849,12:18:33.191,9.0900,100
44313191237721,12:18:33.191,9.0900,200
44313191238354,12:18:33.191,9.0900,120
44313191238954,12:18:33.191,9.0900,100
44315573381680,12:18:35.573,9.0800,100
44315573381680,12:18:35.573,9.0800,100
44315573381680,12:18:35.573,9.0800,200
44315573381680,12:18:35.573,9.0800,200
44315573381680,12:18:35.573,9.0800,100
44315573381680,12:18:35.573,9.0800,100
44345259423677,12:19:05.259,9.0800,100
44345259423677,12:19:05.259,9.0800,200
44345259423677,12:19:05.259,9.0800,100
44345259423677,12:19:05.259,9.0800,100
44345259423677,12:19:05.259,9.0800,100
44345259423677,12:19:05.259,9.0800,100
44345259423677,12:19:05.259,9.0800,200
44345259423677,12:19:05.259,9.0800,44
44345259423677,12:19:05.259,9.0800,100
44345259423677,12:19:05.259,9.0800,100
44380826639048,12:19:40.826,9.0900,200
44380826639048,12:19:40.826,9.0900,100
44380826639048,12:19:40.826,9.0900,200
44380826639048,12:19:40.826,9.0900,200
44380826639048,12:19:40.826,9.0900,100
44380826639048,12:19:40.826,9.0900,100
44380826639048,12:19:40.826,9.0900,100
44449431568212,12:20:49.431,9.1000,800
44449431568212,12:20:49.431,9.1000,200
44449431568212,12:20:49.431,9.1000,200
44449431568212,12:20:49.431,9.1000,200
44449431568212,12:20:49.431,9.1000,100
44449431568212,12:20:49.431,9.1000,45
44449431568212,12:20:49.431,9.1000,100
44449431568212,12:20:49.431,9.1000,100
44449431568212,12:20:49.431,9.1000,100
44455012647920,12:20:55.012,9.1050,100
44455580006268,12:20:55.580,9.1050,100
44465483007632,12:21:05.483,9.1050,100
44465483007632,12:21:05.483,9.1050,100
44465483007632,12:21:05.483,9.1050,100
44465483007632,12:21:05.483,9.1000,500
44500210393262,12:21:40.210,9.1000,100
44500210393262,12:21:40.210,9.1000,100
44500210393262,12:21:40.210,9.1000,2500
44500210423868,12:21:40.210,9.1000,400
44500210423868,12:21:40.210,9.1000,100
44500210423868,12:21:40.210,9.1000,446
44500210423868,12:21:40.210,9.1000,3650
44500210456865,12:21:40.210,9.1000,1750
44502366935930,12:21:42.366,9.0900,100
44541877972645,12:22:21.877,9.0900,100
44541877972645,12:22:21.877,9.0900,200
44541877972645,12:22:21.877,9.0900,44
44541877972645,12:22:21.877,9.0900,100
44634763200360,12:23:54.763,9.0900,200
44634763200360,12:23:54.763,9.0900,100
44661090722873,12:24:21.090,9.0800,100
44661090722873,12:24:21.090,9.0800,100
44661090722873,12:24:21.090,9.0800,100
44661090722873,12:24:21.090,9.0800,500
44681789370757,12:24:41.789,9.0800,100
44681789370757,12:24:41.789,9.0800,100
44681789370757,12:24:41.789,9.0800,600
44681789370757,12:24:41.789,9.0800,258
44681789370757,12:24:41.789,9.0800,100
44681789370757,12:24:41.789,9.0800,100
44681789370757,12:24:41.789,9.0800,100
44681789370757,12:24:41.789,9.0800,42
44681789407925,12:24:41.789,9.0800,58
44754134873007,12:25:54.134,9.0850,200
44754143066610,12:25:54.143,9.0850,100
44754143066610,12:25:54.143,9.0900,500
44754143066610,12:25:54.143,9.0900,200
44754143066610,12:25:54.143,9.0900,100
44754143066610,12:25:54.143,9.0900,100
44754143066610,12:25:54.143,9.0900,44
44754143066610,12:25:54.143,9.0900,56
44754143530830,12:25:54.143,9.0900,44
44754143530830,12:25:54.143,9.0900,100
44754148782839,12:25:54.148,9.0900,100
44754148782839,12:25:54.148,9.0900,200
44755028872117,12:25:55.028,9.0900,300
44755029488326,12:25:55.029,9.0900,282
44756220210043,12:25:56.220,9.0900,12
44764899641220,12:26:04.899,9.1000,200
44766626174482,12:26:06.626,9.1000,400
44766626944314,12:26:06.626,9.1000,200
44766626944314,12:26:06.626,9.1000,100
44766626944314,12:26:06.626,9.1000,100
44766626944314,12:26:06.626,9.1000,45
44771084490156,12:26:11.084,9.1050,100
44771084490156,12:26:11.084,9.1050,100
44771084490156,12:26:11.084,9.1000,100
44771084490156,12:26:11.084,9.1000,800
44771084490156,12:26:11.084,9.1000,600
44771084490156,12:26:11.084,9.1000,300
44771084490156,12:26:11.084,9.1000,100
44771084490156,12:26:11.084,9.1000,100
44771084490156,12:26:11.084,9.1000,100
44771084490156,12:26:11.084,9.1000,200
44771084764459,12:26:11.084,9.1000,68
44771084833913,12:26:11.084,9.1000,68
44771084906277,12:26:11.084,9.1000,64
44771084906277,12:26:11.084,9.1000,4
44771084965627,12:26:11.084,9.1000,95
44771084974185,12:26:11.084,9.1000,68
44771085042843,12:26:11.085,9.1000,68
44771085097184,12:26:11.085,9.1000,68
44771085151508,12:26:11.085,9.1000,68
44780519965907,12:26:20.519,9.0950,200
44780519965907,12:26:20.519,9.0950,200
44780519965907,12:26:20.519,9.0900,100
44780519965907,12:26:20.519,9.0900,100
44780519965907,12:26:20.519,9.0900,900
44780519965907,12:26:20.519,9.0900,400
44780581453112,12:26:20.581,9.0900,100
44780581453112,12:26:20.581,9.0900,600
44780581453112,12:26:20.581,9.0900,100
44780583774770,12:26:20.583,9.0900,1
44780583774770,12:26:20.583,9.0900,600
44780602174279,12:26:20.602,9.0900,100
44780602174279,12:26:20.602,9.0900,1000
44780602174279,12:26:20.602,9.0900,99
44780602174279,12:26:20.602,9.0900,600
44780602174279,12:26:20.602,9.0900,900
44780602174279,12:26:20.602,9.0900,300
44780602174279,12:26:20.602,9.0900,600
44780602174279,12:26:20.602,9.0900,250
44780602174279,12:26:20.602,9.0900,680
44780628076981,12:26:20.628,9.0950,200
44780628076981,12:26:20.628,9.0900,900
44783556264719,12:26:23.556,9.0900,250
44783556264719,12:26:23.556,9.0900,100
44807377031641,12:26:47.377,9.0850,100
44902521069979,12:28:22.521,9.0800,100
44914407591494,12:28:34.407,9.0800,500
44920017102483,12:28:40.017,9.0800,500
44925308262053,12:28:45.308,9.0800,5
44925308699564,12:28:45.308,9.0800,284
44925308707422,12:28:45.308,9.0800,611
44925308707422,12:28:45.308,9.0800,72
44925308715677,12:28:45.308,9.0800,28
44925308715677,12:28:45.308,9.0800,163
44945986612684,12:29:05.986,9.0700,100
44948436735845,12:29:08.436,9.0700,100
44948436735845,12:29:08.436,9.0700,100
44948436735845,12:29:08.436,9.0700,100
44949339434198,12:29:09.339,9.0700,100
44949394080453,12:29:09.394,9.0700,100
44951551468235,12:29:11.551,9.0700,100
44953761902599,12:29:13.761,9.0650,100
44953761902599,12:29:13.761,9.0700,1600
44953761902599,12:29:13.761,9.0700,100
44953761902599,12:29:13.761,9.0700,300
44953761902599,12:29:13.761,9.0700,600
44953761902599,12:29:13.761,9.0700,100
44953761902599,12:29:13.761,9.0700,100
44953761902599,12:29:13.761,9.0700,100
44953761942005,12:29:13.761,9.0700,100
44953762668312,12:29:13.762,9.0700,100
44972270278581,12:29:32.270,9.0800,100
44972270278581,12:29:32.270,9.0800,600
44972270278581,12:29:32.270,9.0800,100
44972270278581,12:29:32.270,9.0800,100
44972270278581,12:29:32.270,9.0800,100
44972270278581,12:29:32.270,9.0800,44
44972270278581,12:29:32.270,9.0800,200
45045779511352,12:30:45.779,9.0800,100
45047480706020,12:30:47.480,9.0800,200
45049378371055,12:30:49.378,9.0800,200
45056612113079,12:30:56.612,9.0800,100
45056612113079,12:30:56.612,9.0800,200
45058694060216,12:30:58.694,9.0800,100
45058694060216,12:30:58.694,9.0800,100
45058694060216,12:30:58.694,9.0800,100
45059967319641,12:30:59.967,9.0800,100
45059967319641,12:30:59.967,9.0800,3
45059967319641,12:30:59.967,9.0800,97
45062325875812,12:31:02.325,9.0800,3
45062325875812,12:31:02.325,9.0800,100
45062325875812,12:31:02.325,9.0800,97
45075495368219,12:31:15.495,9.0850,100
45075495368219,12:31:15.495,9.0850,100
45075495368219,12:31:15.495,9.0850,120
45075495368219,12:31:15.495,9.0900,100
45075495368219,12:31:15.495,9.0900,600
45075495368219,12:31:15.495,9.0900,1000
45075495368219,12:31:15.495,9.0900,200
45075495368219,12:31:15.495,9.0900,100
45075495368219,12:31:15.495,9.0900,100
45075495368219,12:31:15.495,9.0900,600
45075495368219,12:31:15.495,9.0900,44
45075495368219,12:31:15.495,9.0900,100
45075495368219,12:31:15.495,9.0900,860
45075495368219,12:31:15.495,9.0900,100
45075495368219,12:31:15.495,9.0900,100
45075495368219,12:31:15.495,9.0900,200
45075495368219,12:31:15.495,9.0900,30
45075495368219,12:31:15.495,9.0900,100
45075495368219,12:31:15.495,9.0900,100
45075495368219,12:31:15.495,9.0900,700
45075495368219,12:31:15.495,9.0900,200
45076127633849,12:31:16.127,9.0900,200
45076127633849,12:31:16.127,9.0900,100
45095529399409,12:31:35.529,9.0900,1261
45095529399409,12:31:35.529,9.0900,600
45095529399409,12:31:35.529,9.0900,100
45095529399409,12:31:35.529,9.0900,100
45102250611203,12:31:42.250,9.0900,100
45102526839925,12:31:42.526,9.0900,100
45103482436470,12:31:43.482,9.0900,300
45104473234150,12:31:44.473,9.0900,200
45104473234150,12:31:44.473,9.0900,100
45122808899111,12:32:02.808,9.0900,436
45122808938613,12:32:02.808,9.0900,264
45122808938613,12:32:02.808,9.0900,100
45127071911755,12:32:07.071,9.0900,200
45128300048821,12:32:08.300,9.0900,100
45130434548783,12:32:10.434,9.0900,100
45130434548783,12:32:10.434,9.0900,300
45131632772718,12:32:11.632,9.0900,200
45132838439275,12:32:12.838,9.0900,100
45132838483608,12:32:12.838,9.0900,44
45138098791256,12:32:18.098,9.1000,600
45138098791256,12:32:18.098,9.1000,600
45138098791256,12:32:18.098,9.1000,1000
45138098791256,12:32:18.098,9.1000,100
45138098791256,12:32:18.098,9.1000,100
45138098791256,12:32:18.098,9.1000,100
45138098791256,12:32:18.098,9.1000,100
45138098791256,12:32:18.098,9.1000,100
45138098791256,12:32:18.098,9.1000,100
45138098791256,12:32:18.098,9.1000,100
45138098791256,12:32:18.098,9.1000,100
45138098791256,12:32:18.098,9.1000,800
45138098798789,12:32:18.098,9.1000,76
45138098798789,12:32:18.098,9.1000,600
45138199468771,12:32:18.199,9.1000,61
45138371633160,12:32:18.371,9.1000,31
45138371633160,12:32:18.371,9.1000,169
45138372101918,12:32:18.372,9.1000,100
45145680406587,12:32:25.680,9.1000,36
45152323729380,12:32:32.323,9.1000,64
45152323729380,12:32:32.323,9.1000,600
45152323729380,12:32:32.323,9.1000,876
45152323729380,12:32:32.323,9.1000,100
45152324230779,12:32:32.324,9.1000,100
45152324230779,12:32:32.324,9.1000,100
45152324230779,12:32:32.324,9.1000,400
45156133050129,12:32:36.133,9.1000,600
45156133050129,12:32:36.133,9.1000,100
45168705107114,12:32:48.705,9.1000,100
45168705107114,12:32:48.705,9.1000,200
45168705319307,12:32:48.705,9.1000,100
45168705329430,12:32:48.705,9.1000,100
45168705329430,12:32:48.705,9.1000,121
45172364321061,12:32:52.364,9.1000,100
45172364321061,12:32:52.364,9.1000,300
45172364321061,12:32:52.364,9.1000,300
45172364721516,12:32:52.364,9.1000,100
45172364725024,12:32:52.364,9.1000,100
45172364923548,12:32:52.364,9.1000,100
45172364960629,12:32:52.364,9.1000,100
45172366147076,12:32:52.366,9.1000,100
45172366178863,12:32:52.366,9.1000,1700
45172366228085,12:32:52.366,9.1000,1000
45172366228085,12:32:52.366,9.1000,200
45172366228085,12:32:52.366,9.1000,230
45172367692754,12:32:52.367,9.1000,70
45172367692754,12:32:52.367,9.1000,86
45172367692754,12:32:52.367,9.1000,100
45172367692754,12:32:52.367,9.1000,300
45172367692754,12:32:52.367,9.1000,200
45172367692754,12:32:52.367,9.1000,100
45172367692754,12:32:52.367,9.1000,100
45172367692754,12:32:52.367,9.1000,100
45172367692754,12:32:52.367,9.1000,100
45172367755234,12:32:52.367,9.1000,100
45175624967943,12:32:55.624,9.1000,100
45178770265535,12:32:58.770,9.1000,900
45178770265535,12:32:58.770,9.1000,200
45178770265535,12:32:58.770,9.1000,200
45178770642357,12:32:58.770,9.1000,100
45200665727373,12:33:20.665,9.0950,60
45202136647259,12:33:22.136,9.0950,40
45202136647259,12:33:22.136,9.1000,100
45202136647259,12:33:22.136,9.1000,300
45202136647259,12:33:22.136,9.1000,100
45202136647259,12:33:22.136,9.1000,60
45206219363005,12:33:26.219,9.1000,100
45206219363005,12:33:26.219,9.1000,600
45206219363005,12:33:26.219,9.1000,100
45206219363005,12:33:26.219,9.1000,702
45206219363005,12:33:26.219,9.1000,100
45206219363005,12:33:26.219,9.1000,100
45206219509203,12:33:26.219,9.1000,16
45206219711424,12:33:26.219,9.1000,600
45234014174041,12:33:54.014,9.1000,100
45234014174041,12:33:54.014,9.1000,400
45235318205831,12:33:55.318,9.1000,200
45235318205831,12:33:55.318,9.1000,100
45235318205831,12:33:55.318,9.1000,300
45242226239490,12:34:02.226,9.1100,200
45242226239490,12:34:02.226,9.1100,100
45244125479476,12:34:04.125,9.1100,100
45244125479476,12:34:04.125,9.1100,300
45245009113687,12:34:05.009,9.1100,100
45245009113687,12:34:05.009,9.1100,100
45245009113687,12:34:05.009,9.1100,100
45245009113687,12:34:05.009,9.1100,45
45245009113687,12:34:05.009,9.1100,55
45245201023878,12:34:05.201,9.1100,100
45246152870541,12:34:06.152,9.1100,600
45246491563992,12:34:06.491,9.1100,100
45246491563992,12:34:06.491,9.1100,100
45247100976097,12:34:07.100,9.1100,500
45247100976097,12:34:07.100,9.1100,900
45247100976097,12:34:07.100,9.1100,800
45247100976097,12:34:07.100,9.1100,200
45247100976097,12:34:07.100,9.1100,100
45247100976097,12:34:07.100,9.1100,100
45247100976097,12:34:07.100,9.1100,100
45247101069772,12:34:07.101,9.1100,100
45247101069772,12:34:07.101,9.1100,200
45247101081070,12:34:07.101,9.1100,100
45247101088394,12:34:07.101,9.1100,100
45247101421206,12:34:07.101,9.1100,100
45247101438590,12:34:07.101,9.1100,100
45254528857486,12:34:14.528,9.1050,100
45254528857486,12:34:14.528,9.1000,100
45254528857486,12:34:14.528,9.1000,100
45254528857486,12:34:14.528,9.1000,600
45254528857486,12:34:14.528,9.1000,100
45254528857486,12:34:14.528,9.1000,1000
45254528857486,12:34:14.528,9.1000,100
45254528857486,12:34:14.528,9.1000,4100
45254528857486,12:34:14.528,9.1000,100
45254528857486,12:34:14.528,9.1000,100
45280976069707,12:34:40.976,9.1000,100
45280976076712,12:34:40.976,9.1000,100
45283288072718,12:34:43.288,9.1000,100
45285394262070,12:34:45.394,9.1000,100
45285394262070,12:34:45.394,9.1000,100
45289394019140,12:34:49.394,9.1000,100
45320844902110,12:35:20.844,9.1000,100
45320844902110,12:35:20.844,9.1000,100
45320844902110,12:35:20.844,9.1000,100
45320844902110,12:35:20.844,9.1000,2472
45320845122568,12:35:20.845,9.1000,728
45351461271501,12:35:51.461,9.1000,100
45351461271501,12:35:51.461,9.1000,100
45351461271501,12:35:51.461,9.1000,300
45352135448484,12:35:52.135,9.1000,100
45352135448484,12:35:52.135,9.1000,300
45352135448484,12:35:52.135,9.1000,200
45352135448484,12:35:52.135,9.1000,100
45352135448484,12:35:52.135,9.1000,100
45352135448484,12:35:52.135,9.1000,100
45352136322151,12:35:52.136,9.1000,100
45387596119154,12:36:27.596,9.1050,100
45387596119154,12:36:27.596,9.1000,100
45525728905901,12:38:45.728,9.1100,100
45525728905901,12:38:45.728,9.1100,600
45525728905901,12:38:45.728,9.1100,200
45525728905901,12:38:45.728,9.1100,100
45525728905901,12:38:45.728,9.1100,100
45525728905901,12:38:45.728,9.1100,100
45525728905901,12:38:45.728,9.1100,100
45525728905901,12:38:45.728,9.1100,200
45525728905901,12:38:45.728,9.1100,49
45525728905901,12:38:45.728,9.1100,400
45531124562238,12:38:51.124,9.1200,100
45532917577760,12:38:52.917,9.1200,100
45532917577760,12:38:52.917,9.1200,400
45532918082411,12:38:52.918,9.1200,400
45532918082411,12:38:52.918,9.1200,200
45532918082411,12:38:52.918,9.1200,200
45532918082411,12:38:52.918,9.1200,200
45532918082411,12:38:52.918,9.1200,100
45544559974253,12:39:04.559,9.1200,100
45544559974253,12:39:04.559,9.1200,100
45544559974253,12:39:04.559,9.1200,2800
45544560124513,12:39:04.560,9.1200,100
45544560385072,12:39:04.560,9.1200,189
45544560388481,12:39:04.560,9.1200,771
45544560419970,12:39:04.560,9.1200,1840
45544560419970,12:39:04.560,9.1200,600
45544560468339,12:39:04.560,9.1200,800
45544560580904,12:39:04.560,9.1200,600
45544560580904,12:39:04.560,9.1200,1000
45544560580904,12:39:04.560,9.1200,82
45544560580904,12:39:04.560,9.1200,100
45544560580904,12:39:04.560,9.1200,600
45544560580904,12:39:04.560,9.1200,1700
45544560580904,12:39:04.560,9.1200,118
45558918623702,12:39:18.918,9.1200,100
45560337579617,12:39:20.337,9.1200,100
45561389372038,12:39:21.389,9.1200,100
45562332416510,12:39:22.332,9.1200,182
45562332416510,12:39:22.332,9.1200,100
45562332416510,12:39:22.332,9.1200,100
45562332416510,12:39:22.332,9.1200,18
45562337872759,12:39:22.337,9.1200,82
45562337872759,12:39:22.337,9.1200,18
45563279641325,12:39:23.279,9.1200,182
45563279641325,12:39:23.279,9.1200,318
45567533019882,12:39:27.533,9.1200,100
45567533019882,12:39:27.533,9.1200,594
45567533019882,12:39:27.533,9.1200,500
45567533019882,12:39:27.533,9.1200,500
45567533019882,12:39:27.533,9.1200,100
45567533019882,12:39:27.533,9.1200,100
45567533916243,12:39:27.533,9.1200,1900
45567533916243,12:39:27.533,9.1200,606
45577085433169,12:39:37.085,9.1150,100
45577085433169,12:39:37.085,9.1150,100
45577085433169,12:39:37.085,9.1150,100
45577085433169,12:39:37.085,9.1150,100
45577085433169,12:39:37.085,9.1100,100
45577085433169,12:39:37.085,9.1100,600
45577085433169,12:39:37.085,9.1100,700
45577085433169,12:39:37.085,9.1100,300
45577085433169,12:39:37.085,9.1100,200
45577085433169,12:39:37.085,9.1100,48
45577085433169,12:39:37.085,9.1100,100
45577085433169,12:39:37.085,9.1100,100
45577085433169,12:39:37.085,9.1100,200
45577085433169,12:39:37.085,9.1100,100
45577180093689,12:39:37.180,9.1100,100
45577180093689,12:39:37.180,9.1100,500
45577219136990,12:39:37.219,9.1100,500
45577219136990,12:39:37.219,9.1100,100
45600711184480,12:40:00.711,9.1100,500
45600711184480,12:40:00.711,9.1100,300
45600711184480,12:40:00.711,9.1100,100
45609476064713,12:40:09.476,9.1100,100
45609476433219,12:40:09.476,9.1100,100
45611603783525,12:40:11.603,9.1100,800
45613873494461,12:40:13.873,9.1100,900
45613873494461,12:40:13.873,9.1100,100
45672665540295,12:41:12.665,9.1050,100
45674251462990,12:41:14.251,9.1050,100
45674251462990,12:41:14.251,9.1100,100
45674251462990,12:41:14.251,9.1100,100
45674251462990,12:41:14.251,9.1100,500
45674251462990,12:41:14.251,9.1100,639
45674251462990,12:41:14.251,9.1100,61
45674251811007,12:41:14.251,9.1100,39
45674251811007,12:41:14.251,9.1100,50
45674251811007,12:41:14.251,9.1100,100
45674529766627,12:41:14.529,9.1100,500
45674529766627,12:41:14.529,9.1100,100
45713669172941,12:41:53.669,9.1000,100
45713669172941,12:41:53.669,9.1000,500
45713669212652,12:41:53.669,9.1000,461
45715711357324,12:41:55.711,9.0950,100
45781276751864,12:43:01.276,9.0950,41
45788828902635,12:43:08.828,9.0950,100
45850181475018,12:44:10.181,9.0950,3
45872721748150,12:44:32.721,9.0950,97
45872721748150,12:44:32.721,9.1000,100
45872721748150,12:44:32.721,9.1000,100
45872721748150,12:44:32.721,9.1000,100
45872721748150,12:44:32.721,9.1000,600
45872721748150,12:44:32.721,9.1000,200
45872721748150,12:44:32.721,9.1000,100
45872721748150,12:44:32.721,9.1000,100
45872721748150,12:44:32.721,9.1000,100
45872721748150,12:44:32.721,9.1000,100
45872721748150,12:44:32.721,9.1000,600
45872721748150,12:44:32.721,9.1000,300
45872721748150,12:44:32.721,9.1000,100
45872721748150,12:44:32.721,9.1000,49
45872721748150,12:44:32.721,9.1000,930
45939715477239,12:45:39.715,9.1100,500
45939715477239,12:45:39.715,9.1100,100
45939715477239,12:45:39.715,9.1100,100
45939715477239,12:45:39.715,9.1100,100
45939715477239,12:45:39.715,9.1100,100
45939715477239,12:45:39.715,9.1100,1000
45939715477239,12:45:39.715,9.1100,100
45943640323081,12:45:43.640,9.1100,100
45943641645592,12:45:43.641,9.1100,600
45943641645592,12:45:43.641,9.1100,100
45943641645592,12:45:43.641,9.1100,100
45943641645592,12:45:43.641,9.1100,908
45943641689171,12:45:43.641,9.1100,992
45943641689171,12:45:43.641,9.1100,100
45943642057945,12:45:43.642,9.1100,1900
45943642057945,12:45:43.642,9.1100,600
45943642131059,12:45:43.642,9.1100,200
45943642288845,12:45:43.642,9.1100,600
45943642288845,12:45:43.642,9.1100,1900
45943642288845,12:45:43.642,9.1100,400
45943642288845,12:45:43.642,9.1100,600
45943642288845,12:45:43.642,9.1100,87
45943642288845,12:45:43.642,9.1100,1000
45943642288845,12:45:43.642,9.1100,100
45943642288845,12:45:43.642,9.1100,100
45943642288845,12:45:43.642,9.1100,100
45943642288845,12:45:43.642,9.1100,1000
45943642288845,12:45:43.642,9.1100,600
45943642288845,12:45:43.642,9.1100,100
45943642288845,12:45:43.642,9.1100,100
45949671787698,12:45:49.671,9.1100,100
45949671787698,12:45:49.671,9.1100,600
45950912064885,12:45:50.912,9.1100,891
45950912064885,12:45:50.912,9.1100,9
45951946106980,12:45:51.946,9.1100,800
45953084999687,12:45:53.084,9.1100,139
45953084999687,12:45:53.084,9.1100,100
45953084999687,12:45:53.084,9.1100,2
45953084999687,12:45:53.084,9.1100,59
45953085412419,12:45:53.085,9.1100,41
45957509414209,12:45:57.509,9.1050,100
45993345015815,12:46:33.345,9.1000,100
45993345015815,12:46:33.345,9.1000,45
45993345015815,12:46:33.345,9.1000,400
45993345015815,12:46:33.345,9.1000,100
45993345015815,12:46:33.345,9.1000,255
45993345460827,12:46:33.345,9.1000,272
45993345636663,12:46:33.345,9.1000,1128
45993345636663,12:46:33.345,9.1000,713
45993345656288,12:46:33.345,9.1000,725
45993346047203,12:46:33.346,9.1000,371
45993346056333,12:46:33.346,9.1000,191
46038921270293,12:47:18.921,9.1000,600
46038921270293,12:47:18.921,9.1000,100
46038921270293,12:47:18.921,9.1000,100
46038921270293,12:47:18.921,9.1000,52
46038921270293,12:47:18.921,9.1000,100
46038921270293,12:47:18.921,9.1000,48
46038921320475,12:47:18.921,9.1000,52
46093243517495,12:48:13.243,9.1050,66
46160672512705,12:49:20.672,9.1000,600
46160672512705,12:49:20.672,9.1000,100
46160672867972,12:49:20.672,9.1000,100
46160672890533,12:49:20.672,9.1000,59
46160673172693,12:49:20.673,9.1000,541
46261428795742,12:51:01.428,9.0950,100
46261428795742,12:51:01.428,9.0950,200
46261428795742,12:51:01.428,9.1000,100
46261428795742,12:51:01.428,9.1000,600
46261428795742,12:51:01.428,9.1000,720
46261428795742,12:51:01.428,9.1000,200
46261428795742,12:51:01.428,9.1000,100
46261428795742,12:51:01.428,9.1000,52
46261428795742,12:51:01.428,9.1000,28
46261430296327,12:51:01.430,9.1000,1
46261434459458,12:51:01.434,9.0950,100
46324937301231,12:52:04.937,9.0900,100
46324937301231,12:52:04.937,9.0900,200
46324939114795,12:52:04.939,9.0900,400
46324939114795,12:52:04.939,9.0900,100
46324939114795,12:52:04.939,9.0900,1500
46324939114795,12:52:04.939,9.0900,100
46324939114795,12:52:04.939,9.0900,100
46329935703328,12:52:09.935,9.0850,100
46329935703328,12:52:09.935,9.0900,100
46329935703328,12:52:09.935,9.0900,401
46329935703328,12:52:09.935,9.0900,600
46329935703328,12:52:09.935,9.0900,100
46329935703328,12:52:09.935,9.0900,830
46329935703328,12:52:09.935,9.0900,200
46329935703328,12:52:09.935,9.0900,200
46329935703328,12:52:09.935,9.0900,500
46329936112722,12:52:09.936,9.0900,200
46329936112722,12:52:09.936,9.0900,600
46336619097760,12:52:16.619,9.0950,100
46336619097760,12:52:16.619,9.1000,300
46336619097760,12:52:16.619,9.1000,200
46336619097760,12:52:16.619,9.1000,200
46336619097760,12:52:16.619,9.1000,200
46336619097760,12:52:16.619,9.1000,100
46336619097760,12:52:16.619,9.1000,100
46336619097760,12:52:16.619,9.1000,830
46336619097760,12:52:16.619,9.1000,47
46336619097760,12:52:16.619,9.1000,100
46336619097760,12:52:16.619,9.1000,300
46336621876382,12:52:16.621,9.1000,100
46336621876382,12:52:16.621,9.1000,600
46336621876382,12:52:16.621,9.1000,100
46336621876382,12:52:16.621,9.1000,100
46336784726665,12:52:16.784,9.1000,200
46336784726665,12:52:16.784,9.1000,88
46336784726665,12:52:16.784,9.1000,184
46336785681892,12:52:16.785,9.1000,416
46336785681892,12:52:16.785,9.1000,100
46336797748150,12:52:16.797,9.1000,1000
46336797748150,12:52:16.797,9.1000,1100
46336797748150,12:52:16.797,9.1000,100
46336797748150,12:52:16.797,9.1000,100
