timestamp,time,price,volume
34199954940827,09:29:59.954,48.8400,146
34200214680102,09:30:00.214,48.8200,18688
34202283789509,09:30:02.283,48.9800,100
34202283789509,09:30:02.283,48.9800,77
34215317277985,09:30:15.317,48.7700,100
34215317585879,09:30:15.317,48.7600,100
34215317775439,09:30:15.317,48.7600,100
34215417874821,09:30:15.417,48.7700,77
34215417877271,09:30:15.417,48.7600,100
34215417885371,09:30:15.417,48.7700,23
34215417953450,09:30:15.417,48.7500,10
34215418224520,09:30:15.418,48.7500,100
34215418224520,09:30:15.418,48.7500,100
34215418224520,09:30:15.418,48.7500,100
34215435274188,09:30:15.435,48.7400,77
34215435865859,09:30:15.435,48.7400,123
34215435941168,09:30:15.435,48.7400,100
34215435941168,09:30:15.435,48.7400,100
34215435941168,09:30:15.435,48.7400,100
34215436061430,09:30:15.436,48.7300,100
34215436061430,09:30:15.436,48.7300,100
34215436172063,09:30:15.436,48.7300,100
34215436172063,09:30:15.436,48.7300,100
34215436172063,09:30:15.436,48.7300,100
34215436172063,09:30:15.436,48.7300,100
34215667328238,09:30:15.667,48.7300,100
34215667488463,09:30:15.667,48.7300,100
34220005341302,09:30:20.005,48.7200,100
34220005730187,09:30:20.005,48.7200,100
34222372829600,09:30:22.372,48.7200,100
34242694999108,09:30:42.694,48.7200,100
34242695486866,09:30:42.695,48.7200,500
34242695536389,09:30:42.695,48.7200,12
34243695630697,09:30:43.695,48.7300,100
34243796433493,09:30:43.796,48.7400,100
34244195985848,09:30:44.195,48.7400,100
34244696135532,09:30:44.696,48.7300,100
34244696135532,09:30:44.696,48.7300,100
34245696603748,09:30:45.696,48.7200,12
34245696603748,09:30:45.696,48.7200,88
34246980006437,09:30:46.980,48.7200,12
34246980006437,09:30:46.980,48.7200,100
34246980074237,09:30:46.980,48.7100,800
34247327641207,09:30:47.327,48.7000,11
34247463629611,09:30:47.463,48.7100,100
34247980683223,09:30:47.980,48.7100,100
34248252004429,09:30:48.252,48.7100,100
34248252004429,09:30:48.252,48.7100,100
34249106856542,09:30:49.106,48.7100,100
34249446283008,09:30:49.446,48.7200,1
34251197483868,09:30:51.197,48.7200,100
34251197483868,09:30:51.197,48.7200,100
34251197550828,09:30:51.197,48.7100,100
34253132997224,09:30:53.132,48.7200,100
34253133063084,09:30:53.133,48.7200,100
34255858344865,09:30:55.858,48.7300,100
34255858386286,09:30:55.858,48.7300,100
34255858386286,09:30:55.858,48.7300,64
34255858872977,09:30:55.858,48.7300,100
34257134663461,09:30:57.134,48.7500,100
34257134663461,09:30:57.134,48.7500,1
34257134714775,09:30:57.134,48.7500,399
34257134714775,09:30:57.134,48.7500,100
34258074611679,09:30:58.074,48.7500,100
34258074611679,09:30:58.074,48.7500,100
34258074611679,09:30:58.074,48.7500,8
34258074611679,09:30:58.074,48.7500,26
34258074828803,09:30:58.074,48.7400,100
34259859624142,09:30:59.859,48.7300,100
34260421085252,09:31:00.421,48.7200,100
34260421085252,09:31:00.421,48.7200,39
34260421128978,09:31:00.421,48.7200,61
34260421189710,09:31:00.421,48.7200,2
34260539267064,09:31:00.539,48.7200,19
34260539338681,09:31:00.539,48.7200,81
34260859630526,09:31:00.859,48.7200,200
34260859630526,09:31:00.859,48.7200,100
34260859630526,09:31:00.859,48.7200,100
34260860124173,09:31:00.860,48.7100,1000
34260860124173,09:31:00.860,48.7100,66
34261034412658,09:31:01.034,48.7200,100
34261034449860,09:31:01.034,48.7300,100
34261034449860,09:31:01.034,48.7300,100
34261034903183,09:31:01.034,48.7400,100
34262672350264,09:31:02.672,48.7400,100
34262672350264,09:31:02.672,48.7400,100
34314202740992,09:31:54.202,48.7400,100
34315430798709,09:31:55.430,48.7400,78
34315430814999,09:31:55.430,48.7400,22
34315431094867,09:31:55.431,48.7300,100
34315431793867,09:31:55.431,48.7200,100
34315432104539,09:31:55.432,48.7200,10
34315433509791,09:31:55.433,48.7200,100
34315433509791,09:31:55.433,48.7200,100
34315433509791,09:31:55.433,48.7200,100
34315433509791,09:31:55.433,48.7200,100
34315433509791,09:31:55.433,48.7200,100
34315434733089,09:31:55.434,48.7200,100
34315434733089,09:31:55.434,48.7200,100
34315436291069,09:31:55.436,48.7100,900
34315436291069,09:31:55.436,48.7100,100
34315439273078,09:31:55.439,48.7100,200
34315439273078,09:31:55.439,48.7100,100
34315462179819,09:31:55.462,48.7100,100
34317857973453,09:31:57.857,48.7100,136
34317858000415,09:31:57.858,48.7100,64
34317858000415,09:31:57.858,48.7100,100
34317858000415,09:31:57.858,48.7100,100
34322030095838,09:32:02.030,48.7200,100
34322030095838,09:32:02.030,48.7200,100
34325889649226,09:32:05.889,48.7400,100
34325889649226,09:32:05.889,48.7300,100
34325889649226,09:32:05.889,48.7300,100
34332899926908,09:32:12.899,48.7400,100
34333416795999,09:32:13.416,48.7300,100
34333416795999,09:32:13.416,48.7300,100
34343659243679,09:32:23.659,48.7300,100
34343659243679,09:32:23.659,48.7300,100
34343659310655,09:32:23.659,48.7300,100
34343659310655,09:32:23.659,48.7300,100
34343659310655,09:32:23.659,48.7300,100
34343659351803,09:32:23.659,48.7300,96
34343659388978,09:32:23.659,48.7300,4
34343659400284,09:32:23.659,48.7300,4
34343659414240,09:32:23.659,48.7300,92
34350013040261,09:32:30.013,48.7300,4
34350013040261,09:32:30.013,48.7300,100
34353460058744,09:32:33.460,48.7200,100
34353460058744,09:32:33.460,48.7200,100
34354042297018,09:32:34.042,48.7200,100
34354061825537,09:32:34.061,48.7200,100
34354061825537,09:32:34.061,48.7200,100
34354061825537,09:32:34.061,48.7200,100
34354061825537,09:32:34.061,48.7200,100
34359847665554,09:32:39.847,48.7200,100
34360723525364,09:32:40.723,48.7200,100
34360723525364,09:32:40.723,48.7200,100
34360723604037,09:32:40.723,48.7100,100
34360723604037,09:32:40.723,48.7100,1100
34365024915690,09:32:45.024,48.7100,100
34365024915690,09:32:45.024,48.7100,100
34381902594731,09:33:01.902,48.7100,100
34381933002359,09:33:01.933,48.7100,100
34381933002359,09:33:01.933,48.7100,100
34385832223361,09:33:05.832,48.7200,100
34385832223361,09:33:05.832,48.7200,100
34385832223361,09:33:05.832,48.7200,100
34386416519209,09:33:06.416,48.7200,100
34386416545886,09:33:06.416,48.7200,100
34386777628220,09:33:06.777,48.7200,100
34399994523040,09:33:19.994,48.7200,100
34400864344911,09:33:20.864,48.7200,100
34400865885559,09:33:20.865,48.7200,100
34400865885559,09:33:20.865,48.7200,100
34400869339350,09:33:20.869,48.7200,10
34400869339350,09:33:20.869,48.7200,90
34403968539009,09:33:23.968,48.7200,100
34407026545231,09:33:27.026,48.7100,100
34410213611504,09:33:30.213,48.7100,100
34411876100938,09:33:31.876,48.7100,100
34411876100938,09:33:31.876,48.7100,900
34411876100938,09:33:31.876,48.7100,100
34412100643064,09:33:32.100,48.7100,100
34412818553749,09:33:32.818,48.7000,28
34414471116673,09:33:34.471,48.7000,100
34415061770125,09:33:35.061,48.7000,100
34415821663725,09:33:35.821,48.7000,100
34415821663725,09:33:35.821,48.6900,100
34415821663725,09:33:35.821,48.6900,500
34450867072176,09:34:10.867,48.7400,100
34460035676643,09:34:20.035,48.7500,200
34460035846853,09:34:20.035,48.7500,100
34460035846853,09:34:20.035,48.7500,100
34460035846853,09:34:20.035,48.7500,100
34460035846853,09:34:20.035,48.7500,100
34460035846853,09:34:20.035,48.7500,92
34460035892229,09:34:20.035,48.7500,8
34462421748253,09:34:22.421,48.7500,3
34469693944911,09:34:29.693,48.7600,67
34469693966268,09:34:29.693,48.7600,33
34469693966268,09:34:29.693,48.7600,100
34469693966268,09:34:29.693,48.7600,67
34469693990323,09:34:29.693,48.7600,133
34469694193275,09:34:29.694,48.7600,100
34469694193275,09:34:29.694,48.7600,100
34472075596685,09:34:32.075,48.7600,100
34479583265560,09:34:39.583,48.7500,100
34479583265560,09:34:39.583,48.7500,104
34479591962291,09:34:39.591,48.7500,100
34480026763163,09:34:40.026,48.7500,300
34483543295468,09:34:43.543,48.7500,100
34492829871944,09:34:52.829,48.7600,100
34495429802356,09:34:55.429,48.7500,100
34495615438792,09:34:55.615,48.7400,100
34495615438792,09:34:55.615,48.7400,100
34498531791841,09:34:58.531,48.7400,100
34513898545860,09:35:13.898,48.7500,100
34513898545860,09:35:13.898,48.7500,300
34513898545860,09:35:13.898,48.7500,100
34515781006625,09:35:15.781,48.7500,4
34515781006625,09:35:15.781,48.7500,200
34515781006625,09:35:15.781,48.7500,96
34515781049090,09:35:15.781,48.7500,4
34515781049090,09:35:15.781,48.7500,100
34523711948866,09:35:23.711,48.7500,100
34523711992437,09:35:23.711,48.7500,100
34530846951268,09:35:30.846,48.7500,100
34532072045345,09:35:32.072,48.7400,29
34532072126332,09:35:32.072,48.7400,71
34532632682548,09:35:32.632,48.7400,100
34537031722732,09:35:37.031,48.7400,100
34537031722732,09:35:37.031,48.7400,100
34539258103953,09:35:39.258,48.7400,100
34546193373482,09:35:46.193,48.7500,100
34546193440553,09:35:46.193,48.7500,100
34546193827854,09:35:46.193,48.7500,100
34558291095184,09:35:58.291,48.7400,100
34558315121885,09:35:58.315,48.7400,100
34558315121885,09:35:58.315,48.7400,72
34558315165706,09:35:58.315,48.7400,28
34559095633358,09:35:59.095,48.7500,96
34559095680898,09:35:59.095,48.7500,4
34559095680898,09:35:59.095,48.7500,100
34559095680898,09:35:59.095,48.7500,67
34559095731008,09:35:59.095,48.7500,100
34559410958699,09:35:59.410,48.7600,100
34559410958699,09:35:59.410,48.7600,108
34567959552804,09:36:07.959,48.7600,100
34589232483088,09:36:29.232,48.7600,76
34589232527410,09:36:29.232,48.7600,24
34589232527410,09:36:29.232,48.7600,100
34590470833341,09:36:30.470,48.7700,106
34591283524776,09:36:31.283,48.7700,200
34591283524776,09:36:31.283,48.7700,100
34591283524776,09:36:31.283,48.7700,100
34591283701313,09:36:31.283,48.7700,100
34591283701313,09:36:31.283,48.7700,100
34598566538425,09:36:38.566,48.7600,100
34598566538425,09:36:38.566,48.7600,100
34600667605173,09:36:40.667,48.7500,100
34600667775536,09:36:40.667,48.7500,200
34600667775536,09:36:40.667,48.7500,2500
34600667775536,09:36:40.667,48.7500,100
34600667775536,09:36:40.667,48.7500,100
34600667775536,09:36:40.667,48.7500,100
34600667775536,09:36:40.667,48.7500,100
34600667775536,09:36:40.667,48.7500,100
34600667775536,09:36:40.667,48.7500,100
34600668162555,09:36:40.668,48.7500,100
34601514744770,09:36:41.514,48.7500,100
34601514744770,09:36:41.514,48.7500,100
34601514744770,09:36:41.514,48.7500,100
34606889661636,09:36:46.889,48.7500,100
34607534774497,09:36:47.534,48.7500,100
34607534774497,09:36:47.534,48.7500,100
34607534878513,09:36:47.534,48.7500,98
34621293901962,09:37:01.293,48.7500,200
34622832250289,09:37:02.832,48.7500,100
34622832254122,09:37:02.832,48.7500,100
34622832254122,09:37:02.832,48.7500,200
34622832254122,09:37:02.832,48.7500,2
34624420520578,09:37:04.420,48.7500,100
34624420520578,09:37:04.420,48.7500,200
34624420520578,09:37:04.420,48.7500,100
34627151744098,09:37:07.151,48.7500,100
34633421322224,09:37:13.421,48.7500,100
34633421322224,09:37:13.421,48.7500,100
34633902572528,09:37:13.902,48.7600,100
34637713009031,09:37:17.713,48.7600,100
34650758518012,09:37:30.758,48.7600,100
34650758523985,09:37:30.758,48.7600,100
34652756793331,09:37:32.756,48.7500,100
34652756822923,09:37:32.756,48.7500,100
34657100508305,09:37:37.100,48.7400,100
34657100508305,09:37:37.100,48.7400,100
34657951607191,09:37:37.951,48.7400,100
34657953504973,09:37:37.953,48.7400,100
34657953504973,09:37:37.953,48.7400,100
34657953504973,09:37:37.953,48.7400,200
34660730269833,09:37:40.730,48.7400,50
34666094140581,09:37:46.094,48.7400,100
34666094140581,09:37:46.094,48.7400,55
34666094793037,09:37:46.094,48.7400,45
34666094793037,09:37:46.094,48.7400,100
34668087360719,09:37:48.087,48.7300,100
34668087360719,09:37:48.087,48.7300,100
34668097674226,09:37:48.097,48.7300,100
34671099082756,09:37:51.099,48.7300,100
34671099187704,09:37:51.099,48.7300,100
34684423129923,09:38:04.423,48.7400,300
34684423129923,09:38:04.423,48.7400,100
34684423129923,09:38:04.423,48.7400,1
34684423183715,09:38:04.423,48.7400,199
34696345128838,09:38:16.345,48.7400,100
34707283396414,09:38:27.283,48.7400,100
34707362614767,09:38:27.362,48.7400,100
34712246772907,09:38:32.246,48.7300,100
34712246772907,09:38:32.246,48.7300,100
34714092576329,09:38:34.092,48.7300,200
34724899916377,09:38:44.899,48.7300,100
34734649307755,09:38:54.649,48.7400,100
34734649307755,09:38:54.649,48.7400,100
34743106340720,09:39:03.106,48.7400,51
34755097912911,09:39:15.097,48.7400,100
34771916146625,09:39:31.916,48.7300,27
34774494601694,09:39:34.494,48.7200,100
34774494601694,09:39:34.494,48.7200,100
34774495123207,09:39:34.495,48.7200,100
34774495123207,09:39:34.495,48.7200,100
34774495123207,09:39:34.495,48.7200,100
34774495123207,09:39:34.495,48.7200,100
34774495123207,09:39:34.495,48.7200,200
34774495123207,09:39:34.495,48.7200,100
34774495287879,09:39:34.495,48.7200,100
34774495297150,09:39:34.495,48.7200,100
34774496687120,09:39:34.496,48.7300,100
34774496694176,09:39:34.496,48.7300,200
34796433640185,09:39:56.433,48.7250,100
34796433813637,09:39:56.433,48.7300,100
34801311303517,09:40:01.311,48.7400,100
34803276747408,09:40:03.276,48.7400,100
34831301156169,09:40:31.301,48.7400,100
34831301156169,09:40:31.301,48.7400,100
34831301156169,09:40:31.301,48.7400,100
34831602012061,09:40:31.602,48.7400,13
34834716458359,09:40:34.716,48.7200,100
34834716458359,09:40:34.716,48.7200,100
34834716458359,09:40:34.716,48.7200,1000
34835785457985,09:40:35.785,48.7200,47
34835785532903,09:40:35.785,48.7200,53
34843198566932,09:40:43.198,48.7200,4
34863345360854,09:41:03.345,48.7300,100
34863345360854,09:41:03.345,48.7300,100
34863345360854,09:41:03.345,48.7300,100
34892974744925,09:41:32.974,48.7200,496
34892974744925,09:41:32.974,48.7200,200
34895183236066,09:41:35.183,48.7100,100
34899542808304,09:41:39.542,48.7000,100
34899542808304,09:41:39.542,48.7000,13
34899542819876,09:41:39.542,48.7000,87
34899542819876,09:41:39.542,48.7000,1
34899542819876,09:41:39.542,48.7000,200
34899542819876,09:41:39.542,48.7000,12
34900237080706,09:41:40.237,48.7000,188
34900237080706,09:41:40.237,48.7000,17
34905970510834,09:41:45.970,48.7000,283
34905970510834,09:41:45.970,48.7000,113
34905970541663,09:41:45.970,48.7000,87
34905970541663,09:41:45.970,48.7000,300
34905970565345,09:41:45.970,48.7000,55
34905970588067,09:41:45.970,48.7000,245
34905970588067,09:41:45.970,48.7000,100
34905994830025,09:41:45.994,48.6900,100
34916114662544,09:41:56.114,48.6900,100
34916114988136,09:41:56.114,48.6900,100
34916114988136,09:41:56.114,48.6900,200
34917750610114,09:41:57.750,48.6900,100
34917750610114,09:41:57.750,48.6900,100
34917750610114,09:41:57.750,48.6900,100
34917750610114,09:41:57.750,48.6900,100
34917750610114,09:41:57.750,48.6900,300
34917750610114,09:41:57.750,48.6900,100
34920907411852,09:42:00.907,48.6800,49
34920908505560,09:42:00.908,48.6800,85
34920908627941,09:42:00.908,48.6800,64
34923039163195,09:42:03.039,48.6800,85
34923039188449,09:42:03.039,48.6800,17
34923152719472,09:42:03.152,48.6700,100
34923152719472,09:42:03.152,48.6700,100
34923152719472,09:42:03.152,48.6700,100
34923152719472,09:42:03.152,48.6700,100
34923210672476,09:42:03.210,48.6700,100
34944841977004,09:42:24.841,48.6700,300
34944842057706,09:42:24.842,48.6700,100
34944843722976,09:42:24.843,48.6700,100
34966417165071,09:42:46.417,48.6800,100
34968263745493,09:42:48.263,48.6800,100
34994812958181,09:43:14.812,48.6800,100
35017146990533,09:43:37.146,48.6800,200
35017146990533,09:43:37.146,48.6800,11
35017147030149,09:43:37.147,48.6800,89
35017147042401,09:43:37.147,48.6800,200
35017147042401,09:43:37.147,48.6800,100
35029474339313,09:43:49.474,48.6800,100
35034591517767,09:43:54.591,48.6800,100
35034592373600,09:43:54.592,48.6800,100
35042706035831,09:44:02.706,48.6800,100
35042706035831,09:44:02.706,48.6800,100
35049108288453,09:44:09.108,48.6800,100
35049108330920,09:44:09.108,48.6800,100
35053169383382,09:44:13.169,48.6900,100
35053169383382,09:44:13.169,48.6900,100
35068472305886,09:44:28.472,48.6900,100
35075751902925,09:44:35.751,48.6900,100
35075751902925,09:44:35.751,48.6900,100
35100327076644,09:45:00.327,48.7000,100
35100327076644,09:45:00.327,48.7000,100
35104895952380,09:45:04.895,48.7000,100
35104895952380,09:45:04.895,48.7000,10
35124748819139,09:45:24.748,48.6900,100
35124749325394,09:45:24.749,48.6900,77
35170473049121,09:46:10.473,48.6600,400
35170473079264,09:46:10.473,48.6600,100
35170473079264,09:46:10.473,48.6600,100
35184596796287,09:46:24.596,48.6500,100
35225708920439,09:47:05.708,48.6500,400
35225708920439,09:47:05.708,48.6500,100
35225708920439,09:47:05.708,48.6500,100
35225708920439,09:47:05.708,48.6500,100
35225708920439,09:47:05.708,48.6500,500
35225708920439,09:47:05.708,48.6500,100
35225708920439,09:47:05.708,48.6500,200
35225708920439,09:47:05.708,48.6500,400
35225708920439,09:47:05.708,48.6500,515
35225710539774,09:47:05.710,48.6500,100
35226055620410,09:47:06.055,48.6500,100
35234272496516,09:47:14.272,48.6500,500
35234272496516,09:47:14.272,48.6500,200
35234272496516,09:47:14.272,48.6500,100
35234272496516,09:47:14.272,48.6500,20
35234858950937,09:47:14.858,48.6500,200
35265780604814,09:47:45.780,48.6500,49
35267705521017,09:47:47.705,48.6600,100
35267705521017,09:47:47.705,48.6600,1
35282510886283,09:48:02.510,48.6600,100
35283575323098,09:48:03.575,48.6600,48
35295399082378,09:48:15.399,48.6600,52
35295399082378,09:48:15.399,48.6600,100
35295399082378,09:48:15.399,48.6600,6
35295402186451,09:48:15.402,48.6600,94
35295402186451,09:48:15.402,48.6600,100
35295416728013,09:48:15.416,48.6600,100
35296682444289,09:48:16.682,48.6600,200
35296682444289,09:48:16.682,48.6600,100
35296682444289,09:48:16.682,48.6600,100
35296682444289,09:48:16.682,48.6600,100
35296682444289,09:48:16.682,48.6600,100
35296682444289,09:48:16.682,48.6600,100
35296682444289,09:48:16.682,48.6600,100
35296682444289,09:48:16.682,48.6600,100
35309609740333,09:48:29.609,48.6600,100
35310611327437,09:48:30.611,48.6600,100
35330408338403,09:48:50.408,48.6500,100
35330408338403,09:48:50.408,48.6500,4
35338463296397,09:48:58.463,48.6500,50
35338463296397,09:48:58.463,48.6500,14
35338826876179,09:48:58.826,48.6500,10
35367769892579,09:49:27.769,48.6400,100
35367769892579,09:49:27.769,48.6400,300
35367769892579,09:49:27.769,48.6400,100
35367770027512,09:49:27.770,48.6400,91
35367770950249,09:49:27.770,48.6400,200
35369492248682,09:49:29.492,48.6400,102
35369493938457,09:49:29.493,48.6400,298
35371471984063,09:49:31.471,48.6500,100
35371471984063,09:49:31.471,48.6500,200
35392471867395,09:49:52.471,48.6450,100
35395472857521,09:49:55.472,48.6450,100
35400472261283,09:50:00.472,48.6450,100
35421466660459,09:50:21.466,48.6450,200
35421466660459,09:50:21.466,48.6500,44
35421493638895,09:50:21.493,48.6500,56
35421493638895,09:50:21.493,48.6500,44
35441792249168,09:50:41.792,48.6500,100
35453474193964,09:50:53.474,48.6500,100
35473070127217,09:51:13.070,48.6500,100
35473070916418,09:51:13.070,48.6500,100
35473971795968,09:51:13.971,48.6500,100
35473971795968,09:51:13.971,48.6500,100
35473971795968,09:51:13.971,48.6500,100
35473971795968,09:51:13.971,48.6500,100
35473971795968,09:51:13.971,48.6500,200
35473971795968,09:51:13.971,48.6500,100
35474023968204,09:51:14.023,48.6500,2
35481471242986,09:51:21.471,48.6450,100
35484471739509,09:51:24.471,48.6450,100
35489471593219,09:51:29.471,48.6450,100
35494859600176,09:51:34.859,48.6450,100
35494859657940,09:51:34.859,48.6450,100
35494859686695,09:51:34.859,48.6500,100
35534504835924,09:52:14.504,48.6500,100
35534504835924,09:52:14.504,48.6500,100
35534504835924,09:52:14.504,48.6500,12
35534504863723,09:52:14.504,48.6500,88
35534504863723,09:52:14.504,48.6500,4
35539516231688,09:52:19.516,48.6400,100
35539516231688,09:52:19.516,48.6400,100
35539516231688,09:52:19.516,48.6400,100
35539516231688,09:52:19.516,48.6400,100
35539516334398,09:52:19.516,48.6400,100
35539516334398,09:52:19.516,48.6400,400
35541732997779,09:52:21.732,48.6300,100
35541732997779,09:52:21.732,48.6300,11
35541732997779,09:52:21.732,48.6300,400
35541732997779,09:52:21.732,48.6300,100
35558472814450,09:52:38.472,48.6200,100
35578233464736,09:52:58.233,48.6250,200
35578233464736,09:52:58.233,48.6300,300
35578234095754,09:52:58.234,48.6300,100
35578234095754,09:52:58.234,48.6300,100
35578234119214,09:52:58.234,48.6300,100
35606061988456,09:53:26.061,48.6400,100
35683790127781,09:54:43.790,48.6500,100
35683790177306,09:54:43.790,48.6500,100
35683790177306,09:54:43.790,48.6500,100
35683790177306,09:54:43.790,48.6500,200
35683790177306,09:54:43.790,48.6500,187
35684230127926,09:54:44.230,48.6500,100
35692420321518,09:54:52.420,48.6400,4
35710700082696,09:55:10.700,48.6400,200
35749807916718,09:55:49.807,48.6400,100
35749807916718,09:55:49.807,48.6400,4
35755823664306,09:55:55.823,48.6200,100
35764798972075,09:56:04.798,48.6100,57
35764798991485,09:56:04.798,48.6100,43
35764798991485,09:56:04.798,48.6100,100
35784743203448,09:56:24.743,48.6000,100
35784743203448,09:56:24.743,48.6000,600
35784743203448,09:56:24.743,48.6000,300
35784743346336,09:56:24.743,48.6000,100
35785037244741,09:56:25.037,48.6000,97
35785042948691,09:56:25.042,48.6000,100
35785042948691,09:56:25.042,48.6000,600
35785042948691,09:56:25.042,48.6000,100
35785042948691,09:56:25.042,48.6000,100
35785042948691,09:56:25.042,48.6000,100
35785042948691,09:56:25.042,48.6000,200
35786543635877,09:56:26.543,48.6000,100
35786543635877,09:56:26.543,48.6000,100
35786543635877,09:56:26.543,48.6000,100
35786543635877,09:56:26.543,48.6000,100
35786543635877,09:56:26.543,48.6000,200
35786543635877,09:56:26.543,48.6000,100
35786549594794,09:56:26.549,48.6000,100
35786549594794,09:56:26.549,48.6000,100
35786549594794,09:56:26.549,48.6000,183
35786660424190,09:56:26.660,48.6000,417
35790071722295,09:56:30.071,48.6100,200
35794474915376,09:56:34.474,48.6100,400
35794474915376,09:56:34.474,48.6100,200
35794474915376,09:56:34.474,48.6100,100
35799473009468,09:56:39.473,48.6100,4
35799473009468,09:56:39.473,48.6100,196
35806652611463,09:56:46.652,48.6100,4
35806652611463,09:56:46.652,48.6100,100
35806652611463,09:56:46.652,48.6100,96
35806652624216,09:56:46.652,48.6100,4
35806655612229,09:56:46.655,48.6200,100
35806666551579,09:56:46.666,48.6200,100
35806669071754,09:56:46.669,48.6200,52
35806674067457,09:56:46.674,48.6200,100
35806677104456,09:56:46.677,48.6200,200
35816482822189,09:56:56.482,48.6200,48
35816482822189,09:56:56.482,48.6200,100
35824291443512,09:57:04.291,48.6300,100
35824291443512,09:57:04.291,48.6300,100
35824291443512,09:57:04.291,48.6300,200
35824291443512,09:57:04.291,48.6300,100
35824291443512,09:57:04.291,48.6300,100
35824291443512,09:57:04.291,48.6300,100
35859242245010,09:57:39.242,48.6400,100
35859242245010,09:57:39.242,48.6400,100
35867977889789,09:57:47.977,48.6300,13
35867977926705,09:57:47.977,48.6300,87
35867977926705,09:57:47.977,48.6300,18
35867977954068,09:57:47.977,48.6300,182
35867977954068,09:57:47.977,48.6300,4
35867978112062,09:57:47.978,48.6300,400
35867978112062,09:57:47.978,48.6300,200
35867980087213,09:57:47.980,48.6300,100
35867989173517,09:57:47.989,48.6300,600
35867989173517,09:57:47.989,48.6300,400
35881740143019,09:58:01.740,48.6200,100
35881740143019,09:58:01.740,48.6200,100
35881740143019,09:58:01.740,48.6200,400
35881740143019,09:58:01.740,48.6200,100
35881740338292,09:58:01.740,48.6200,100
35881984632215,09:58:01.984,48.6200,27
35881984988837,09:58:01.984,48.6200,73
35881984988837,09:58:01.984,48.6200,100
35881984988837,09:58:01.984,48.6200,200
35888019270950,09:58:08.019,48.6200,100
35888734410623,09:58:08.734,48.6200,100
35888734450519,09:58:08.734,48.6200,100
35888734450519,09:58:08.734,48.6200,100
35888734450519,09:58:08.734,48.6200,200
35888734495395,09:58:08.734,48.6200,100
35901871469653,09:58:21.871,48.6000,100
35901871469653,09:58:21.871,48.6000,100
35903278863173,09:58:23.278,48.6000,53
35903535359683,09:58:23.535,48.6000,47
35928634038619,09:58:48.634,48.6000,100
35955664203904,09:59:15.664,48.6100,100
35955664203904,09:59:15.664,48.6100,600
35955664203904,09:59:15.664,48.6100,200
35955664203904,09:59:15.664,48.6100,100
35955664203904,09:59:15.664,48.6100,134
35955664282588,09:59:15.664,48.6100,66
35955664282588,09:59:15.664,48.6100,100
35955664282588,09:59:15.664,48.6100,100
35955664282588,09:59:15.664,48.6100,100
35957246003493,09:59:17.246,48.6200,200
35959595999828,09:59:19.595,48.6100,131
35968554379100,09:59:28.554,48.6100,100
35968554379100,09:59:28.554,48.6100,66
35968554379100,09:59:28.554,48.6100,200
35968554379100,09:59:28.554,48.6100,200
35968554379100,09:59:28.554,48.6100,200
35969805868404,09:59:29.805,48.6000,100
35969805868404,09:59:29.805,48.6000,100
35969805868404,09:59:29.805,48.6000,900
35969806654951,09:59:29.806,48.6000,100
35969806654951,09:59:29.806,48.6000,100
35969806654951,09:59:29.806,48.6000,100
35970176980408,09:59:30.176,48.6000,200
35970764074750,09:59:30.764,48.6000,100
35970764074750,09:59:30.764,48.6000,100
35970764074750,09:59:30.764,48.6000,100
35970764074750,09:59:30.764,48.6000,100
35970764074750,09:59:30.764,48.6000,200
35974179963581,09:59:34.179,48.6000,100
35975810038945,09:59:35.810,48.6000,500
35977176505769,09:59:37.176,48.6050,100
35980175159419,09:59:40.175,48.6050,100
35985175422168,09:59:45.175,48.6050,100
36010856909808,10:00:10.856,48.6000,800
36010856909808,10:00:10.856,48.6000,98
36010856909808,10:00:10.856,48.6000,100
36010856909808,10:00:10.856,48.6000,100
36010856909808,10:00:10.856,48.6000,400
36010857342134,10:00:10.857,48.6000,200
36010857359753,10:00:10.857,48.6000,100
36010857359753,10:00:10.857,48.6000,100
36010857395475,10:00:10.857,48.6000,200
36010857395475,10:00:10.857,48.6000,500
36010857395475,10:00:10.857,48.6000,400
36010857661600,10:00:10.857,48.6000,536
36010857664310,10:00:10.857,48.6000,64
36010857688806,10:00:10.857,48.6000,400
36010857688806,10:00:10.857,48.6000,72
36010857692486,10:00:10.857,48.6000,28
36010862702415,10:00:10.862,48.6000,100
36010862702415,10:00:10.862,48.6000,100
36010869609822,10:00:10.869,48.6000,100
36010869609822,10:00:10.869,48.6000,100
36010869609822,10:00:10.869,48.6000,200
36010869609822,10:00:10.869,48.6000,100
36010869609822,10:00:10.869,48.6000,100
36010869609822,10:00:10.869,48.6000,100
36010935171456,10:00:10.935,48.6000,100
36011126287314,10:00:11.126,48.6000,200
36011126287314,10:00:11.126,48.6000,100
36011126469269,10:00:11.126,48.6000,100
36011126469269,10:00:11.126,48.6000,100
36011133029735,10:00:11.133,48.6000,200
36011133029735,10:00:11.133,48.6000,100
36011133029735,10:00:11.133,48.6000,100
36011133029735,10:00:11.133,48.6000,100
36011133029735,10:00:11.133,48.6000,100
36011133029735,10:00:11.133,48.6000,100
36011133029735,10:00:11.133,48.6000,100
36011133029735,10:00:11.133,48.6000,100
36011133029735,10:00:11.133,48.6000,100
36011133029735,10:00:11.133,48.6000,300
36011133029735,10:00:11.133,48.6000,200
36011133029735,10:00:11.133,48.6000,400
36012176442062,10:00:12.176,48.6100,100
36012176442062,10:00:12.176,48.6100,100
36012176764635,10:00:12.176,48.6100,100
36012176764635,10:00:12.176,48.6100,95
36012796290797,10:00:12.796,48.6000,100
36012796290797,10:00:12.796,48.6000,100
36012796290797,10:00:12.796,48.6000,100
36012796290797,10:00:12.796,48.6000,200
36014981156373,10:00:14.981,48.6000,100
36014981156373,10:00:14.981,48.6000,200
36018175181443,10:00:18.175,48.6050,300
36023175108144,10:00:23.175,48.6050,100
36027428661656,10:00:27.428,48.6000,100
36027428661656,10:00:27.428,48.6000,100
36027428698680,10:00:27.428,48.6000,200
36027428714980,10:00:27.428,48.6000,200
36027428730014,10:00:27.428,48.6000,200
36027428754035,10:00:27.428,48.6000,100
36027429177785,10:00:27.429,48.6000,100
36027429177785,10:00:27.429,48.6000,100
36027429177785,10:00:27.429,48.6000,100
36028175795155,10:00:28.175,48.6000,100
36028175795155,10:00:28.175,48.6050,200
36035868476689,10:00:35.868,48.6000,100
36035870377625,10:00:35.870,48.6000,200
36035870377625,10:00:35.870,48.6000,100
36035874996200,10:00:35.874,48.6000,100
36035874996200,10:00:35.874,48.6000,100
36035874996200,10:00:35.874,48.6000,100
36035874996200,10:00:35.874,48.6000,100
36035874996200,10:00:35.874,48.6000,200
36035874996200,10:00:35.874,48.6000,100
36035874996200,10:00:35.874,48.6000,100
36035874996200,10:00:35.874,48.6000,100
36035874996200,10:00:35.874,48.6000,400
36035875370477,10:00:35.875,48.6000,30
36035875475619,10:00:35.875,48.6000,70
36059200426817,10:00:59.200,48.6100,5
36078886343121,10:01:18.886,48.6100,100
36078886905073,10:01:18.886,48.6100,100
36166687643384,10:02:46.687,48.6000,78
36166687857529,10:02:46.687,48.6000,22
36166687857529,10:02:46.687,48.6000,100
36166687857529,10:02:46.687,48.6000,8
36166687857529,10:02:46.687,48.6000,100
36166687857529,10:02:46.687,48.6000,100
36166687857529,10:02:46.687,48.6000,90
36166690695391,10:02:46.690,48.6000,300
36201872270762,10:03:21.872,48.5950,100
36208194200107,10:03:28.194,48.6000,100
36208194200107,10:03:28.194,48.6000,200
36208194200107,10:03:28.194,48.6000,100
36208194200107,10:03:28.194,48.6000,100
36208194200107,10:03:28.194,48.6000,74
36209046803100,10:03:29.046,48.6000,100
36223785400928,10:03:43.785,48.6100,100
36223785883619,10:03:43.785,48.6100,10
36246176882911,10:04:06.176,48.6200,200
36247652892599,10:04:07.652,48.6200,100
36251756271203,10:04:11.756,48.6300,100
36257906371643,10:04:17.906,48.6300,100
36257906371643,10:04:17.906,48.6300,91
36260339934564,10:04:20.339,48.6400,400
36260339934564,10:04:20.339,48.6400,100
36260339934564,10:04:20.339,48.6400,100
36260339934564,10:04:20.339,48.6400,100
36260339934564,10:04:20.339,48.6400,11
36260339934564,10:04:20.339,48.6400,100
36260339934564,10:04:20.339,48.6400,100
36260339934564,10:04:20.339,48.6400,100
36260339934564,10:04:20.339,48.6400,200
36260539071662,10:04:20.539,48.6500,86
36261817828555,10:04:21.817,48.6500,100
36261817828555,10:04:21.817,48.6500,100
36261945921362,10:04:21.945,48.6500,200
36261945921362,10:04:21.945,48.6500,198
36261945962803,10:04:21.945,48.6500,102
36261945962803,10:04:21.945,48.6500,100
36284991888261,10:04:44.991,48.6400,100
36284991888261,10:04:44.991,48.6400,100
36284991888261,10:04:44.991,48.6400,200
36284992105627,10:04:44.992,48.6400,100
36287039181122,10:04:47.039,48.6400,400
36287039181122,10:04:47.039,48.6400,100
36287039181122,10:04:47.039,48.6400,200
36287039181122,10:04:47.039,48.6400,100
36287079818312,10:04:47.079,48.6400,100
36287177625680,10:04:47.177,48.6400,165
36287177625680,10:04:47.177,48.6400,200
36287177625680,10:04:47.177,48.6400,35
36287177949235,10:04:47.177,48.6400,65
36289806838172,10:04:49.806,48.6400,100
36289806838172,10:04:49.806,48.6400,100
36289807049064,10:04:49.807,48.6400,193
36289807337322,10:04:49.807,48.6400,107
36289807337322,10:04:49.807,48.6400,93
36289807834391,10:04:49.807,48.6400,7
36289807834391,10:04:49.807,48.6400,100
36298637650820,10:04:58.637,48.6300,100
36298637650820,10:04:58.637,48.6300,100
36298637650820,10:04:58.637,48.6300,200
36298637650820,10:04:58.637,48.6300,200
36298637650820,10:04:58.637,48.6300,400
36298637650820,10:04:58.637,48.6300,8
36298831684493,10:04:58.831,48.6300,100
36312670866157,10:05:12.670,48.6200,100
36312670866157,10:05:12.670,48.6200,200
36312670866157,10:05:12.670,48.6200,100
36312670874810,10:05:12.670,48.6200,50
36313176929741,10:05:13.176,48.6200,100
36313176929741,10:05:13.176,48.6200,6
36313176943013,10:05:13.176,48.6200,100
36313176960992,10:05:13.176,48.6200,100
36313177111980,10:05:13.177,48.6200,100
36313177212064,10:05:13.177,48.6200,94
36313177212064,10:05:13.177,48.6200,100
36318370254916,10:05:18.370,48.6200,100
36339271581467,10:05:39.271,48.6200,100
36370180721751,10:06:10.180,48.6200,100
36370180721751,10:06:10.180,48.6200,600
36370180721751,10:06:10.180,48.6200,100
36391866765176,10:06:31.866,48.6100,100
36391866801125,10:06:31.866,48.6100,100
36391866801125,10:06:31.866,48.6100,100
36395704917672,10:06:35.704,48.6100,100
36395704917672,10:06:35.704,48.6100,100
36395704917672,10:06:35.704,48.6100,100
36430180179550,10:07:10.180,48.6000,100
36454255444886,10:07:34.255,48.5900,100
36454255455970,10:07:34.255,48.5900,37
36454255475019,10:07:34.255,48.5900,63
36456020087062,10:07:36.020,48.5900,100
36456020087062,10:07:36.020,48.5900,100
36456020087062,10:07:36.020,48.5900,200
36456020087062,10:07:36.020,48.5900,100
36456020087062,10:07:36.020,48.5900,100
36456020179670,10:07:36.020,48.5900,100
36501489364739,10:08:21.489,48.6100,100
36501489364739,10:08:21.489,48.6100,100
36501489364739,10:08:21.489,48.6100,200
36527875736423,10:08:47.875,48.6100,89
36527875736423,10:08:47.875,48.6100,100
36533263852008,10:08:53.263,48.6100,100
36533263852008,10:08:53.263,48.6100,100
36539952923822,10:08:59.952,48.6100,100
36539952923822,10:08:59.952,48.6100,100
36554018867184,10:09:14.018,48.6000,100
36554018867184,10:09:14.018,48.6000,100
36554018867184,10:09:14.018,48.6000,100
36576655553766,10:09:36.655,48.6000,100
36576656766405,10:09:36.656,48.6100,81
36576656842510,10:09:36.656,48.6100,19
36576656842510,10:09:36.656,48.6100,100
36583330525488,10:09:43.330,48.6200,300
36583330525488,10:09:43.330,48.6200,62
36583330565606,10:09:43.330,48.6200,38
36583504932383,10:09:43.504,48.6100,100
36583504934151,10:09:43.504,48.6100,100
36583833615055,10:09:43.833,48.6000,100
36583833619763,10:09:43.833,48.6000,100
36583833679720,10:09:43.833,48.6000,100
36589702903190,10:09:49.702,48.6000,100
36589702903190,10:09:49.702,48.6000,100
36598474882225,10:09:58.474,48.6000,100
36619290767334,10:10:19.290,48.6100,195
36619291218388,10:10:19.291,48.6100,5
36625090259522,10:10:25.090,48.6100,100
36706175817760,10:11:46.175,48.6200,100
36706175817760,10:11:46.175,48.6200,100
36706175843983,10:11:46.175,48.6200,100
36706175843983,10:11:46.175,48.6200,40
36706175859945,10:11:46.175,48.6200,100
36711643894442,10:11:51.643,48.6300,99
36711643920783,10:11:51.643,48.6300,179
36711643929758,10:11:51.643,48.6300,99
36711643936943,10:11:51.643,48.6300,100
36711644057551,10:11:51.644,48.6300,49
36711644085988,10:11:51.644,48.6300,51
36711644085988,10:11:51.644,48.6300,89
36712175897464,10:11:52.175,48.6300,100
36730274818385,10:12:10.274,48.6300,89
36731991926813,10:12:11.991,48.6300,4
36743874444976,10:12:23.874,48.6200,25
36782263908576,10:13:02.263,48.6300,24
36782263946024,10:13:02.263,48.6300,76
36782263998367,10:13:02.263,48.6300,124
36782264038662,10:13:02.264,48.6300,76
36797080441786,10:13:17.080,48.6300,11
36797080952076,10:13:17.080,48.6300,89
36797080952076,10:13:17.080,48.6300,100
36838740514980,10:13:58.740,48.6300,22
36838740835205,10:13:58.740,48.6300,78
36838740835205,10:13:58.740,48.6300,56
36838740864182,10:13:58.740,48.6300,44
36841397010983,10:14:01.397,48.6300,100
36868505058970,10:14:28.505,48.6400,200
36868505058970,10:14:28.505,48.6400,100
36868505058970,10:14:28.505,48.6400,18
36868505086110,10:14:28.505,48.6400,82
36901750738161,10:15:01.750,48.6400,10
36901750738161,10:15:01.750,48.6400,100
36901750738161,10:15:01.750,48.6400,100
36901750738161,10:15:01.750,48.6400,600
36901750738161,10:15:01.750,48.6400,4
36902649336022,10:15:02.649,48.6300,100
36902649336022,10:15:02.649,48.6300,100
36902649336022,10:15:02.649,48.6300,300
36902649336022,10:15:02.649,48.6300,220
36910321994947,10:15:10.321,48.6300,300
36949515776124,10:15:49.515,48.6300,50
36949516213381,10:15:49.516,48.6300,300
37001105182838,10:16:41.105,48.6300,4
37001105182838,10:16:41.105,48.6300,37
37011107968123,10:16:51.107,48.6300,52
37011107968123,10:16:51.107,48.6300,100
37011107968123,10:16:51.107,48.6300,200
37049633505834,10:17:29.633,48.6200,100
37084816200300,10:18:04.816,48.6200,55
37084816279765,10:18:04.816,48.6200,381
37084816288065,10:18:04.816,48.6200,300
37084816296435,10:18:04.816,48.6200,64
37084816296435,10:18:04.816,48.6200,100
37084816296435,10:18:04.816,48.6200,100
37084816296435,10:18:04.816,48.6200,100
37084863937611,10:18:04.863,48.6300,100
37084863937611,10:18:04.863,48.6300,100
37084863937611,10:18:04.863,48.6300,100
37093436131385,10:18:13.436,48.6100,100
37093436131385,10:18:13.436,48.6100,82
37093436248534,10:18:13.436,48.6100,18
37095017050480,10:18:15.017,48.6100,100
37095017050480,10:18:15.017,48.6100,20
37095017077724,10:18:15.017,48.6100,80
37096209850377,10:18:16.209,48.6200,100
37096209850377,10:18:16.209,48.6200,100
37097176320955,10:18:17.176,48.6200,200
37107530438444,10:18:27.530,48.6200,200
37117431733608,10:18:37.431,48.6100,100
37131450812274,10:18:51.450,48.6200,200
37154074268547,10:19:14.074,48.6300,100
37154074268547,10:19:14.074,48.6300,100
37154074270175,10:19:14.074,48.6300,100
37154074672723,10:19:14.074,48.6300,100
37154075481213,10:19:14.075,48.6300,100
37154076694876,10:19:14.076,48.6300,100
37154076953839,10:19:14.076,48.6300,100
37154078158654,10:19:14.078,48.6300,100
37154079565092,10:19:14.079,48.6300,100
37155153007923,10:19:15.153,48.6300,100
37155153007923,10:19:15.153,48.6300,100
37155153007923,10:19:15.153,48.6300,100
37155153007923,10:19:15.153,48.6300,100
37161013282771,10:19:21.013,48.6300,100
37161013300460,10:19:21.013,48.6300,100
37161013300460,10:19:21.013,48.6300,100
37161013300460,10:19:21.013,48.6300,100
37161013300460,10:19:21.013,48.6300,10
37191503939385,10:19:51.503,48.6400,100
37191503939385,10:19:51.503,48.6400,200
37197588446640,10:19:57.588,48.6400,88
37202712653175,10:20:02.712,48.6500,300
37203176594030,10:20:03.176,48.6500,100
37203176594030,10:20:03.176,48.6500,300
37203703357710,10:20:03.703,48.6500,100
37203717839763,10:20:03.717,48.6500,100
37203723773373,10:20:03.723,48.6500,100
37203739333021,10:20:03.739,48.6500,100
37203780937318,10:20:03.780,48.6500,100
37203783104512,10:20:03.783,48.6500,100
37203811894870,10:20:03.811,48.6500,100
37207772743156,10:20:07.772,48.6500,100
37207772769135,10:20:07.772,48.6500,100
37207772770258,10:20:07.772,48.6500,100
37207772814831,10:20:07.772,48.6500,200
37208520953138,10:20:08.520,48.6400,100
37208888617551,10:20:08.888,48.6400,100
37208888617551,10:20:08.888,48.6400,6
37208888617551,10:20:08.888,48.6400,94
37208888645396,10:20:08.888,48.6400,6
37208889053121,10:20:08.889,48.6400,100
37208889053121,10:20:08.889,48.6400,100
37208889845130,10:20:08.889,48.6400,100
37208940591549,10:20:08.940,48.6400,300
37211552334204,10:20:11.552,48.6300,300
37212512154707,10:20:12.512,48.6300,100
37212834350378,10:20:12.834,48.6300,300
37212834363372,10:20:12.834,48.6300,100
37212834794886,10:20:12.834,48.6300,800
37212834794886,10:20:12.834,48.6300,100
37212935677154,10:20:12.935,48.6400,300
37212936044075,10:20:12.936,48.6400,300
37213035915758,10:20:13.035,48.6400,100
37213035915758,10:20:13.035,48.6400,200
37213093798342,10:20:13.093,48.6400,200
37215102907172,10:20:15.102,48.6400,100
37215102907172,10:20:15.102,48.6400,100
37215102907172,10:20:15.102,48.6400,300
37215102907172,10:20:15.102,48.6400,115
37215103718699,10:20:15.103,48.6400,54
37215104683454,10:20:15.104,48.6400,381
37395507801017,10:23:15.507,48.6500,100
37399683781225,10:23:19.683,48.6500,100
37408237986726,10:23:28.237,48.6400,311
37408237986726,10:23:28.237,48.6400,89
37422102751956,10:23:42.102,48.6350,26
37527647374740,10:25:27.647,48.6300,100
37527647374740,10:25:27.647,48.6300,2
37527647383399,10:25:27.647,48.6300,300
37527647422840,10:25:27.647,48.6300,698
37527647422840,10:25:27.647,48.6300,100
37527759986918,10:25:27.759,48.6200,200
37527760013222,10:25:27.760,48.6200,100
37527760013222,10:25:27.760,48.6200,100
37527760185349,10:25:27.760,48.6200,100
37537149205481,10:25:37.149,48.6200,100
37579785399186,10:26:19.785,48.6200,400
37579785399186,10:26:19.785,48.6200,600
37579785399186,10:26:19.785,48.6200,100
37579785399186,10:26:19.785,48.6200,100
37582202751087,10:26:22.202,48.6100,100
37582202751087,10:26:22.202,48.6100,200
37582277386049,10:26:22.277,48.6000,300
37589605656353,10:26:29.605,48.6100,196
37589605664867,10:26:29.605,48.6100,300
37589605863610,10:26:29.605,48.6100,1204
37589660163852,10:26:29.660,48.6100,100
37589663915468,10:26:29.663,48.6100,100
37589720848687,10:26:29.720,48.6100,300
37589771961877,10:26:29.771,48.6100,200
37589771961877,10:26:29.771,48.6100,100
37589828028783,10:26:29.828,48.6100,300
37589884551488,10:26:29.884,48.6100,300
37589984157589,10:26:29.984,48.6100,300
37589999139703,10:26:29.999,48.6100,100
37589999139703,10:26:29.999,48.6100,100
37589999139703,10:26:29.999,48.6100,100
37590083929060,10:26:30.083,48.6100,300
37590083968556,10:26:30.083,48.6100,200
37590084000303,10:26:30.084,48.6100,200
37590132133127,10:26:30.132,48.6100,300
37590198957298,10:26:30.198,48.6100,300
37590246076132,10:26:30.246,48.6100,200
37590246076132,10:26:30.246,48.6100,92
37590246076132,10:26:30.246,48.6100,8
37590656843370,10:26:30.656,48.6100,100
37590657373754,10:26:30.657,48.6100,100
37590658112290,10:26:30.658,48.6100,100
37681549477058,10:28:01.549,48.6050,100
37685480648546,10:28:05.480,48.6050,100
37685480648546,10:28:05.480,48.6100,100
37685480648546,10:28:05.480,48.6100,100
37685528514078,10:28:05.528,48.6200,100
37730177987327,10:28:50.177,48.6200,100
37730178303520,10:28:50.178,48.6200,100
37730178303520,10:28:50.178,48.6200,100
37730178303520,10:28:50.178,48.6200,200
37730178303520,10:28:50.178,48.6200,1000
37730178303520,10:28:50.178,48.6200,100
37730178303520,10:28:50.178,48.6200,61
37730178303520,10:28:50.178,48.6200,100
37740953760050,10:29:00.953,48.6300,300
37740953760050,10:29:00.953,48.6300,53
37740953795095,10:29:00.953,48.6300,247
37740953795095,10:29:00.953,48.6300,300
37740953795095,10:29:00.953,48.6300,100
37740953795095,10:29:00.953,48.6300,200
37757018047509,10:29:17.018,48.6400,100
37758348462985,10:29:18.348,48.6400,100
37758348501987,10:29:18.348,48.6400,200
37758348540405,10:29:18.348,48.6400,100
37758348540405,10:29:18.348,48.6400,100
37761460480869,10:29:21.460,48.6400,200
37761460480869,10:29:21.460,48.6400,153
37761460543802,10:29:21.460,48.6400,47
37761460543802,10:29:21.460,48.6400,100
37773629364656,10:29:33.629,48.6500,100
37773629364656,10:29:33.629,48.6500,100
37773629364656,10:29:33.629,48.6500,300
37773629364656,10:29:33.629,48.6500,300
37773629364656,10:29:33.629,48.6500,900
37773629364656,10:29:33.629,48.6500,200
37773629364656,10:29:33.629,48.6500,100
37773631472485,10:29:33.631,48.6500,100
37773636676205,10:29:33.636,48.6500,100
37773636676205,10:29:33.636,48.6500,100
37773636676205,10:29:33.636,48.6500,100
37773637240972,10:29:33.637,48.6500,100
37773639104722,10:29:33.639,48.6500,300
37773639104722,10:29:33.639,48.6500,100
37773639104722,10:29:33.639,48.6500,100
37773639104722,10:29:33.639,48.6500,100
37773684626500,10:29:33.684,48.6500,1100
37773685748784,10:29:33.685,48.6500,300
37773685748784,10:29:33.685,48.6500,100
37773685748784,10:29:33.685,48.6500,100
37773685748784,10:29:33.685,48.6500,100
37773685748784,10:29:33.685,48.6500,100
37773685748784,10:29:33.685,48.6500,50
37832613249541,10:30:32.613,48.6400,100
37832613249541,10:30:32.613,48.6400,100
37832613249541,10:30:32.613,48.6400,67
37832613325792,10:30:32.613,48.6400,33
37832613325792,10:30:32.613,48.6400,50
37832613325792,10:30:32.613,48.6400,184
37832613383427,10:30:32.613,48.6400,49
37832613402682,10:30:32.613,48.6400,67
37832613402682,10:30:32.613,48.6400,2
37840874691088,10:30:40.874,48.6300,100
37878177750656,10:31:18.177,48.6400,100
37878177750656,10:31:18.177,48.6400,400
37878177799247,10:31:18.177,48.6400,200
37878177840949,10:31:18.177,48.6400,100
37878177840949,10:31:18.177,48.6400,100
37878177853178,10:31:18.177,48.6400,100
37878177853178,10:31:18.177,48.6400,91
37984366860885,10:33:04.366,48.6400,2700
37984366860885,10:33:04.366,48.6400,100
37984366860885,10:33:04.366,48.6400,100
37984366860885,10:33:04.366,48.6400,700
37984366860885,10:33:04.366,48.6400,290
37984366860885,10:33:04.366,48.6400,10
37984369222897,10:33:04.369,48.6400,126
37984369222897,10:33:04.369,48.6400,200
37984369222897,10:33:04.369,48.6400,100
37984369222897,10:33:04.369,48.6400,100
38058235476892,10:34:18.235,48.6400,100
38058235800088,10:34:18.235,48.6400,100
38058235800088,10:34:18.235,48.6400,100
38058236367437,10:34:18.236,48.6400,100
38058238664400,10:34:18.238,48.6400,500
38058238664400,10:34:18.238,48.6400,100
38058238664400,10:34:18.238,48.6400,100
38058238664400,10:34:18.238,48.6400,300
38058243348080,10:34:18.243,48.6400,800
38058243348080,10:34:18.243,48.6400,500
38058243348080,10:34:18.243,48.6400,200
38058243348080,10:34:18.243,48.6400,300
38058243348080,10:34:18.243,48.6400,600
38058250217058,10:34:18.250,48.6400,100
38069733044316,10:34:29.733,48.6400,1
38069733091906,10:34:29.733,48.6400,98
38069733118227,10:34:29.733,48.6400,1
38069733118227,10:34:29.733,48.6400,100
38071179698917,10:34:31.179,48.6400,100
38073178735514,10:34:33.178,48.6400,100
38073178735514,10:34:33.178,48.6400,100
38073178782692,10:34:33.178,48.6400,200
38073178791045,10:34:33.178,48.6400,100
38076511138785,10:34:36.511,48.6400,99
38076511283899,10:34:36.511,48.6400,100
38078474678523,10:34:38.474,48.6300,86
38078476468774,10:34:38.476,48.6300,14
38078476468774,10:34:38.476,48.6300,100
38078476468774,10:34:38.476,48.6300,100
38078476468774,10:34:38.476,48.6300,197
38079197868005,10:34:39.197,48.6200,97
38079200384782,10:34:39.200,48.6200,98
38079200485721,10:34:39.200,48.6200,105
38080024365234,10:34:40.024,48.6100,100
38080024365234,10:34:40.024,48.6100,100
38083122094530,10:34:43.122,48.5900,42
38121112701928,10:35:21.112,48.5800,80
38121112748928,10:35:21.112,48.5800,20
38129045803752,10:35:29.045,48.5700,4
38129045803752,10:35:29.045,48.5700,100
38136177598865,10:35:36.177,48.5650,100
38139885370056,10:35:39.885,48.5600,100
38139885444871,10:35:39.885,48.5600,99
38139885470070,10:35:39.885,48.5600,101
38142178579082,10:35:42.178,48.5500,100
38142178579082,10:35:42.178,48.5500,100
38142178579082,10:35:42.178,48.5500,100
38142178579082,10:35:42.178,48.5500,100
38142178579082,10:35:42.178,48.5500,100
38142178579082,10:35:42.178,48.5500,203
38143330385346,10:35:43.330,48.5500,100
38143330385346,10:35:43.330,48.5500,100
38143330385346,10:35:43.330,48.5500,100
38143330741502,10:35:43.330,48.5500,100
38143330760290,10:35:43.330,48.5500,100
38157064366193,10:35:57.064,48.5600,400
38157064366193,10:35:57.064,48.5600,100
38157064366193,10:35:57.064,48.5600,100
38157064366193,10:35:57.064,48.5600,100
38161577025320,10:36:01.577,48.5600,600
38161577025320,10:36:01.577,48.5600,100
38171711093919,10:36:11.711,48.5600,100
38171711093919,10:36:11.711,48.5600,100
38171711093919,10:36:11.711,48.5600,408
38171711187899,10:36:11.711,48.5600,192
38182492596540,10:36:22.492,48.5600,2
38189353155557,10:36:29.353,48.5500,128
38189353239467,10:36:29.353,48.5500,72
38192465719690,10:36:32.465,48.5500,100
38192465719690,10:36:32.465,48.5500,100
38192465719690,10:36:32.465,48.5500,100
38192465719690,10:36:32.465,48.5500,300
38222177794410,10:37:02.177,48.5600,100
38222177794410,10:37:02.177,48.5600,300
38222177794410,10:37:02.177,48.5600,100
38222177794410,10:37:02.177,48.5600,100
38222177794410,10:37:02.177,48.5600,100
38222177860462,10:37:02.177,48.5600,100
38222181777480,10:37:02.181,48.5600,100
38222181841096,10:37:02.181,48.5600,100
38222181862260,10:37:02.181,48.5600,100
38222210499709,10:37:02.210,48.5600,44
38223614164411,10:37:03.614,48.5600,100
38223619612904,10:37:03.619,48.5600,100
38223619612904,10:37:03.619,48.5600,400
38223619612904,10:37:03.619,48.5600,200
38223672843255,10:37:03.672,48.5600,100
38223672843255,10:37:03.672,48.5600,100
38226533235830,10:37:06.533,48.5600,100
38226533484104,10:37:06.533,48.5600,100
38226533533674,10:37:06.533,48.5600,100
38226533536797,10:37:06.533,48.5600,100
38226539605099,10:37:06.539,48.5600,100
38226539605099,10:37:06.539,48.5600,100
38226539605099,10:37:06.539,48.5600,400
38226539605099,10:37:06.539,48.5600,100
38226539605099,10:37:06.539,48.5600,100
38226539605099,10:37:06.539,48.5600,600
38226539605099,10:37:06.539,48.5600,400
38226539605099,10:37:06.539,48.5600,400
38226539764358,10:37:06.539,48.5600,1
38226544717324,10:37:06.544,48.5600,100
38226549257979,10:37:06.549,48.5600,200
38226551455946,10:37:06.551,48.5600,100
38226551458652,10:37:06.551,48.5600,100
38226551714301,10:37:06.551,48.5600,100
38226551725694,10:37:06.551,48.5600,200
38226555777666,10:37:06.555,48.5500,100
38226555777666,10:37:06.555,48.5500,100
38226555777666,10:37:06.555,48.5500,188
38226555789359,10:37:06.555,48.5500,12
38226555789359,10:37:06.555,48.5500,100
38226588321312,10:37:06.588,48.5500,200
38227177633626,10:37:07.177,48.5500,100
38227177633626,10:37:07.177,48.5500,100
38227177865762,10:37:07.177,48.5500,100
38231964382858,10:37:11.964,48.5500,500
38232346424365,10:37:12.346,48.5500,100
38232346424365,10:37:12.346,48.5500,100
38239277644581,10:37:19.277,48.5400,100
38239277644581,10:37:19.277,48.5400,2
38239277741118,10:37:19.277,48.5400,98
38242337006638,10:37:22.337,48.5300,100
38250222562191,10:37:30.222,48.5200,100
38250222562191,10:37:30.222,48.5200,27
38260091445135,10:37:40.091,48.5200,406
38260091532182,10:37:40.091,48.5200,194
38260091532182,10:37:40.091,48.5200,100
38269175760572,10:37:49.175,48.5300,100
38269175760572,10:37:49.175,48.5300,400
38270177784251,10:37:50.177,48.5300,200
38273916149008,10:37:53.916,48.5200,100
38273916149008,10:37:53.916,48.5200,11
38302506246120,10:38:22.506,48.5300,400
38317102277065,10:38:37.102,48.5400,100
38317102312346,10:38:37.102,48.5400,100
38317102347672,10:38:37.102,48.5400,54
38317102364041,10:38:37.102,48.5400,46
38342131531100,10:39:02.131,48.5500,200
38350173215179,10:39:10.173,48.5550,100
38355173039160,10:39:15.173,48.5550,100
38358523843279,10:39:18.523,48.5500,100
38358523843279,10:39:18.523,48.5500,100
38358530180072,10:39:18.530,48.5400,46
38358530180072,10:39:18.530,48.5400,300
38359882666543,10:39:19.882,48.5400,100
38359882666543,10:39:19.882,48.5400,100
38359882666543,10:39:19.882,48.5400,100
38366174754703,10:39:26.174,48.5400,95
38366174754703,10:39:26.174,48.5400,2
38366174754703,10:39:26.174,48.5400,100
38368426213898,10:39:28.426,48.5400,43
38381963541655,10:39:41.963,48.5300,100
38397174706729,10:39:57.174,48.5300,100
38400097394876,10:40:00.097,48.5300,100
38400097401455,10:40:00.097,48.5300,100
38413071510920,10:40:13.071,48.5200,100
38414728944715,10:40:14.728,48.5200,2
38426789270493,10:40:26.789,48.5200,100
38426789270493,10:40:26.789,48.5200,100
38426789470971,10:40:26.789,48.5200,100
38426789470971,10:40:26.789,48.5200,60
38432099900072,10:40:32.099,48.5200,100
38432099900072,10:40:32.099,48.5200,100
38468807728280,10:41:08.807,48.5100,454
38468807737807,10:41:08.807,48.5100,233
38468807755316,10:41:08.807,48.5100,313
38468811491646,10:41:08.811,48.5000,19
38468811533264,10:41:08.811,48.5000,181
38468811533264,10:41:08.811,48.5000,20
38468811762073,10:41:08.811,48.5000,80
38469172300341,10:41:09.172,48.5000,100
38471119646287,10:41:11.119,48.4900,200
38471119646287,10:41:11.119,48.4900,100
38471119646287,10:41:11.119,48.4900,100
38471119646287,10:41:11.119,48.4900,200
38471119646287,10:41:11.119,48.4900,100
38471119814917,10:41:11.119,48.4900,200
38485098250941,10:41:25.098,48.4900,141
38485098279823,10:41:25.098,48.4900,159
38485098279823,10:41:25.098,48.4900,100
38485683867400,10:41:25.683,48.5000,100
38492725557882,10:41:32.725,48.5000,100
38495023705872,10:41:35.023,48.5000,100
38560174555085,10:42:40.174,48.5000,500
38560174555085,10:42:40.174,48.5000,1
38560174555085,10:42:40.174,48.5000,100
38560174555085,10:42:40.174,48.5000,100
38566638983585,10:42:46.638,48.5000,100
38574299103986,10:42:54.299,48.5000,100
38574299103986,10:42:54.299,48.5000,100
38574299103986,10:42:54.299,48.5000,800
38574299721204,10:42:54.299,48.5000,300
38574299721204,10:42:54.299,48.5000,200
38574299721204,10:42:54.299,48.5000,100
38574299721204,10:42:54.299,48.5000,600
38574300526694,10:42:54.300,48.5000,100
38581173494795,10:43:01.173,48.5100,100
38581173855690,10:43:01.173,48.5100,100
38581173855690,10:43:01.173,48.5100,600
38581173855690,10:43:01.173,48.5100,400
38581173855690,10:43:01.173,48.5100,400
38581173883587,10:43:01.173,48.5100,2158
38581173888501,10:43:01.173,48.5100,442
38581173888501,10:43:01.173,48.5100,400
38581173888501,10:43:01.173,48.5100,100
38581173888501,10:43:01.173,48.5100,1541
38581174108394,10:43:01.174,48.5100,2200
38581174241879,10:43:01.174,48.5100,100
38581174260939,10:43:01.174,48.5100,100
38581174260939,10:43:01.174,48.5100,100
38581174260939,10:43:01.174,48.5100,100
38581174291979,10:43:01.174,48.5100,100
38581174291979,10:43:01.174,48.5100,100
38581174291979,10:43:01.174,48.5100,100
38581174291979,10:43:01.174,48.5100,600
38581174291979,10:43:01.174,48.5100,429
38581174306960,10:43:01.174,48.5100,100
38589173590814,10:43:09.173,48.5200,100
38589173590814,10:43:09.173,48.5200,100
38589173590814,10:43:09.173,48.5200,243
38594174333696,10:43:14.174,48.5200,157
38594174333696,10:43:14.174,48.5200,143
38599175531288,10:43:19.175,48.5200,57
38599175531288,10:43:19.175,48.5200,43
38602174202110,10:43:22.174,48.5200,100
38603872046218,10:43:23.872,48.5200,157
38631925096678,10:43:51.925,48.5200,200
38638012002344,10:43:58.012,48.5200,100
38657468874197,10:44:17.468,48.5300,1
38661444965053,10:44:21.444,48.5300,100
38661444965053,10:44:21.444,48.5300,100
38672174323058,10:44:32.174,48.5300,100
38698122280925,10:44:58.122,48.5300,100
38713902578700,10:45:13.902,48.5200,100
38729716394516,10:45:29.716,48.5200,100
38769248288981,10:46:09.248,48.5200,100
38769248288981,10:46:09.248,48.5200,41
38769248413455,10:46:09.248,48.5200,159
38780548964048,10:46:20.548,48.5200,100
38785693613188,10:46:25.693,48.5200,100
38785693613188,10:46:25.693,48.5200,100
38786211375801,10:46:26.211,48.5200,1
38786211552135,10:46:26.211,48.5200,300
38786217043831,10:46:26.217,48.5200,100
38786217043831,10:46:26.217,48.5200,100
38807096702469,10:46:47.096,48.5200,100
38807096702469,10:46:47.096,48.5200,100
38807096798699,10:46:47.096,48.5200,200
38807096798699,10:46:47.096,48.5200,100
38836174546959,10:47:16.174,48.5200,100
38875094229248,10:47:55.094,48.5300,100
38875211233500,10:47:55.211,48.5300,100
38875211297049,10:47:55.211,48.5300,100
38875211303859,10:47:55.211,48.5300,200
38875211352702,10:47:55.211,48.5300,200
38875211408841,10:47:55.211,48.5300,100
38875211414276,10:47:55.211,48.5300,100
38879147919952,10:47:59.147,48.5300,100
38909173438676,10:48:29.173,48.5300,100
38909867317788,10:48:29.867,48.5300,100
38909867317788,10:48:29.867,48.5300,100
38909867317788,10:48:29.867,48.5300,100
38909867317788,10:48:29.867,48.5300,100
38918441420345,10:48:38.441,48.5400,100
38926025329741,10:48:46.025,48.5450,100
38926025329741,10:48:46.025,48.5400,600
38926025329741,10:48:46.025,48.5400,300
38926025381874,10:48:46.025,48.5400,51
38926025386673,10:48:46.025,48.5400,49
38976698633999,10:49:36.698,48.5350,100
38993444098067,10:49:53.444,48.5350,100
38993444098067,10:49:53.444,48.5300,300
38993444098067,10:49:53.444,48.5300,2
38993444124519,10:49:53.444,48.5300,100
39012174685072,10:50:12.174,48.5400,100
39015284717859,10:50:15.284,48.5400,100
39039802439164,10:50:39.802,48.5400,2
39039802439164,10:50:39.802,48.5400,100
39069408867657,10:51:09.408,48.5400,25
39069408960917,10:51:09.408,48.5400,75
39080991512282,10:51:20.991,48.5500,100
39080991512282,10:51:20.991,48.5500,100
39090302508279,10:51:30.302,48.5500,100
39090302508279,10:51:30.302,48.5500,300
39090302535850,10:51:30.302,48.5500,300
39090302535850,10:51:30.302,48.5500,300
39116463205102,10:51:56.463,48.5600,600
39116463205102,10:51:56.463,48.5600,200
39189445652845,10:53:09.445,48.5550,100
39189445652845,10:53:09.445,48.5500,300
39189445652845,10:53:09.445,48.5500,1
39240897040153,10:54:00.897,48.5500,68
39241955511513,10:54:01.955,48.5500,132
39247231138758,10:54:07.231,48.5550,100
39247318068191,10:54:07.318,48.5550,100
39247331938667,10:54:07.331,48.5550,100
39247350218542,10:54:07.350,48.5550,100
39247424174205,10:54:07.424,48.5600,100
39247427665862,10:54:07.427,48.5600,100
39247434537271,10:54:07.434,48.5600,100
39247438104840,10:54:07.438,48.5600,100
39247441678495,10:54:07.441,48.5600,100
39247593006650,10:54:07.593,48.5600,90
39247595095396,10:54:07.595,48.5600,10
39254175556931,10:54:14.175,48.5700,100
39254175556931,10:54:14.175,48.5700,100
39254175556931,10:54:14.175,48.5700,100
39258812298270,10:54:18.812,48.5800,100
39268100273190,10:54:28.100,48.5700,100
39268100668680,10:54:28.100,48.5700,98
39268159050423,10:54:28.159,48.5700,361
39304172315786,10:55:04.172,48.5750,100
39356636117103,10:55:56.636,48.5700,1200
39356636117103,10:55:56.636,48.5700,2
39397881854705,10:56:37.881,48.5700,100
39397881922347,10:56:37.881,48.5700,100
39397881922347,10:56:37.881,48.5700,300
39434227887215,10:57:14.227,48.5700,97
39434227928498,10:57:14.227,48.5750,100
39434227928498,10:57:14.227,48.5700,3
39434227928498,10:57:14.227,48.5700,1
39434227928498,10:57:14.227,48.5700,100
39434228009842,10:57:14.228,48.5700,60
39434228099590,10:57:14.228,48.5700,40
39434228121463,10:57:14.228,48.5700,100
39434228330891,10:57:14.228,48.5700,100
39434228330891,10:57:14.228,48.5700,100
39434228330891,10:57:14.228,48.5700,400
39449173497788,10:57:29.173,48.5700,100
39453719099010,10:57:33.719,48.5700,300
39453719179364,10:57:33.719,48.5700,200
39458642365361,10:57:38.642,48.5700,100
39458649837446,10:57:38.649,48.5700,100
39458657163800,10:57:38.657,48.5700,100
39458664859414,10:57:38.664,48.5700,100
39458672596608,10:57:38.672,48.5700,100
39459173542311,10:57:39.173,48.5650,100
39466633087721,10:57:46.633,48.5600,300
39466633087721,10:57:46.633,48.5600,100
39466680696147,10:57:46.680,48.5600,100
39466684383527,10:57:46.684,48.5600,100
39466688037710,10:57:46.688,48.5600,100
39466691614813,10:57:46.691,48.5600,100
39466695350920,10:57:46.695,48.5600,100
39466698947435,10:57:46.698,48.5600,100
39466703195139,10:57:46.703,48.5600,100
39466718276431,10:57:46.718,48.5600,100
39466718942741,10:57:46.718,48.5600,100
39466718960525,10:57:46.718,48.5600,100
39466718960525,10:57:46.718,48.5600,100
39466719013021,10:57:46.719,48.5600,100
39499247649871,10:58:19.247,48.5500,400
39499247649871,10:58:19.247,48.5500,1
39499257810987,10:58:19.257,48.5500,144
39499257860046,10:58:19.257,48.5500,56
39499257860046,10:58:19.257,48.5500,600
39499257860046,10:58:19.257,48.5500,400
39499257860046,10:58:19.257,48.5500,100
39499686891652,10:58:19.686,48.5500,305
39499831803110,10:58:19.831,48.5400,100
39499832044658,10:58:19.832,48.5400,100
39499832044658,10:58:19.832,48.5400,100
39499832044658,10:58:19.832,48.5400,2
39504699902704,10:58:24.699,48.5400,100
39504699902704,10:58:24.699,48.5400,100
39504699902704,10:58:24.699,48.5400,34
39504699911545,10:58:24.699,48.5400,66
39504699911545,10:58:24.699,48.5400,100
39515174084700,10:58:35.174,48.5400,200
39515174108403,10:58:35.174,48.5400,73
39515174503266,10:58:35.174,48.5400,327
39515174503266,10:58:35.174,48.5400,100
39540222251016,10:59:00.222,48.5500,100
39540222296269,10:59:00.222,48.5500,9
39540222330182,10:59:00.222,48.5500,9
39569395538957,10:59:29.395,48.5500,95
39569395576435,10:59:29.395,48.5500,605
39569395576435,10:59:29.395,48.5500,100
39570328297932,10:59:30.328,48.5600,100
39571047375262,10:59:31.047,48.5600,86
39571047483799,10:59:31.047,48.5600,14
39571078199008,10:59:31.078,48.5600,100
39571081684947,10:59:31.081,48.5600,100
39571085486931,10:59:31.085,48.5600,100
39571089535972,10:59:31.089,48.5600,100
39571093072507,10:59:31.093,48.5600,100
39571096739809,10:59:31.096,48.5600,100
39571100506566,10:59:31.100,48.5600,100
39571104447603,10:59:31.104,48.5600,100
39571108123549,10:59:31.108,48.5600,100
39571111939251,10:59:31.111,48.5600,100
39571115547325,10:59:31.115,48.5600,100
39571119432633,10:59:31.119,48.5600,100
39571123153364,10:59:31.123,48.5600,100
39571126827962,10:59:31.126,48.5600,100
39571130456807,10:59:31.130,48.5600,100
39571134104703,10:59:31.134,48.5600,100
39572477427293,10:59:32.477,48.5700,400
39572477427293,10:59:32.477,48.5700,300
39572478296235,10:59:32.478,48.5750,30
39572478296235,10:59:32.478,48.5700,1170
39572478324988,10:59:32.478,48.5700,1130
39572478324988,10:59:32.478,48.5700,100
39572478324988,10:59:32.478,48.5700,100
39572478324988,10:59:32.478,48.5700,400
39572478324988,10:59:32.478,48.5700,100
39572478324988,10:59:32.478,48.5700,100
39572478324988,10:59:32.478,48.5700,600
39572478324988,10:59:32.478,48.5700,200
39572478324988,10:59:32.478,48.5700,304
39572478324988,10:59:32.478,48.5700,400
39572478324988,10:59:32.478,48.5700,100
39572478324988,10:59:32.478,48.5700,100
39572478324988,10:59:32.478,48.5700,25
39572494410421,10:59:32.494,48.5700,100
39572570106808,10:59:32.570,48.5700,99
39572570211806,10:59:32.570,48.5700,1
39572570211806,10:59:32.570,48.5700,75
39572622619538,10:59:32.622,48.5700,100
39572626079482,10:59:32.626,48.5700,100
39572629543391,10:59:32.629,48.5700,100
39572633089222,10:59:32.633,48.5700,100
39572636859996,10:59:32.636,48.5700,100
39572640378008,10:59:32.640,48.5700,100
39572643823731,10:59:32.643,48.5700,100
39572647629642,10:59:32.647,48.5700,100
39572713510247,10:59:32.713,48.5800,100
39572721162084,10:59:32.721,48.5800,100
39572724753946,10:59:32.724,48.5800,100
39572728328984,10:59:32.728,48.5800,100
39572845410866,10:59:32.845,48.5800,100
39572849017648,10:59:32.849,48.5800,100
39572852622323,10:59:32.852,48.5800,100
39572856237070,10:59:32.856,48.5800,100
39572859929440,10:59:32.859,48.5800,100
39573056978160,10:59:33.056,48.5800,130
39580630612878,10:59:40.630,48.5900,500
39581313924575,10:59:41.313,48.5900,160
39581314576644,10:59:41.314,48.5900,40
39581314576644,10:59:41.314,48.5900,100
39582640947741,10:59:42.640,48.5900,100
39582640947741,10:59:42.640,48.5900,100
39582640947741,10:59:42.640,48.5900,200
39585574840442,10:59:45.574,48.5950,100
39585574840442,10:59:45.574,48.5900,100
39585574840442,10:59:45.574,48.5900,400
39585574840442,10:59:45.574,48.5900,2100
39663392713044,11:01:03.392,48.6100,100
39663392713044,11:01:03.392,48.6100,100
39663392713044,11:01:03.392,48.6100,1
39663392713044,11:01:03.392,48.6100,40
39663392713044,11:01:03.392,48.6100,1400
39663461227368,11:01:03.461,48.6200,171
39663464707536,11:01:03.464,48.6200,118
39663498049986,11:01:03.498,48.6200,3
39666298239455,11:01:06.298,48.6200,600
39666847530661,11:01:06.847,48.6200,100
39666847707730,11:01:06.847,48.6200,100
39666847714523,11:01:06.847,48.6200,100
39683174123897,11:01:23.174,48.6200,400
39686173372426,11:01:26.173,48.6200,200
39691173643685,11:01:31.173,48.6200,200
39727538088828,11:02:07.538,48.6300,1
39738036117361,11:02:18.036,48.6350,100
39738036117361,11:02:18.036,48.6300,100
39738036117361,11:02:18.036,48.6300,100
39738036117361,11:02:18.036,48.6300,500
39738036150634,11:02:18.036,48.6300,100
39738049663782,11:02:18.049,48.6300,100
39738055532220,11:02:18.055,48.6300,100
39738061310199,11:02:18.061,48.6300,100
39738067059079,11:02:18.067,48.6300,100
39738072784874,11:02:18.072,48.6300,100
39738078603555,11:02:18.078,48.6300,100
39738089972257,11:02:18.089,48.6300,26
39741825998729,11:02:21.825,48.6400,100
39759770507409,11:02:39.770,48.6350,100
39759770974618,11:02:39.770,48.6300,100
39766403839526,11:02:46.403,48.6300,1
39766404365957,11:02:46.404,48.6300,99
39801287825402,11:03:21.287,48.6300,100
39801288233284,11:03:21.288,48.6300,196
39801288233284,11:03:21.288,48.6300,100
39852039793888,11:04:12.039,48.6300,100
39852039793888,11:04:12.039,48.6300,100
39852039804049,11:04:12.039,48.6300,3
39900406050615,11:05:00.406,48.6350,100
39900406050615,11:05:00.406,48.6300,400
39900406050615,11:05:00.406,48.6300,400
39900406050615,11:05:00.406,48.6300,100
39900406050615,11:05:00.406,48.6300,100
39900406050615,11:05:00.406,48.6300,100
39900406050615,11:05:00.406,48.6300,100
39900406068608,11:05:00.406,48.6300,100
39900406068608,11:05:00.406,48.6300,500
39900409133677,11:05:00.409,48.6300,100
39900409133677,11:05:00.409,48.6300,145
39900409143239,11:05:00.409,48.6300,255
39900409143239,11:05:00.409,48.6300,60
39900409152117,11:05:00.409,48.6300,140
39900409152117,11:05:00.409,48.6300,175
39900409164847,11:05:00.409,48.6300,200
39900409182178,11:05:00.409,48.6300,100
39900409233573,11:05:00.409,48.6300,25
39901981958010,11:05:01.981,48.6400,18
39901981983892,11:05:01.981,48.6400,82
39901981983892,11:05:01.981,48.6400,100
39905173631760,11:05:05.173,48.6500,100
39905173672845,11:05:05.173,48.6500,200
39905173672845,11:05:05.173,48.6500,100
39906382971391,11:05:06.382,48.6600,200
39906382971391,11:05:06.382,48.6600,100
39906382971391,11:05:06.382,48.6600,400
39906382971391,11:05:06.382,48.6600,100
39906382971391,11:05:06.382,48.6600,100
39906384094361,11:05:06.384,48.6600,100
39906384094361,11:05:06.384,48.6600,100
39906384096681,11:05:06.384,48.6600,100
39906384096681,11:05:06.384,48.6600,100
39906384096681,11:05:06.384,48.6600,200
39906384096681,11:05:06.384,48.6600,200
39906384138338,11:05:06.384,48.6600,100
39906384138338,11:05:06.384,48.6600,100
39906384138338,11:05:06.384,48.6600,200
39914787376777,11:05:14.787,48.6600,100
39914787376777,11:05:14.787,48.6600,100
39924117623368,11:05:24.117,48.6600,100
39924117623368,11:05:24.117,48.6600,102
39924117623368,11:05:24.117,48.6600,13
39924117639022,11:05:24.117,48.6600,87
39949731327413,11:05:49.731,48.6600,100
39949731327413,11:05:49.731,48.6600,100
39949731327413,11:05:49.731,48.6600,100
39949731327413,11:05:49.731,48.6600,200
39949767763481,11:05:49.767,48.6600,100
39949767763481,11:05:49.767,48.6600,100
39949767763481,11:05:49.767,48.6600,51
39949767828291,11:05:49.767,48.6600,49
40001248215137,11:06:41.248,48.6600,100
40001248215137,11:06:41.248,48.6600,100
40001248215137,11:06:41.248,48.6600,100
40001248215137,11:06:41.248,48.6600,100
40001248215137,11:06:41.248,48.6600,1
40001248215137,11:06:41.248,48.6600,199
40034175293024,11:07:14.175,48.6600,1
40034175293024,11:07:14.175,48.6600,100
40034175293024,11:07:14.175,48.6600,100
40034175537414,11:07:14.175,48.6600,100
40034175537414,11:07:14.175,48.6600,100
40034175537414,11:07:14.175,48.6600,400
40042421070263,11:07:22.421,48.6600,100
40050199612495,11:07:30.199,48.6600,400
40089798369451,11:08:09.798,48.6600,200
40089798369451,11:08:09.798,48.6600,100
40089798369451,11:08:09.798,48.6600,15
40089798384634,11:08:09.798,48.6600,185
40094208200695,11:08:14.208,48.6600,100
40094208200695,11:08:14.208,48.6600,2
40113173945689,11:08:33.173,48.6700,100
40116173347804,11:08:36.173,48.6700,100
40116173393660,11:08:36.173,48.6700,100
40116173393660,11:08:36.173,48.6700,100
40116173393660,11:08:36.173,48.6700,3000
40116173785442,11:08:36.173,48.6700,600
40116173785442,11:08:36.173,48.6700,100
40116173785442,11:08:36.173,48.6700,200
40116173785442,11:08:36.173,48.6700,100
40116173785442,11:08:36.173,48.6700,200
40116173904409,11:08:36.173,48.6700,100
40116173904409,11:08:36.173,48.6700,100
40116173904409,11:08:36.173,48.6700,100
40116173904409,11:08:36.173,48.6700,100
40116173904409,11:08:36.173,48.6700,600
40116173904409,11:08:36.173,48.6700,400
40116174147183,11:08:36.174,48.6700,200
40119172156284,11:08:39.172,48.6700,100
40134173885272,11:08:54.173,48.6800,100
40139174161140,11:08:59.174,48.6800,80
40159174064449,11:09:19.174,48.6800,100
40164094052913,11:09:24.094,48.6800,27
40164094052913,11:09:24.094,48.6800,100
40186772878953,11:09:46.772,48.6900,400
40225672136577,11:10:25.672,48.7000,1
40228812556420,11:10:28.812,48.7000,315
40228812575927,11:10:28.812,48.7000,285
40228812575927,11:10:28.812,48.7000,30
40228812587576,11:10:28.812,48.7000,260
40229214247749,11:10:29.214,48.7000,100
40229217865568,11:10:29.217,48.7000,100
40229221425985,11:10:29.221,48.7000,26
40229221425985,11:10:29.221,48.7000,74
40229231910133,11:10:29.231,48.7000,26
40231292036156,11:10:31.292,48.7000,600
40231292036156,11:10:31.292,48.7000,200
40237417213626,11:10:37.417,48.6950,100
40237417279643,11:10:37.417,48.6900,100
40237718350630,11:10:37.718,48.6900,100
40237718350630,11:10:37.718,48.6900,76
40241175194861,11:10:41.175,48.6900,100
40246172867085,11:10:46.172,48.6950,100
40251172483608,11:10:51.172,48.6950,100
40259172424738,11:10:59.172,48.6950,100
40271173982372,11:11:11.173,48.7000,100
40276173968486,11:11:16.173,48.7000,100
40281173272092,11:11:21.173,48.7000,100
40292236364405,11:11:32.236,48.7050,100
40292236860192,11:11:32.236,48.7000,100
40476663442907,11:14:36.663,48.7050,100
40476663442907,11:14:36.663,48.7000,200
40476663456582,11:14:36.663,48.7000,4
40476663456582,11:14:36.663,48.7000,96
40476663471094,11:14:36.663,48.7000,4
40476665103531,11:14:36.665,48.6900,100
40476665103531,11:14:36.665,48.6900,100
40476665103531,11:14:36.665,48.6900,1296
40502798781843,11:15:02.798,48.7000,1
40502818544198,11:15:02.818,48.7000,65
40531870789611,11:15:31.870,48.6950,100
40531870789611,11:15:31.870,48.6900,100
40533267231331,11:15:33.267,48.6900,200
40533267271258,11:15:33.267,48.6900,351
40536415055077,11:15:36.415,48.6900,98
40536415492494,11:15:36.415,48.6900,100
40536415566907,11:15:36.415,48.6900,51
40536415566907,11:15:36.415,48.6900,49
40536415670419,11:15:36.415,48.6900,51
40541761925798,11:15:41.761,48.6900,100
40634759500033,11:17:14.759,48.7000,100
40634759500033,11:17:14.759,48.7000,100
40634759500033,11:17:14.759,48.7000,1
40634759500033,11:17:14.759,48.7000,99
40656972406463,11:17:36.972,48.7050,100
40657189622820,11:17:37.189,48.7100,100
40657189662676,11:17:37.189,48.7100,100
40657189662676,11:17:37.189,48.7100,149
40657189703714,11:17:37.189,48.7100,151
40657189703714,11:17:37.189,48.7100,100
40657189703714,11:17:37.189,48.7100,100
40657189703714,11:17:37.189,48.7100,90
40657189713810,11:17:37.189,48.7100,10
40657189713810,11:17:37.189,48.7100,5
40657189715459,11:17:37.189,48.7100,95
40661226497431,11:17:41.226,48.7200,100
40661229975840,11:17:41.229,48.7200,100
40661233457653,11:17:41.233,48.7200,97
40661233457653,11:17:41.233,48.7200,3
40661237041109,11:17:41.237,48.7200,100
40661240603858,11:17:41.240,48.7200,100
40661244087563,11:17:41.244,48.7200,100
40661247569284,11:17:41.247,48.7200,100
40661251120418,11:17:41.251,48.7200,100
40661254613212,11:17:41.254,48.7200,97
40661254613212,11:17:41.254,48.7200,3
40682836712644,11:18:02.836,48.7250,100
40682836756427,11:18:02.836,48.7200,100
40682940006961,11:18:02.940,48.7200,100
40682943626949,11:18:02.943,48.7200,100
40682954028368,11:18:02.954,48.7200,26
40720232706665,11:18:40.232,48.7100,100
40720236314084,11:18:40.236,48.7100,26
40720236314084,11:18:40.236,48.7100,74
40720239852262,11:18:40.239,48.7100,100
40745853467328,11:19:05.853,48.7200,100
40745857202074,11:19:05.857,48.7200,100
40745864722974,11:19:05.864,48.7200,1
40746210961115,11:19:06.210,48.7200,99
40746211005917,11:19:06.211,48.7200,326
40746211021714,11:19:06.211,48.7200,125
40746211048605,11:19:06.211,48.7200,50
40746211048605,11:19:06.211,48.7200,126
40751044575736,11:19:11.044,48.7200,100
40751052051677,11:19:11.052,48.7200,100
40751055602808,11:19:11.055,48.7200,100
40751059311957,11:19:11.059,48.7200,100
40751066904592,11:19:11.066,48.7200,100
40751074516077,11:19:11.074,48.7200,100
40751080051934,11:19:11.080,48.7200,100
40751083653556,11:19:11.083,48.7200,100
40752299085749,11:19:12.299,48.7200,198
40752299147943,11:19:12.299,48.7200,88
40752848566814,11:19:12.848,48.7200,100
40752888922566,11:19:12.888,48.7200,100
40752892402633,11:19:12.892,48.7200,100
40760007816633,11:19:20.007,48.7200,284
40760007828716,11:19:20.007,48.7200,116
40760007828716,11:19:20.007,48.7200,100
40760007828716,11:19:20.007,48.7200,99
40760007846031,11:19:20.007,48.7200,1
40760024495757,11:19:20.024,48.7200,100
40774377255912,11:19:34.377,48.7200,100
40774377255912,11:19:34.377,48.7200,100
40774513103512,11:19:34.513,48.7200,100
40774513103512,11:19:34.513,48.7200,197
40774537509472,11:19:34.537,48.7200,100
40774541006241,11:19:34.541,48.7200,100
40774555680455,11:19:34.555,48.7200,100
40774566682204,11:19:34.566,48.7200,100
40774570342840,11:19:34.570,48.7200,100
40774597899117,11:19:34.597,48.7250,100
40774655038805,11:19:34.655,48.7200,100
40774655038805,11:19:34.655,48.7200,100
40774655038805,11:19:34.655,48.7200,98
40774655419465,11:19:34.655,48.7200,2
40774655419465,11:19:34.655,48.7200,49
40784009517348,11:19:44.009,48.7200,351
40787087251093,11:19:47.087,48.7100,100
40811665751384,11:20:11.665,48.7100,100
40811665751384,11:20:11.665,48.7100,100
40811665751384,11:20:11.665,48.7100,100
40811665751384,11:20:11.665,48.7100,2
40811665918568,11:20:11.665,48.7100,100
40811665918568,11:20:11.665,48.7100,400
40811665942255,11:20:11.665,48.7100,100
40811666041026,11:20:11.666,48.7100,100
40858599717347,11:20:58.599,48.7150,100
40865931933310,11:21:05.931,48.7200,100
40868784560349,11:21:08.784,48.7300,100
40868788170095,11:21:08.788,48.7300,100
40868791724435,11:21:08.791,48.7300,100
40874847586535,11:21:14.847,48.7350,100
40874847586535,11:21:14.847,48.7300,400
40907493681501,11:21:47.493,48.7100,100
40907493681501,11:21:47.493,48.7100,100
40932351304182,11:22:12.351,48.7100,100
40932351317363,11:22:12.351,48.7100,100
40932351317363,11:22:12.351,48.7100,100
40932351317363,11:22:12.351,48.7100,1
40955513521162,11:22:35.513,48.7200,100
40955517002092,11:22:35.517,48.7200,100
40955520559469,11:22:35.520,48.7200,100
40955520588027,11:22:35.520,48.7200,100
40968678754046,11:22:48.678,48.7150,100
40990512819715,11:23:10.512,48.7150,100
40990512969667,11:23:10.512,48.7100,600
40990513243021,11:23:10.513,48.7100,51
40990514726065,11:23:10.514,48.7100,100
40990547823526,11:23:10.547,48.7100,100
40990551503908,11:23:10.551,48.7100,100
40990555202949,11:23:10.555,48.7100,100
40990558817995,11:23:10.558,48.7100,100
40990562373696,11:23:10.562,48.7100,100
40990565951669,11:23:10.565,48.7100,100
40990569445417,11:23:10.569,48.7100,100
40990573088555,11:23:10.573,48.7100,100
40990576584412,11:23:10.576,48.7100,100
41004310812339,11:23:24.310,48.7100,200
41028087177475,11:23:48.087,48.7100,100
41028087177475,11:23:48.087,48.7100,38
41028088328348,11:23:48.088,48.7100,62
41029009560291,11:23:49.009,48.7100,100
41152938927486,11:25:52.938,48.7100,2
41194662234763,11:26:34.662,48.7200,100
41194664874960,11:26:34.664,48.7200,2
41203055018979,11:26:43.055,48.7250,100
41203065811346,11:26:43.065,48.7200,100
41203069362559,11:26:43.069,48.7200,100
41203072856882,11:26:43.072,48.7200,100
41203076381246,11:26:43.076,48.7200,100
41203080003245,11:26:43.080,48.7200,100
41203083568625,11:26:43.083,48.7200,100
41203087106356,11:26:43.087,48.7200,100
41203090588443,11:26:43.090,48.7200,100
41263699625002,11:27:43.699,48.7150,100
41263699625002,11:27:43.699,48.7100,96
41263699700512,11:27:43.699,48.7100,2
41263699777271,11:27:43.699,48.7100,97
41366083989210,11:29:26.083,48.7200,100
41366083989210,11:29:26.083,48.7200,2
41366083989210,11:29:26.083,48.7200,100
41366083989210,11:29:26.083,48.7200,198
41432718832348,11:30:32.718,48.7150,200
41433228707009,11:30:33.228,48.7150,100
41439547795831,11:30:39.547,48.7150,105
41439547864977,11:30:39.547,48.7150,95
41439547864977,11:30:39.547,48.7100,5
41439547864977,11:30:39.547,48.7100,5
41439547866927,11:30:39.547,48.7100,95
41439569720921,11:30:39.569,48.7100,100
41439573222914,11:30:39.573,48.7100,100
41439576806679,11:30:39.576,48.7100,100
41439580366487,11:30:39.580,48.7100,100
41439584313772,11:30:39.584,48.7100,100
41439588072576,11:30:39.588,48.7100,100
41439591865866,11:30:39.591,48.7100,100
41439595579789,11:30:39.595,48.7100,100
41439599215363,11:30:39.599,48.7100,100
41439603020536,11:30:39.603,48.7100,100
41439606652998,11:30:39.606,48.7100,100
41439610169640,11:30:39.610,48.7100,100
41439613784794,11:30:39.613,48.7100,100
41439617427851,11:30:39.617,48.7100,100
41439621092077,11:30:39.621,48.7100,100
41439629146061,11:30:39.629,48.7100,26
41441712194238,11:30:41.712,48.7100,100
41523684900728,11:32:03.684,48.7100,400
41523684900728,11:32:03.684,48.7100,1
41523685069804,11:32:03.685,48.7100,40
41523685635005,11:32:03.685,48.7100,160
41523685635005,11:32:03.685,48.7100,10
41545337002844,11:32:25.337,48.7150,200
41554108961534,11:32:34.108,48.7150,400
41554109886408,11:32:34.109,48.7150,500
41602344309608,11:33:22.344,48.7150,100
41602345103889,11:33:22.345,48.7150,100
41602346344528,11:33:22.346,48.7150,100
41602358053837,11:33:22.358,48.7200,16
41602358921103,11:33:22.358,48.7200,43
41602358921103,11:33:22.358,48.7200,57
41602359410109,11:33:22.359,48.7200,43
41605161300699,11:33:25.161,48.7200,100
41605193491356,11:33:25.193,48.7200,296
41605198444139,11:33:25.198,48.7200,100
41605201928753,11:33:25.201,48.7200,100
41605205533120,11:33:25.205,48.7200,100
41688315707811,11:34:48.315,48.7250,100
41688315707811,11:34:48.315,48.7200,105
41696400479240,11:34:56.400,48.7300,200
41701578716114,11:35:01.578,48.7300,300
41701578716114,11:35:01.578,48.7300,100
41701578716114,11:35:01.578,48.7300,2
41701578716114,11:35:01.578,48.7300,52
41701899169323,11:35:01.899,48.7300,205
41703388967225,11:35:03.388,48.7300,154
41703388967225,11:35:03.388,48.7300,51
41704375004739,11:35:04.375,48.7300,100
41705367674264,11:35:05.367,48.7350,100
41724023830559,11:35:24.023,48.7300,100
41724023830559,11:35:24.023,48.7300,100
41724418980518,11:35:24.418,48.7300,100
41724418980518,11:35:24.418,48.7300,100
41724418980518,11:35:24.418,48.7300,5
41724419206635,11:35:24.419,48.7300,95
41791205845366,11:36:31.205,48.7250,100
41791207067076,11:36:31.207,48.7200,100
41791271962118,11:36:31.271,48.7200,17
41791531073502,11:36:31.531,48.7200,95
41791531153151,11:36:31.531,48.7200,31
41806061037988,11:36:46.061,48.7300,2
41806061037988,11:36:46.061,48.7300,672
41806061103705,11:36:46.061,48.7300,336
41806061258860,11:36:46.061,48.7300,392
41933617079976,11:38:53.617,48.7350,100
41933617079976,11:38:53.617,48.7300,26
41933619592094,11:38:53.619,48.7300,94
41956336345342,11:39:16.336,48.7200,100
41956360595750,11:39:16.360,48.7200,100
41956364117602,11:39:16.364,48.7200,100
41956367853214,11:39:16.367,48.7200,100
41956371425611,11:39:16.371,48.7200,100
41956374947178,11:39:16.374,48.7200,100
41956375094208,11:39:16.375,48.7200,26
41956375094208,11:39:16.375,48.7200,6
41956375171468,11:39:16.375,48.7200,46
41958035636198,11:39:18.035,48.7200,100
41958035636198,11:39:18.035,48.7200,105
41958035688622,11:39:18.035,48.7200,100
41958035716590,11:39:18.035,48.7200,100
41958035730321,11:39:18.035,48.7200,2
41960575568534,11:39:20.575,48.7200,100
41960575568534,11:39:20.575,48.7200,100
41960575568534,11:39:20.575,48.7200,2
41998301183809,11:39:58.301,48.7200,100
41998301731074,11:39:58.301,48.7200,100
41998577836675,11:39:58.577,48.7300,100
41998577836675,11:39:58.577,48.7300,100
41998582647418,11:39:58.582,48.7300,100
42070957426200,11:41:10.957,48.7350,100
42070957426200,11:41:10.957,48.7300,100
42070957426200,11:41:10.957,48.7300,5
42072364995506,11:41:12.364,48.7300,95
42072364995506,11:41:12.364,48.7300,110
42073322979276,11:41:13.322,48.7300,90
42073322979276,11:41:13.322,48.7300,115
42074359342351,11:41:14.359,48.7300,100
42075314486506,11:41:15.314,48.7300,105
42075314552022,11:41:15.314,48.7300,80
42075314552022,11:41:15.314,48.7300,100
42085351308652,11:41:25.351,48.7200,51
42085351680417,11:41:25.351,48.7200,49
42120494255534,11:42:00.494,48.7200,2
42120881076819,11:42:00.881,48.7200,205
42131248048998,11:42:11.248,48.7300,235
42131248330085,11:42:11.248,48.7300,3
42136438214686,11:42:16.438,48.7300,100
42136438214686,11:42:16.438,48.7300,300
42136438214686,11:42:16.438,48.7300,400
42136438214686,11:42:16.438,48.7300,200
42136483159073,11:42:16.483,48.7300,100
42136486745065,11:42:16.486,48.7300,100
42136490319883,11:42:16.490,48.7300,100
42136493966876,11:42:16.493,48.7300,100
42136497772710,11:42:16.497,48.7300,100
42136497820059,11:42:16.497,48.7300,100
42137928727204,11:42:17.928,48.7300,100
42137928727204,11:42:17.928,48.7300,100
42138430217647,11:42:18.430,48.7200,100
42196134208531,11:43:16.134,48.7200,100
42196134208531,11:43:16.134,48.7200,100
42196134208531,11:43:16.134,48.7200,400
42197318819263,11:43:17.318,48.7200,100
42197318819263,11:43:17.318,48.7200,100
42197318819263,11:43:17.318,48.7200,5
42198373826739,11:43:18.373,48.7200,100
42199359270602,11:43:19.359,48.7250,100
42199359270602,11:43:19.359,48.7200,5
42201349265465,11:43:21.349,48.7200,110
42202316940234,11:43:22.316,48.7200,180
42214028822910,11:43:34.028,48.7200,100
42214028822910,11:43:34.028,48.7200,100
42215314608402,11:43:35.314,48.7200,205
42216356346703,11:43:36.356,48.7200,205
42318947009608,11:45:18.947,48.7150,200
42373510839542,11:46:13.510,48.7200,100
42373510839542,11:46:13.510,48.7200,40
42373510839542,11:46:13.510,48.7200,1
42420394767842,11:47:00.394,48.7300,200
42420394805048,11:47:00.394,48.7300,900
42420395102559,11:47:00.395,48.7300,100
42460997358145,11:47:40.997,48.7350,100
42460997358145,11:47:40.997,48.7300,100
42460997358145,11:47:40.997,48.7300,600
42460997358145,11:47:40.997,48.7300,33
42460997358145,11:47:40.997,48.7300,100
42460997358145,11:47:40.997,48.7300,321
42460997393210,11:47:40.997,48.7300,179
42460997393210,11:47:40.997,48.7300,100
42463521045589,11:47:43.521,48.7400,200
42463524650861,11:47:43.524,48.7400,100
42463524679559,11:47:43.524,48.7400,100
42463524679559,11:47:43.524,48.7400,100
42463524679559,11:47:43.524,48.7400,55
42463524729470,11:47:43.524,48.7400,45
42463524729470,11:47:43.524,48.7400,100
42463524729470,11:47:43.524,48.7400,100
42471138442244,11:47:51.138,48.7500,120
42471138477919,11:47:51.138,48.7500,100
42497119724702,11:48:17.119,48.7450,100
42497119724702,11:48:17.119,48.7400,100
42497119724702,11:48:17.119,48.7400,300
42497137393076,11:48:17.137,48.7400,100
42497140975891,11:48:17.140,48.7400,100
42497144478883,11:48:17.144,48.7400,100
42497147937168,11:48:17.147,48.7400,100
42497151492140,11:48:17.151,48.7400,100
42497154947962,11:48:17.154,48.7400,100
42497155794324,11:48:17.155,48.7400,126
42503595551180,11:48:23.595,48.7400,100
42503599043957,11:48:23.599,48.7400,100
42503602584000,11:48:23.602,48.7400,100
42503606566292,11:48:23.606,48.7400,100
42503610117754,11:48:23.610,48.7400,100
42503613767632,11:48:23.613,48.7400,100
42503617556506,11:48:23.617,48.7400,18
42508846222611,11:48:28.846,48.7400,100
42509288971134,11:48:29.288,48.7450,100
42542007094448,11:49:02.007,48.7400,205
42543342954498,11:49:03.342,48.7400,205
42544349131667,11:49:04.349,48.7400,205
42545344881104,11:49:05.344,48.7400,205
42546307825496,11:49:06.307,48.7400,205
42547374755504,11:49:07.374,48.7400,205
42548308381797,11:49:08.308,48.7400,170
42548308381797,11:49:08.308,48.7400,35
42549356506964,11:49:09.356,48.7400,65
42549356506964,11:49:09.356,48.7400,40
42549356534106,11:49:09.356,48.7400,81
42549356636875,11:49:09.356,48.7400,53
42549356916067,11:49:09.356,48.7400,26
42571419413410,11:49:31.419,48.7300,100
42571419413410,11:49:31.419,48.7300,100
42571419413410,11:49:31.419,48.7300,300
42571419712126,11:49:31.419,48.7300,100
42571430916716,11:49:31.430,48.7300,1900
42571430972344,11:49:31.430,48.7300,200
42571430972344,11:49:31.430,48.7300,100
42571430972344,11:49:31.430,48.7300,400
42572350576313,11:49:32.350,48.7300,200
42572350576313,11:49:32.350,48.7300,5
42572958083665,11:49:32.958,48.7300,205
42573461628078,11:49:33.461,48.7300,100
42574358647533,11:49:34.358,48.7300,90
42574358647533,11:49:34.358,48.7300,15
42577309722296,11:49:37.309,48.7300,100
42577309722296,11:49:37.309,48.7300,105
42578351494499,11:49:38.351,48.7300,205
42579353673469,11:49:39.353,48.7300,90
42579353673469,11:49:39.353,48.7300,10
42579353774640,11:49:39.353,48.7300,90
42601369036095,11:50:01.369,48.7250,1
42661052627584,11:51:01.052,48.7300,2
42661052627584,11:51:01.052,48.7300,100
42661052667197,11:51:01.052,48.7300,100
42661052836045,11:51:01.052,48.7300,300
42661052911103,11:51:01.052,48.7300,200
42661052911103,11:51:01.052,48.7300,300
42675298377427,11:51:15.298,48.7350,100
42676951606197,11:51:16.951,48.7300,90
42676951606197,11:51:16.951,48.7300,7
42677284107917,11:51:17.284,48.7300,95
42677292773795,11:51:17.292,48.7350,100
42677549726130,11:51:17.549,48.7350,100
42677550629865,11:51:17.550,48.7350,100
42677554127819,11:51:17.554,48.7350,100
42677557314438,11:51:17.557,48.7350,100
42677562091002,11:51:17.562,48.7350,100
42677593746158,11:51:17.593,48.7400,100
42677597429767,11:51:17.597,48.7400,100
42677601145592,11:51:17.601,48.7400,100
42677604885416,11:51:17.604,48.7400,100
42677608538608,11:51:17.608,48.7400,100
42677609339443,11:51:17.609,48.7400,77
42677612353198,11:51:17.612,48.7400,100
42677615982031,11:51:17.615,48.7400,100
42677619601448,11:51:17.619,48.7400,100
42677623332139,11:51:17.623,48.7400,23
42677623332139,11:51:17.623,48.7400,77
42677626931427,11:51:17.626,48.7400,100
42677630603066,11:51:17.630,48.7400,100
42677634321721,11:51:17.634,48.7400,23
42677634321721,11:51:17.634,48.7400,77
42702919302750,11:51:42.919,48.7300,98
42749699038964,11:52:29.699,48.7300,100
42749699038964,11:52:29.699,48.7300,100
42749699038964,11:52:29.699,48.7300,100
42749699038964,11:52:29.699,48.7300,1
42759339309566,11:52:39.339,48.7350,100
42789849646455,11:53:09.849,48.7400,100
42790545307793,11:53:10.545,48.7400,100
42790545307793,11:53:10.545,48.7400,100
42790545307793,11:53:10.545,48.7400,5
42790545394489,11:53:10.545,48.7400,99
42922965385083,11:55:22.965,48.7250,100
43003394347189,11:56:43.394,48.7250,100
43033704932087,11:57:13.704,48.7250,100
43033704932087,11:57:13.704,48.7300,104
43033715220955,11:57:13.715,48.7300,416
43033715243839,11:57:13.715,48.7300,100
43033715269547,11:57:13.715,48.7300,80
43033715269547,11:57:13.715,48.7300,1
43033715269547,11:57:13.715,48.7300,100
43111049085964,11:58:31.049,48.7400,600
43111049085964,11:58:31.049,48.7400,100
43111049085964,11:58:31.049,48.7400,100
43111049085964,11:58:31.049,48.7400,190
43111049175267,11:58:31.049,48.7400,110
43111049175267,11:58:31.049,48.7400,1
43111049175267,11:58:31.049,48.7400,14
43111140279506,11:58:31.140,48.7450,100
43111146967871,11:58:31.146,48.7400,100
43169149647019,11:59:29.149,48.7300,100
43169149647019,11:59:29.149,48.7300,400
43169149647019,11:59:29.149,48.7300,100
43178141416979,11:59:38.141,48.7350,200
43356344711377,12:02:36.344,48.7300,200
43356344711377,12:02:36.344,48.7300,100
43356344711377,12:02:36.344,48.7300,3
43369693776192,12:02:49.693,48.7400,100
43388240803631,12:03:08.240,48.7500,5
43388240836651,12:03:08.240,48.7500,5
43388240856821,12:03:08.240,48.7500,9
43405154621705,12:03:25.154,48.7450,100
43405154621705,12:03:25.154,48.7400,100
43405154621705,12:03:25.154,48.7400,400
43405154621705,12:03:25.154,48.7400,100
43405154621705,12:03:25.154,48.7400,17
43405154621705,12:03:25.154,48.7400,100
43405154621705,12:03:25.154,48.7400,300
43405183620700,12:03:25.183,48.7400,100
43405187128023,12:03:25.187,48.7400,100
43405190624342,12:03:25.190,48.7400,100
43539178401594,12:05:39.178,48.7400,2
43539178401594,12:05:39.178,48.7400,1
43539381366186,12:05:39.381,48.7500,100
43539385044128,12:05:39.385,48.7500,100
43539388606560,12:05:39.388,48.7500,100
43539392101592,12:05:39.392,48.7500,100
43539395607734,12:05:39.395,48.7500,100
43539395643689,12:05:39.395,48.7500,200
43539395643689,12:05:39.395,48.7500,100
43539395643689,12:05:39.395,48.7500,39
43539396204695,12:05:39.396,48.7500,61
43539396204695,12:05:39.396,48.7500,100
43539396204695,12:05:39.396,48.7500,100
43539396626312,12:05:39.396,48.7500,100
43539580178441,12:05:39.580,48.7500,98
43539581538472,12:05:39.581,48.7500,14
43539582158232,12:05:39.582,48.7500,14
43539839550391,12:05:39.839,48.7500,300
43555236766744,12:05:55.236,48.7550,100
43555236775668,12:05:55.236,48.7500,100
43560378793593,12:06:00.378,48.7500,100
43560378793593,12:06:00.378,48.7500,300
43565379480704,12:06:05.379,48.7500,100
43565379480704,12:06:05.379,48.7500,3
43611963432388,12:06:51.963,48.7500,152
43744144367479,12:09:04.144,48.7500,3
43744144367479,12:09:04.144,48.7500,97
43744144658608,12:09:04.144,48.7500,3
43752510180536,12:09:12.510,48.7550,100
43752510180536,12:09:12.510,48.7500,10
43752510379619,12:09:12.510,48.7500,34
43752510520361,12:09:12.510,48.7500,66
43752521738031,12:09:12.521,48.7500,100
43849089073802,12:10:49.089,48.7400,98
43861025797686,12:11:01.025,48.7500,1
43861025797686,12:11:01.025,48.7500,3
43863435732019,12:11:03.435,48.7500,100
43863435732019,12:11:03.435,48.7500,200
43883129919914,12:11:23.129,48.7500,400
43883129919914,12:11:23.129,48.7500,100
43883129919914,12:11:23.129,48.7500,100
43883129919914,12:11:23.129,48.7500,400
43883380894690,12:11:23.380,48.7500,100
43883380894690,12:11:23.380,48.7500,100
43883529376514,12:11:23.529,48.7500,300
43883529376514,12:11:23.529,48.7500,100
43951832234964,12:12:31.832,48.7600,10
43965893168604,12:12:45.893,48.7550,100
43965893168604,12:12:45.893,48.7500,500
44082377274574,12:14:42.377,48.7600,200
44082378321282,12:14:42.378,48.7600,90
44082378321282,12:14:42.378,48.7600,100
44082378321282,12:14:42.378,48.7600,100
44082378321282,12:14:42.378,48.7600,10
44082378331159,12:14:42.378,48.7600,300
44082378372912,12:14:42.378,48.7600,17
44082378372912,12:14:42.378,48.7600,100
44082378372912,12:14:42.378,48.7600,4
44082379151503,12:14:42.379,48.7600,200
44097377333930,12:14:57.377,48.7700,100
44097599536037,12:14:57.599,48.7700,148
44097599622486,12:14:57.599,48.7700,352
44097599622486,12:14:57.599,48.7700,100
44097599622486,12:14:57.599,48.7700,48
44097599682949,12:14:57.599,48.7700,100
44097599854105,12:14:57.599,48.7700,422
44097599896524,12:14:57.599,48.7700,730
44097601653837,12:14:57.601,48.7700,50
44097816973039,12:14:57.816,48.7700,590
44097819457362,12:14:57.819,48.7700,126
44097819457362,12:14:57.819,48.7700,100
44175361023453,12:16:15.361,48.7700,10
44175361023453,12:16:15.361,48.7700,128
44175361023453,12:16:15.361,48.7700,4
44175361023453,12:16:15.361,48.7700,100
44175361023453,12:16:15.361,48.7700,258
44175361207797,12:16:15.361,48.7700,100
44175361815638,12:16:15.361,48.7700,213
44175361850606,12:16:15.361,48.7700,1629
44175470229949,12:16:15.470,48.7700,458
44175470229949,12:16:15.470,48.7700,242
44175572122691,12:16:15.572,48.7700,300
44175572337940,12:16:15.572,48.7700,126
44175572337940,12:16:15.572,48.7700,100
44175572337940,12:16:15.572,48.7700,100
44175572885876,12:16:15.572,48.7700,200
44182377071535,12:16:22.377,48.7700,100
44182377071535,12:16:22.377,48.7700,100
44225827677222,12:17:05.827,48.7700,100
44225828875338,12:17:05.828,48.7700,200
44225828875338,12:17:05.828,48.7700,500
44225828875338,12:17:05.828,48.7700,100
44225828928066,12:17:05.828,48.7700,100
44225828928066,12:17:05.828,48.7700,100
44225828928066,12:17:05.828,48.7700,200
44225828928066,12:17:05.828,48.7700,200
44225828928066,12:17:05.828,48.7700,400
44225828928066,12:17:05.828,48.7700,500
44225828928066,12:17:05.828,48.7700,100
44225828928066,12:17:05.828,48.7700,300
44242377387982,12:17:22.377,48.7800,100
44245376836549,12:17:25.376,48.7800,100
44245376959952,12:17:25.376,48.7800,100
44245376959952,12:17:25.376,48.7800,100
44245377279386,12:17:25.377,48.7800,300
44245377308796,12:17:25.377,48.7800,700
44253036818426,12:17:33.036,48.7850,100
44253036818426,12:17:33.036,48.7800,100
44253036818426,12:17:33.036,48.7800,100
44253036818426,12:17:33.036,48.7800,200
44253036818426,12:17:33.036,48.7800,126
44253036818426,12:17:33.036,48.7800,200
44253036818426,12:17:33.036,48.7800,400
44253036818426,12:17:33.036,48.7800,74
44253037831613,12:17:33.037,48.7800,26
44253985957993,12:17:33.985,48.7800,100
44253985957993,12:17:33.985,48.7800,400
44258377542446,12:17:38.377,48.7900,100
44258377926303,12:17:38.377,48.7900,999
44258377948204,12:17:38.377,48.7900,400
44258382267299,12:17:38.382,48.7900,200
44258382267299,12:17:38.382,48.7900,100
44258382267299,12:17:38.382,48.7900,100
44258382267299,12:17:38.382,48.7900,200
44258382267299,12:17:38.382,48.7900,100
44258382267299,12:17:38.382,48.7900,100
44258382267299,12:17:38.382,48.7900,100
44258382368453,12:17:38.382,48.7900,135
44258387546172,12:17:38.387,48.7950,100
44260576985757,12:17:40.576,48.7900,265
44260576985757,12:17:40.576,48.7900,100
44260576985757,12:17:40.576,48.7900,100
44260577009952,12:17:40.577,48.7900,100
44260875796939,12:17:40.875,48.7800,400
44260875796939,12:17:40.875,48.7800,100
44260875796939,12:17:40.875,48.7800,100
44260875796939,12:17:40.875,48.7800,100
44260875796939,12:17:40.875,48.7800,400
44260875796939,12:17:40.875,48.7800,200
44260875796939,12:17:40.875,48.7800,100
44260875796939,12:17:40.875,48.7800,100
44260875796939,12:17:40.875,48.7800,4
44260876743811,12:17:40.876,48.7800,96
44260886858072,12:17:40.886,48.7700,100
44267376979220,12:17:47.376,48.7800,100
44267376979220,12:17:47.376,48.7800,100
44267377273286,12:17:47.377,48.7800,43
44268956770116,12:17:48.956,48.7800,300
44272376516554,12:17:52.376,48.7800,100
44272376516554,12:17:52.376,48.7800,100
44272476651702,12:17:52.476,48.7800,600
44272476651702,12:17:52.476,48.7800,100
44293358425143,12:18:13.358,48.7750,100
44301120656271,12:18:21.120,48.7800,100
44301120656271,12:18:21.120,48.7800,400
44301120656271,12:18:21.120,48.7800,4
44301120656271,12:18:21.120,48.7800,400
44310865655992,12:18:30.865,48.7800,100
44349038638353,12:19:09.038,48.7900,100
44378906610759,12:19:38.906,48.8100,100
44406222437319,12:20:06.222,48.8200,100
44406222646035,12:20:06.222,48.8200,500
44406222646035,12:20:06.222,48.8200,200
44406222646035,12:20:06.222,48.8200,5
44406222646035,12:20:06.222,48.8200,1
44409691688131,12:20:09.691,48.8200,100
44409691688131,12:20:09.691,48.8200,100
44409691688131,12:20:09.691,48.8200,300
44409691688131,12:20:09.691,48.8200,300
44409693008689,12:20:09.693,48.8100,100
44409693008689,12:20:09.693,48.8100,100
44409693008689,12:20:09.693,48.8100,100
44409693008689,12:20:09.693,48.8100,1400
44409693008689,12:20:09.693,48.8100,300
44409693008689,12:20:09.693,48.8100,300
44409693008689,12:20:09.693,48.8100,100
44409693556046,12:20:09.693,48.8100,100
44409693587606,12:20:09.693,48.8100,100
44409693713463,12:20:09.693,48.8100,100
44409693756024,12:20:09.693,48.8100,200
44409695347085,12:20:09.695,48.8000,100
44409695347085,12:20:09.695,48.8000,400
44409695347085,12:20:09.695,48.8000,1100
44409695347085,12:20:09.695,48.8000,300
44409695347085,12:20:09.695,48.8000,100
44409695347085,12:20:09.695,48.8000,100
44409695347085,12:20:09.695,48.8000,100
44409695347085,12:20:09.695,48.8000,100
44409695347085,12:20:09.695,48.8000,100
44409699328180,12:20:09.699,48.8000,100
44409699332884,12:20:09.699,48.8000,100
44409699332884,12:20:09.699,48.8000,200
44409699366073,12:20:09.699,48.8000,100
44409699413564,12:20:09.699,48.8000,200
44409699471115,12:20:09.699,48.8000,200
44409701244272,12:20:09.701,48.8000,100
44409707267585,12:20:09.707,48.8000,500
44410376891990,12:20:10.376,48.8100,400
44443541637150,12:20:43.541,48.8200,200
44443568176812,12:20:43.568,48.8250,100
44447377225552,12:20:47.377,48.8300,100
44447377225552,12:20:47.377,48.8300,100
44447377339401,12:20:47.377,48.8300,100
44447377395098,12:20:47.377,48.8300,100
44452380056992,12:20:52.380,48.8300,200
44479956839356,12:21:19.956,48.8300,5
44512257358056,12:21:52.257,48.8300,595
44512258829928,12:21:52.258,48.8300,264
44512258919030,12:21:52.258,48.8300,300
44512259126489,12:21:52.259,48.8300,236
44512259126489,12:21:52.259,48.8300,28
44512259247358,12:21:52.259,48.8300,172
44512259247358,12:21:52.259,48.8300,100
44512259247358,12:21:52.259,48.8300,28
44512259361071,12:21:52.259,48.8300,136
44513408743909,12:21:53.408,48.8350,100
44513409813967,12:21:53.409,48.8400,100
44513409813967,12:21:53.409,48.8400,100
44513409813967,12:21:53.409,48.8400,100
44513409813967,12:21:53.409,48.8400,200
44513409961167,12:21:53.409,48.8400,100
44519664071358,12:21:59.664,48.8400,5
44519944729443,12:21:59.944,48.8400,100
44520376583806,12:22:00.376,48.8400,200
44520438790566,12:22:00.438,48.8400,400
44520439153957,12:22:00.439,48.8400,100
44520606284911,12:22:00.606,48.8400,100
44520606284911,12:22:00.606,48.8400,600
44520606284911,12:22:00.606,48.8400,100
44520606284911,12:22:00.606,48.8400,400
44520606284911,12:22:00.606,48.8400,100
44529195747439,12:22:09.195,48.8400,4
44529197631401,12:22:09.197,48.8400,100
44529197631401,12:22:09.197,48.8400,100
44529197631401,12:22:09.197,48.8400,200
44529197631401,12:22:09.197,48.8400,200
44529197631401,12:22:09.197,48.8400,100
44529197631401,12:22:09.197,48.8400,400
44529197631401,12:22:09.197,48.8400,200
44529197668520,12:22:09.197,48.8400,100
44529198175595,12:22:09.198,48.8400,100
44529198175595,12:22:09.198,48.8400,100
44529198175595,12:22:09.198,48.8400,100
44529198175595,12:22:09.198,48.8400,300
44529200612580,12:22:09.200,48.8400,100
44534421421652,12:22:14.421,48.8400,100
44534421421652,12:22:14.421,48.8400,100
44534421421652,12:22:14.421,48.8400,400
44534421421652,12:22:14.421,48.8400,300
44535427050069,12:22:15.427,48.8600,100
44535427050069,12:22:15.427,48.8600,400
44535427050069,12:22:15.427,48.8600,100
44539961818808,12:22:19.961,48.8650,100
44539961818808,12:22:19.961,48.8600,100
44539961818808,12:22:19.961,48.8600,100
44540840848758,12:22:20.840,48.8500,100
44540840848758,12:22:20.840,48.8500,200
44543376737190,12:22:23.376,48.8500,100
44546168537336,12:22:26.168,48.8500,300
44546170529705,12:22:26.170,48.8500,100
44546170529705,12:22:26.170,48.8500,100
44546170529705,12:22:26.170,48.8500,100
44546170588825,12:22:26.170,48.8500,100
44546170588825,12:22:26.170,48.8500,100
44546303738426,12:22:26.303,48.8500,400
44546303738426,12:22:26.303,48.8500,100
44546303738426,12:22:26.303,48.8500,100
44556200009421,12:22:36.200,48.8500,100
44556200009421,12:22:36.200,48.8500,100
44556200009421,12:22:36.200,48.8500,100
44574193405292,12:22:54.193,48.8500,400
44574193405292,12:22:54.193,48.8500,157
44574193465154,12:22:54.193,48.8500,1043
44574193465154,12:22:54.193,48.8500,100
44574195050560,12:22:54.195,48.8400,1602
44581747530972,12:23:01.747,48.8500,100
44581747664511,12:23:01.747,48.8500,100
44649359273890,12:24:09.359,48.8400,100
44649359273890,12:24:09.359,48.8400,100
44649359273890,12:24:09.359,48.8400,100
44649359273890,12:24:09.359,48.8400,7
44658376674663,12:24:18.376,48.8500,100
44702945928767,12:25:02.945,48.8500,304
44702946226440,12:25:02.946,48.8500,100
44703377471922,12:25:03.377,48.8500,100
44703377471922,12:25:03.377,48.8500,21
44703450091127,12:25:03.450,48.8500,1
44713377213564,12:25:13.377,48.8500,100
44713377367961,12:25:13.377,48.8500,66
44713377367961,12:25:13.377,48.8500,34
44718376857192,12:25:18.376,48.8500,66
44718377551211,12:25:18.377,48.8500,100
44718377551211,12:25:18.377,48.8500,100
44718377551211,12:25:18.377,48.8500,100
44718377551211,12:25:18.377,48.8500,100
44718377551211,12:25:18.377,48.8500,100
44718377551211,12:25:18.377,48.8500,100
44718377551211,12:25:18.377,48.8500,100
44718377551211,12:25:18.377,48.8500,100
44718377551211,12:25:18.377,48.8500,300
44718377584291,12:25:18.377,48.8500,100
44722174321915,12:25:22.174,48.8500,100
44722174351047,12:25:22.174,48.8500,300
44722174351047,12:25:22.174,48.8500,100
44722174351047,12:25:22.174,48.8500,100
44722174351047,12:25:22.174,48.8500,100
44729940550036,12:25:29.940,48.8400,39
44804165923184,12:26:44.165,48.8500,100
44804165923184,12:26:44.165,48.8500,100
44804166203584,12:26:44.166,48.8500,100
44813376925966,12:26:53.376,48.8500,100
44813376925966,12:26:53.376,48.8500,100
44813376925966,12:26:53.376,48.8500,10
44813376925966,12:26:53.376,48.8500,390
44821183759193,12:27:01.183,48.8550,100
44821183759193,12:27:01.183,48.8500,100
44821183759193,12:27:01.183,48.8500,100
44821183759193,12:27:01.183,48.8500,15
44821183759193,12:27:01.183,48.8500,385
44821184070701,12:27:01.184,48.8500,38
44821184086151,12:27:01.184,48.8500,62
44830303409578,12:27:10.303,48.8500,200
44830303695719,12:27:10.303,48.8500,200
44830303982739,12:27:10.303,48.8500,100
44830303983356,12:27:10.303,48.8500,100
44840025944664,12:27:20.025,48.8500,100
44918707648782,12:28:38.707,48.8500,7
44918707648782,12:28:38.707,48.8500,100
44918707651441,12:28:38.707,48.8500,107
44918707655571,12:28:38.707,48.8500,107
44918707928954,12:28:38.707,48.8500,100
44918707928954,12:28:38.707,48.8500,786
44926109524153,12:28:46.109,48.8600,100
44926109858078,12:28:46.109,48.8600,100
44930376961163,12:28:50.376,48.8600,100
44934610297945,12:28:54.610,48.8600,300
44934610297945,12:28:54.610,48.8600,66
44934960219398,12:28:54.960,48.8600,34
44949014880319,12:29:09.014,48.8600,38
44965024167005,12:29:25.024,48.8650,100
44986631100093,12:29:46.631,48.8650,100
44992783763071,12:29:52.783,48.8600,62
44992783763071,12:29:52.783,48.8600,100
44992783763071,12:29:52.783,48.8600,100
44992783763071,12:29:52.783,48.8600,100
44992783763071,12:29:52.783,48.8600,100
45026659747856,12:30:26.659,48.8500,100
45026659747856,12:30:26.659,48.8500,100
45026659747856,12:30:26.659,48.8500,400
45053640472223,12:30:53.640,48.8400,98
45053640859930,12:30:53.640,48.8400,2
45053640859930,12:30:53.640,48.8400,96
