timestamp,time,price,volume
30843031194282,08:34:03.031,0.2400,2000
32448849120147,09:00:48.849,0.2394,12499
32713275070989,09:05:13.275,0.2380,10
32720275151222,09:05:20.275,0.2380,30
32735294771872,09:05:35.294,0.2379,5
32777245602966,09:06:17.245,0.2375,24
32784003805303,09:06:24.003,0.2375,1000
32793415091254,09:06:33.415,0.2375,597
32805629361084,09:06:45.629,0.2375,14
32826894876670,09:07:06.894,0.2375,940
32881801327181,09:08:01.801,0.2358,88
32904774763327,09:08:24.774,0.2360,1
32925474035618,09:08:45.474,0.2370,500
32967015954829,09:09:27.015,0.2360,100
32967016557330,09:09:27.016,0.2360,88
32974767545764,09:09:34.767,0.2360,4
33013033802441,09:10:13.033,0.2360,200
33013034365207,09:10:13.034,0.2360,2607
33013034365207,09:10:13.034,0.2360,193
33022637916881,09:10:22.637,0.2360,39
33031166102084,09:10:31.166,0.2360,475
33036759480249,09:10:36.759,0.2360,43
33036759505581,09:10:36.759,0.2360,32
33073009359815,09:11:13.009,0.2360,100
33085785580701,09:11:25.785,0.2360,500
33108123439615,09:11:48.123,0.2373,700
33108124060360,09:11:48.124,0.2373,300
33111278128736,09:11:51.278,0.2373,200
33111278748062,09:11:51.278,0.2373,300
33155366574846,09:12:35.366,0.2384,500
33179287112413,09:12:59.287,0.2373,25
33234584960043,09:13:54.584,0.2375,970
33239026461786,09:13:59.026,0.2373,100
33239027057212,09:13:59.027,0.2373,330
33296338048546,09:14:56.338,0.2383,100
33296338593390,09:14:56.338,0.2383,100
33330118103969,09:15:30.118,0.2383,16
33362353910853,09:16:02.353,0.2384,4
33369209262490,09:16:09.209,0.2384,400
33372807054454,09:16:12.807,0.2384,3
33404685957489,09:16:44.685,0.2385,200
33428085052628,09:17:08.085,0.2380,70
33443818317057,09:17:23.818,0.2380,30
33443818317057,09:17:23.818,0.2380,585
33485115614873,09:18:05.115,0.2373,475
33490845793327,09:18:10.845,0.2373,50
33538734273506,09:18:58.734,0.2374,15
33567928038185,09:19:27.928,0.2374,13
33672077575285,09:21:12.077,0.2375,1000
33672077575285,09:21:12.077,0.2375,1000
33672077575285,09:21:12.077,0.2375,1000
33672078504774,09:21:12.078,0.2374,972
33763804594213,09:22:43.804,0.2380,554
33949736014721,09:25:49.736,0.2380,160
33994759911159,09:26:34.759,0.2380,88
33995224050519,09:26:35.224,0.2380,100
33999325827936,09:26:39.325,0.2385,13
34065979136087,09:27:45.979,0.2380,98
34065979136087,09:27:45.979,0.2380,802
34074356184873,09:27:54.356,0.2380,150
34082672505243,09:28:02.672,0.2380,48
34082672505243,09:28:02.672,0.2380,1000
34082672505243,09:28:02.672,0.2380,2000
34082672505243,09:28:02.672,0.2373,78
34082672505243,09:28:02.672,0.2370,185
34082672505243,09:28:02.672,0.2365,1899
34089669927439,09:28:09.669,0.2365,50
34126176285274,09:28:46.176,0.2365,2051
34126176285274,09:28:46.176,0.2360,10000
34126176285274,09:28:46.176,0.2358,2949
34133641362266,09:28:53.641,0.2358,10
34172651423418,09:29:32.651,0.2360,10
34178181496086,09:29:38.181,0.2385,10
34184686573272,09:29:44.686,0.2360,100
34185236504592,09:29:45.236,0.2360,120
34200878563835,09:30:00.878,0.2400,18586
34200878563835,09:30:00.878,0.2400,247105
34201395607725,09:30:01.395,0.2398,100
34201396491565,09:30:01.396,0.2398,7
34204608628974,09:30:04.608,0.2400,100
34258673566485,09:30:58.673,0.2393,14
34258673566485,09:30:58.673,0.2390,343
34271534158806,09:31:11.534,0.2390,2000
34273490322704,09:31:13.490,0.2400,12329
34285014769009,09:31:25.014,0.2390,100
34321151094582,09:32:01.151,0.2390,729
34321151514708,09:32:01.151,0.2390,1000
34347184799103,09:32:27.184,0.2391,325
34366086367996,09:32:46.086,0.2390,628
34366086367996,09:32:46.086,0.2390,4200
34455731230151,09:34:15.731,0.2385,2500
34466484259858,09:34:26.484,0.2385,1000
34470354125023,09:34:30.354,0.2385,300
34474844072917,09:34:34.844,0.2385,428
34478111103137,09:34:38.111,0.2385,4272
34478127329606,09:34:38.127,0.2384,13
34478127329606,09:34:38.127,0.2384,1
34478127329606,09:34:38.127,0.2384,214
34487193986527,09:34:47.193,0.2384,20000
34487194355255,09:34:47.194,0.2384,4786
34490577637065,09:34:50.577,0.2383,209
34490577637065,09:34:50.577,0.2381,116
34492057459388,09:34:52.057,0.2381,21
34492058111540,09:34:52.058,0.2380,1820
34492058716979,09:34:52.058,0.2377,30
34492058716979,09:34:52.058,0.2377,2000
34492058716979,09:34:52.058,0.2377,192
34492058716979,09:34:52.058,0.2377,9
34492058716979,09:34:52.058,0.2377,150
34492058716979,09:34:52.058,0.2377,420
34492059399659,09:34:52.059,0.2375,2987
34493656519146,09:34:53.656,0.2380,1000
34503908816952,09:35:03.908,0.2380,100
34504227385264,09:35:04.227,0.2380,1000
34512665682657,09:35:12.665,0.2380,800
34512667767812,09:35:12.667,0.2375,5513
34522276462005,09:35:22.276,0.2365,125
34584414757574,09:36:24.414,0.2380,1000
34605040223345,09:36:45.040,0.2380,1893
34608591283518,09:36:48.591,0.2365,116
34612206854963,09:36:52.206,0.2385,250
34612208766838,09:36:52.208,0.2390,224
34612208766838,09:36:52.208,0.2390,16
34808518448858,09:40:08.518,0.2366,750
34830075677417,09:40:30.075,0.2370,1500
34861116691990,09:41:01.116,0.2370,800
34861126067433,09:41:01.126,0.2370,1600
34940547591396,09:42:20.547,0.2365,1000
34940547591396,09:42:20.547,0.2365,33
34940547591396,09:42:20.547,0.2365,9000
34940553693377,09:42:20.553,0.2360,1
34940553693377,09:42:20.553,0.2360,4966
34982407093548,09:43:02.407,0.2358,2519
35049366325318,09:44:09.366,0.2353,15
35049380812984,09:44:09.380,0.2350,37
35049380812984,09:44:09.380,0.2350,448
35059496062459,09:44:19.496,0.2350,40
35065900940050,09:44:25.900,0.2350,200
35069978299349,09:44:29.978,0.2350,61
35071417737741,09:44:31.417,0.2350,951
35073596242434,09:44:33.596,0.2348,75
35073947200009,09:44:33.947,0.2341,1500
35087754859522,09:44:47.754,0.2350,1900
35094779577164,09:44:54.779,0.2350,45
35120775739970,09:45:20.775,0.2350,1055
35120775739970,09:45:20.775,0.2350,1
35120775739970,09:45:20.775,0.2350,1
35129901299602,09:45:29.901,0.2340,1000
35129901299602,09:45:29.901,0.2340,7931
35129901299602,09:45:29.901,0.2340,400
35129903374404,09:45:29.903,0.2330,1000
35132764625814,09:45:32.764,0.2350,74
35132798825176,09:45:32.798,0.2350,1200
35132798825176,09:45:32.798,0.2350,26
35165477353807,09:46:05.477,0.2330,4650
35271793544130,09:47:51.793,0.2330,600
35271815292339,09:47:51.815,0.2330,1400
35309635524301,09:48:29.635,0.2324,1400
35335130313101,09:48:55.130,0.2330,6000
35335130313101,09:48:55.130,0.2330,4888
35335146013867,09:48:55.146,0.2350,2831
35335146013867,09:48:55.146,0.2350,1000
35459110227188,09:50:59.110,0.2340,500
35485446392254,09:51:25.446,0.2345,100
35512158478153,09:51:52.158,0.2345,200
35557170150820,09:52:37.170,0.2340,200
35571632256122,09:52:51.632,0.2330,200
35571632256122,09:52:51.632,0.2330,6
35576540151161,09:52:56.540,0.2329,1200
35583120284388,09:53:03.120,0.2325,2000
35583120284388,09:53:03.120,0.2325,874
35649957167397,09:54:09.957,0.2345,288
35649957167397,09:54:09.957,0.2345,212
35669665953841,09:54:29.665,0.2345,7
35689729336280,09:54:49.729,0.2349,300
35847077076840,09:57:27.077,0.2360,500
35953533986214,09:59:13.533,0.2375,4000
35953533986214,09:59:13.533,0.2375,600
35953550617275,09:59:13.550,0.2380,400
35983981409535,09:59:43.981,0.2360,1000
35994571940494,09:59:54.571,0.2370,48
36010935549493,10:00:10.935,0.2370,4000
36034537898880,10:00:34.537,0.2370,300
36060497100643,10:01:00.497,0.2370,570
36113348050176,10:01:53.348,0.2380,10
36173474650849,10:02:53.474,0.2384,30
36173474650849,10:02:53.474,0.2385,2770
36173487848249,10:02:53.487,0.2385,75
36173975671337,10:02:53.975,0.2385,2325
36173993772743,10:02:53.993,0.2383,1200
36173993772743,10:02:53.993,0.2383,300
36173993784286,10:02:53.993,0.2383,700
36174013938450,10:02:54.013,0.2383,1300
36174013938450,10:02:54.013,0.2383,1000
36174013960643,10:02:54.013,0.2383,200
36174034095108,10:02:54.034,0.2383,1000
36174034095108,10:02:54.034,0.2383,800
36174034095108,10:02:54.034,0.2383,500
36174055807280,10:02:54.055,0.2383,1000
36174055807280,10:02:54.055,0.2383,800
36176602576147,10:02:56.602,0.2380,3000
36176602576147,10:02:56.602,0.2380,6990
36206371254112,10:03:26.371,0.2380,1
36220563326077,10:03:40.563,0.2370,1000
36248731316505,10:04:08.731,0.2370,5596
36258303258280,10:04:18.303,0.2370,4800
36302150295202,10:05:02.150,0.2380,5900
36302150295202,10:05:02.150,0.2380,499
36302153841871,10:05:02.153,0.2383,800
36302156510995,10:05:02.156,0.2384,1829
36420909123893,10:07:00.909,0.2384,62
36450328093389,10:07:30.328,0.2380,500
36450328649410,10:07:30.328,0.2380,300
36450341437457,10:07:30.341,0.2380,200
36450341996511,10:07:30.341,0.2380,200
36450353029256,10:07:30.353,0.2380,300
36450353569558,10:07:30.353,0.2380,200
36481727691914,10:08:01.727,0.2380,300
36481747311525,10:08:01.747,0.2380,500
36481765026641,10:08:01.765,0.2380,500
36481783221516,10:08:01.783,0.2380,500
36481801130998,10:08:01.801,0.2380,500
36481821202953,10:08:01.821,0.2380,500
36494237307590,10:08:14.237,0.2380,303
36517978141173,10:08:37.978,0.2380,100
36525937348626,10:08:45.937,0.2380,97
36528546249993,10:08:48.546,0.2370,400
36551482895908,10:09:11.482,0.2370,1000
36565956056929,10:09:25.956,0.2370,2286
36565956056929,10:09:25.956,0.2370,374
36565969834641,10:09:25.969,0.2370,2626
36565969834641,10:09:25.969,0.2370,1574
36585295406769,10:09:45.295,0.2370,26
36585295406769,10:09:45.295,0.2370,74
36586267081847,10:09:46.267,0.2370,2900
36586282790178,10:09:46.282,0.2370,26
36586282790178,10:09:46.282,0.2370,2974
36586300884238,10:09:46.300,0.2370,26
36586300884238,10:09:46.300,0.2370,974
36617989602987,10:10:17.989,0.2370,2
36716884973579,10:11:56.884,0.2370,24
36875318276983,10:14:35.318,0.2363,1600
36937967682658,10:15:37.967,0.2360,1275
37063128523238,10:17:43.128,0.2366,1887
37073779257274,10:17:53.779,0.2361,250
37073779257274,10:17:53.779,0.2361,5
37073779257274,10:17:53.779,0.2361,1648
37089737760436,10:18:09.737,0.2360,225
37089737760436,10:18:09.737,0.2360,14
37089737760436,10:18:09.737,0.2360,366
37119623507300,10:18:39.623,0.2360,1700
37182388720715,10:19:42.388,0.2360,570
37189850601671,10:19:49.850,0.2360,1000
37243828587469,10:20:43.828,0.2360,3100
37243838251867,10:20:43.838,0.2360,72
37256418063812,10:20:56.418,0.2355,2
37365577129435,10:22:45.577,0.2359,9920
37365577129435,10:22:45.577,0.2360,9970
37473668281861,10:24:33.668,0.2360,100
37483742523728,10:24:43.742,0.2360,300
37488696423769,10:24:48.696,0.2360,300
37503730965367,10:25:03.730,0.2360,800
37518777844379,10:25:18.777,0.2360,800
37526864320639,10:25:26.864,0.2360,400
37529806765497,10:25:29.806,0.2360,100
37543819860822,10:25:43.819,0.2360,700
37558848300899,10:25:58.848,0.2360,800
37574110762988,10:26:14.110,0.2360,400
37586144602926,10:26:26.144,0.2360,600
37601172220285,10:26:41.172,0.2360,700
37615949458161,10:26:55.949,0.2360,800
37631221906185,10:27:11.221,0.2360,700
37644250492448,10:27:24.250,0.2360,700
37653067186477,10:27:33.067,0.2360,400
37656276556900,10:27:36.276,0.2360,200
37662468190345,10:27:42.468,0.2351,100
37662468190345,10:27:42.468,0.2350,85
37662468190345,10:27:42.468,0.2350,100
37662481044645,10:27:42.481,0.2345,200
37662481044645,10:27:42.481,0.2345,1500
37662486588912,10:27:42.486,0.2345,600
37671303513249,10:27:51.303,0.2360,800
37686330843184,10:28:06.330,0.2360,800
37693157496935,10:28:13.157,0.2360,500
37701356875061,10:28:21.356,0.2360,500
37716382602184,10:28:36.382,0.2360,900
37731409817886,10:28:51.409,0.2360,800
37746435839639,10:29:06.435,0.2360,900
37760481066760,10:29:20.481,0.2360,900
37775487847970,10:29:35.487,0.2360,800
37782289619376,10:29:42.289,0.2360,200
37790514210559,10:29:50.514,0.2360,500
37805541681995,10:30:05.541,0.2360,800
37820568105657,10:30:20.568,0.2360,800
37830424698730,10:30:30.424,0.2360,500
37835592988036,10:30:35.592,0.2360,300
37850620800839,10:30:50.620,0.2360,700
37865645792834,10:31:05.645,0.2360,800
37870548579501,10:31:10.548,0.2360,200
37875285663116,10:31:15.285,0.2350,100
37875293698902,10:31:15.293,0.2350,9900
37880681355382,10:31:20.681,0.2360,600
37882912100791,10:31:22.912,0.2342,200
37892708173397,10:31:32.708,0.2360,600
37896543837005,10:31:36.543,0.2342,600
37896543837005,10:31:36.543,0.2342,1000
37896895850227,10:31:36.895,0.2342,600
37896895850227,10:31:36.895,0.2342,800
37897216803634,10:31:37.216,0.2342,1200
37897216803634,10:31:37.216,0.2342,765
37907742394801,10:31:47.742,0.2360,800
37909303523980,10:31:49.303,0.2350,5
37909303523980,10:31:49.303,0.2350,100
37909303523980,10:31:49.303,0.2345,215
37920423654674,10:32:00.423,0.2346,3010
37920766162608,10:32:00.766,0.2346,900
37922770293490,10:32:02.770,0.2360,700
37937796707058,10:32:17.796,0.2360,700
37947378639758,10:32:27.378,0.2350,180
37947378639758,10:32:27.378,0.2350,200
37947385691418,10:32:27.385,0.2340,85
37947385691418,10:32:27.385,0.2340,205
37950752902854,10:32:30.752,0.2360,700
37952817358782,10:32:32.817,0.2360,100
37964847993116,10:32:44.847,0.2360,600
37979871918054,10:32:59.871,0.2360,800
37994898707006,10:33:14.898,0.2360,900
38008931729370,10:33:28.931,0.2360,900
38017859431293,10:33:37.859,0.2360,600
38017859610911,10:33:37.859,0.2360,2000
38023958162042,10:33:43.958,0.2360,300
38037009167272,10:33:57.009,0.2360,900
38052013801453,10:34:12.013,0.2360,900
38062945411515,10:34:22.945,0.2360,700
38065036563475,10:34:25.036,0.2360,100
38080071274540,10:34:40.071,0.2360,1000
38094097424762,10:34:54.097,0.2359,800
38109127847673,10:35:09.127,0.2359,628
38109348835151,10:35:09.348,0.2360,200
38123602474455,10:35:23.602,0.2360,600
38136636333524,10:35:36.636,0.2360,700
38142071958179,10:35:42.071,0.2360,300
38151663438396,10:35:51.663,0.2360,500
38166692941860,10:36:06.692,0.2360,800
38181720718668,10:36:21.720,0.2360,527
38181720718668,10:36:21.720,0.2360,273
38195747695915,10:36:35.747,0.2360,700
38210780264378,10:36:50.780,0.2360,800
38225808958048,10:37:05.808,0.2360,777
38225808958048,10:37:05.808,0.2360,23
38240836955813,10:37:20.836,0.2360,800
38250504288996,10:37:30.504,0.2360,7105
38253863894222,10:37:33.863,0.2360,700
38268891713980,10:37:48.891,0.2360,800
38271256241847,10:37:51.256,0.2360,200
38283934549521,10:38:03.934,0.2360,400
38298944109060,10:38:18.944,0.2360,3
38298944109060,10:38:18.944,0.2360,897
38307383531046,10:38:27.383,0.2360,500
38313971264893,10:38:33.971,0.2360,400
38316897322833,10:38:36.897,0.2360,3
38316898031103,10:38:36.898,0.2370,4097
38450622324688,10:40:50.622,0.2360,2500
38450625058243,10:40:50.625,0.2356,1000
38450625058243,10:40:50.625,0.2356,1000
38450625058243,10:40:50.625,0.2356,400
38450629236225,10:40:50.629,0.2355,121
38606063557548,10:43:26.063,0.2350,3000
38688163301027,10:44:48.163,0.2360,80
38711290732203,10:45:11.290,0.2351,100
38746047733256,10:45:46.047,0.2352,400
38746049455612,10:45:46.049,0.2352,20
38751052374010,10:45:51.052,0.2351,276
38751058023013,10:45:51.058,0.2350,13969
38751058167759,10:45:51.058,0.2350,1362
38751058536714,10:45:51.058,0.2350,5669
38751058536714,10:45:51.058,0.2350,1731
38751058548724,10:45:51.058,0.2350,1450
38806192342661,10:46:46.192,0.2341,17
38822570486384,10:47:02.570,0.2340,2300
38822572467409,10:47:02.572,0.2334,430
38822572467409,10:47:02.572,0.2334,80
38830657014218,10:47:10.657,0.2334,320
38835956766684,10:47:15.956,0.2331,4900
38835956766684,10:47:15.956,0.2331,3000
38835956766684,10:47:15.956,0.2331,400
38835960978044,10:47:15.960,0.2330,1000
38835960978044,10:47:15.960,0.2330,295
38835960978044,10:47:15.960,0.2330,425
38920266596995,10:48:40.266,0.2340,1000
38920270058583,10:48:40.270,0.2340,600
38920274720166,10:48:40.274,0.2340,246
38920276371638,10:48:40.276,0.2340,246
38920277976660,10:48:40.277,0.2340,246
38920279570175,10:48:40.279,0.2340,246
38920281500257,10:48:40.281,0.2340,262
38920283347115,10:48:40.283,0.2340,354
39003037536594,10:50:03.037,0.2351,100
39004993017824,10:50:04.993,0.2351,100
39004993683270,10:50:04.993,0.2351,41
39064296070759,10:51:04.296,0.2351,200
39080370209185,10:51:20.370,0.2361,1000
39080370713893,10:51:20.370,0.2361,25
39286357334087,10:54:46.357,0.2356,200
39286357334087,10:54:46.357,0.2356,458
39291947669600,10:54:51.947,0.2356,1300
39291991416094,10:54:51.991,0.2352,2500
39344183450137,10:55:44.183,0.2350,200
39344189691852,10:55:44.189,0.2350,200
39344189691852,10:55:44.189,0.2350,156
39344189691852,10:55:44.189,0.2350,337
39413746866329,10:56:53.746,0.2360,200
39414087465431,10:56:54.087,0.2360,1300
39418674660781,10:56:58.674,0.2364,1301
39617744334455,11:00:17.744,0.2361,800
39630775556214,11:00:30.775,0.2361,50
39703248453518,11:01:43.248,0.2362,100
39725968890124,11:02:05.968,0.2360,1500
39725968890124,11:02:05.968,0.2360,2400
39725987597649,11:02:05.987,0.2360,400
39726007831705,11:02:06.007,0.2345,2300
39726045320160,11:02:06.045,0.2345,2400
39726045320160,11:02:06.045,0.2345,400
39822663053735,11:03:42.663,0.2348,800
39837939653316,11:03:57.939,0.2361,1000
39837939653316,11:03:57.939,0.2361,400
39921192453855,11:05:21.192,0.2365,90
40056041834898,11:07:36.041,0.2365,400
40072576975317,11:07:52.576,0.2354,10
40072579340242,11:07:52.579,0.2353,50
40072582248555,11:07:52.582,0.2347,1400
40072582248555,11:07:52.582,0.2347,2400
40072582248555,11:07:52.582,0.2347,400
40072582362496,11:07:52.582,0.2347,500
40072584581533,11:07:52.584,0.2347,1500
40072584581533,11:07:52.584,0.2347,400
40072585261437,11:07:52.585,0.2347,1000
40072586006253,11:07:52.586,0.2347,1000
40072588752347,11:07:52.588,0.2346,204
40072590855349,11:07:52.590,0.2345,800
40072590855349,11:07:52.590,0.2345,400
40072590890708,11:07:52.590,0.2345,900
40072593697500,11:07:52.593,0.2345,800
40072593697500,11:07:52.593,0.2345,400
40106082358306,11:08:26.082,0.2343,475
40224582679646,11:10:24.582,0.2361,1900
40266059998704,11:11:06.059,0.2360,36
40277671342629,11:11:17.671,0.2360,600
40292708774491,11:11:32.708,0.2360,1000
40294490412821,11:11:34.490,0.2360,100
40307738188962,11:11:47.738,0.2360,106
40307738188962,11:11:47.738,0.2360,694
40337797168351,11:12:17.797,0.2360,600
40361701058527,11:12:41.701,0.2360,600
40375081701073,11:12:55.081,0.2348,2800
40380890034156,11:13:00.890,0.2360,900
40399838989238,11:13:19.838,0.2360,300
40399839137820,11:13:19.839,0.2360,577
40408950203724,11:13:28.950,0.2360,600
40423978168634,11:13:43.978,0.2360,729
40423978168634,11:13:43.978,0.2360,571
40438012889961,11:13:58.012,0.2360,229
40438012889961,11:13:58.012,0.2360,971
40453041260149,11:14:13.041,0.2360,1300
40463300742322,11:14:23.300,0.2348,200
40463300742322,11:14:23.300,0.2348,1800
40463300884061,11:14:23.300,0.2348,600
40468072131583,11:14:28.072,0.2360,1200
40472920972940,11:14:32.920,0.2360,400
40483108797063,11:14:43.108,0.2360,800
40498140439163,11:14:58.140,0.2360,35
40498140439163,11:14:58.140,0.2360,595
40498140439163,11:14:58.140,0.2360,570
40513176390764,11:15:13.176,0.2360,1200
40520048170198,11:15:20.048,0.2360,500
40542239837376,11:15:42.239,0.2360,285
40542239837376,11:15:42.239,0.2360,815
40555269428368,11:15:55.269,0.2360,1000
40559653030774,11:15:59.653,0.2360,100
40570300666193,11:16:10.300,0.2360,1100
40585325370571,11:16:25.325,0.2360,1100
40600228868704,11:16:40.228,0.2360,1100
40615382239939,11:16:55.382,0.2360,1000
40630417539559,11:17:10.417,0.2360,1100
40633890764916,11:17:13.890,0.2350,600
40645444093392,11:17:25.444,0.2360,900
40647379370393,11:17:27.379,0.2360,100
40656871550285,11:17:36.871,0.2350,290
40660473845773,11:17:40.473,0.2360,900
40660474007091,11:17:40.474,0.2360,600
40675524993857,11:17:55.524,0.2360,1100
40687590895886,11:18:07.590,0.2360,800
40700592701447,11:18:20.592,0.2360,900
40709789892584,11:18:29.789,0.2360,975
40709795808480,11:18:29.795,0.2361,1826
40709798006472,11:18:29.798,0.2375,30
40709798006472,11:18:29.798,0.2375,204
40709798006472,11:18:29.798,0.2375,2145
40709798006472,11:18:29.798,0.2375,673
40709798006472,11:18:29.798,0.2375,300
40709803788812,11:18:29.803,0.2377,36
40774415676413,11:19:34.415,0.2350,10
40774415676413,11:19:34.415,0.2350,400
40774415676413,11:19:34.415,0.2350,1500
40774415676413,11:19:34.415,0.2350,1500
40774415676413,11:19:34.415,0.2350,123
40774425470476,11:19:34.425,0.2350,200
40774453304967,11:19:34.453,0.2350,100
40774453304967,11:19:34.453,0.2350,33
40952275574630,11:22:32.275,0.2362,200
40952298208476,11:22:32.298,0.2362,800
41035198257048,11:23:55.198,0.2360,1000
41035198257048,11:23:55.198,0.2360,600
41035198257048,11:23:55.198,0.2360,100
41035198257048,11:23:55.198,0.2360,200
41035821826182,11:23:55.821,0.2350,4
41035821826182,11:23:55.821,0.2350,225
41035821826182,11:23:55.821,0.2350,300
41035821826182,11:23:55.821,0.2350,670
41052636993420,11:24:12.636,0.2368,40
41052636993420,11:24:12.636,0.2368,1000
41052637677720,11:24:12.637,0.2369,5
41052637677720,11:24:12.637,0.2370,6500
41052637677720,11:24:12.637,0.2370,1000
41218425168450,11:26:58.425,0.2350,1200
41218425168450,11:26:58.425,0.2350,100
41218425168450,11:26:58.425,0.2350,1400
41249662804550,11:27:29.662,0.2368,100
41656723754922,11:34:16.723,0.2367,101
41656724265891,11:34:16.724,0.2368,1300
41656724890927,11:34:16.724,0.2380,600
41656724890927,11:34:16.724,0.2380,4
41656724890927,11:34:16.724,0.2380,1385
41656724890927,11:34:16.724,0.2380,7
41669941245593,11:34:29.941,0.2375,100
41815987975079,11:36:55.987,0.2360,300
41815987975079,11:36:55.987,0.2360,200
41833998961971,11:37:13.998,0.2360,200
41834028376598,11:37:14.028,0.2360,200
41902619042686,11:38:22.619,0.2360,150
41975008056447,11:39:35.008,0.2358,100
42159972772797,11:42:39.972,0.2365,100
42350856127811,11:45:50.856,0.2364,100
42354789726053,11:45:54.789,0.2370,8400
42449369619602,11:47:29.369,0.2364,204
42461651899330,11:47:41.651,0.2364,40
42653901664395,11:50:53.901,0.2368,900
42903439454257,11:55:03.439,0.2368,8971
42903439454257,11:55:03.439,0.2368,25
43200685564387,12:00:00.685,0.2375,1200
43200706237760,12:00:00.706,0.2375,100
43200706237760,12:00:00.706,0.2375,100
43219122188551,12:00:19.122,0.2380,22
43219122188551,12:00:19.122,0.2380,4880
43451795640625,12:04:11.795,0.2380,298
43561268144347,12:06:01.268,0.2376,300
43720981956652,12:08:40.981,0.2376,100
43745137635494,12:09:05.137,0.2376,2000
43762993432181,12:09:22.993,0.2379,100
43774257793924,12:09:34.257,0.2376,150
44227792792880,12:17:07.792,0.2379,300
44227913759788,12:17:07.913,0.2379,22
44497565904327,12:21:37.565,0.2379,30
44590179246009,12:23:10.179,0.2376,1650
44830694980512,12:27:10.694,0.2377,100
44830699962061,12:27:10.699,0.2379,4670
44830699962061,12:27:10.699,0.2379,1447
44830708710651,12:27:10.708,0.2379,4600
44968391369435,12:29:28.391,0.2380,100
44968391369435,12:29:28.391,0.2380,100
44968391369435,12:29:28.391,0.2380,200
44968391369435,12:29:28.391,0.2380,100
44983925972570,12:29:43.925,0.2381,30
44985114177032,12:29:45.114,0.2381,100
45018684204982,12:30:18.684,0.2381,446
45018685686582,12:30:18.685,0.2386,100
45018685690188,12:30:18.685,0.2386,100
45018685763401,12:30:18.685,0.2386,100
45018685906379,12:30:18.685,0.2386,100
45018685911995,12:30:18.685,0.2386,100
45018685930564,12:30:18.685,0.2386,2480
45018686597682,12:30:18.686,0.2388,5400
45018686597682,12:30:18.686,0.2388,185
45018686597682,12:30:18.686,0.2388,4800
45018687506963,12:30:18.687,0.2390,4394
45018687551115,12:30:18.687,0.2390,100
45018687640414,12:30:18.687,0.2390,100
45018687693405,12:30:18.687,0.2390,100
45018687865137,12:30:18.687,0.2390,100
45018687987062,12:30:18.687,0.2390,100
45338910667332,12:35:38.910,0.2385,900
45378390369433,12:36:18.390,0.2388,2600
45406906388862,12:36:46.906,0.2390,2001
45442527533494,12:37:22.527,0.2390,650
45469021184362,12:37:49.021,0.2390,473
45511649747378,12:38:31.649,0.2390,9000
45539776614835,12:38:59.776,0.2390,2982
45539776614835,12:38:59.776,0.2390,18
45539787547653,12:38:59.787,0.2390,82
45561955163226,12:39:21.955,0.2398,65
45567902663029,12:39:27.902,0.2398,100
45599913101603,12:39:59.913,0.2400,16
45599913101603,12:39:59.913,0.2400,1250
45599913101603,12:39:59.913,0.2400,4500
45599913101603,12:39:59.913,0.2400,4234
45601739892431,12:40:01.739,0.2400,4900
45658424431141,12:40:58.424,0.2400,10866
45658424431141,12:40:58.424,0.2400,9134
45658424501583,12:40:58.424,0.2400,866
45658424501583,12:40:58.424,0.2400,5000
45658424501583,12:40:58.424,0.2400,250
45658424501583,12:40:58.424,0.2400,20
45658424501583,12:40:58.424,0.2400,271
45658424501583,12:40:58.424,0.2400,100
45658424501583,12:40:58.424,0.2400,500
45658424501583,12:40:58.424,0.2400,2000
45658424501583,12:40:58.424,0.2400,11700
45658424501583,12:40:58.424,0.2400,136
45658424501583,12:40:58.424,0.2400,3050
45658424501583,12:40:58.424,0.2400,500
45658424501583,12:40:58.424,0.2400,194
45658424501583,12:40:58.424,0.2400,100
45658424501583,12:40:58.424,0.2400,200
45658424501583,12:40:58.424,0.2400,300
45658424501583,12:40:58.424,0.2400,5000
45658424501583,12:40:58.424,0.2400,4823
45658424501583,12:40:58.424,0.2400,100
45658902139563,12:40:58.902,0.2401,150
45658902139563,12:40:58.902,0.2401,200
45662630318964,12:41:02.630,0.2410,1000
45662630318964,12:41:02.630,0.2410,282
45662644595686,12:41:02.644,0.2420,265
45662644595686,12:41:02.644,0.2420,190
45662644595686,12:41:02.644,0.2420,1545
45680686463062,12:41:20.686,0.2420,10
45687478828014,12:41:27.478,0.2420,2172
45687478828014,12:41:27.478,0.2420,1928
45687488036798,12:41:27.488,0.2420,72
45687488036798,12:41:27.488,0.2425,400
45695260574695,12:41:35.260,0.2425,200
45695800979111,12:41:35.800,0.2425,900
45697151124227,12:41:37.151,0.2450,10
45697151124227,12:41:37.151,0.2450,2228
45697151124227,12:41:37.151,0.2450,35
45697151124227,12:41:37.151,0.2450,1000
45697151124227,12:41:37.151,0.2450,8
45697151124227,12:41:37.151,0.2450,10
45697151124227,12:41:37.151,0.2450,400
45697151124227,12:41:37.151,0.2450,273
45697151124227,12:41:37.151,0.2450,25
45697151124227,12:41:37.151,0.2450,438
45697151124227,12:41:37.151,0.2450,30
45697151124227,12:41:37.151,0.2450,66
45697151124227,12:41:37.151,0.2450,10
45697151124227,12:41:37.151,0.2450,40
45697151124227,12:41:37.151,0.2450,400
45697151124227,12:41:37.151,0.2450,1000
45697151124227,12:41:37.151,0.2450,201
45697151124227,12:41:37.151,0.2450,254
45719676630161,12:41:59.676,0.2430,30
45726193939093,12:42:06.193,0.2449,200
45760231410520,12:42:40.231,0.2425,1965
45760231410520,12:42:40.231,0.2425,735
45785837502500,12:43:05.837,0.2445,100
45785838122815,12:43:05.838,0.2445,900
45785843391142,12:43:05.843,0.2445,100
45785844145896,12:43:05.844,0.2445,800
45785861137010,12:43:05.861,0.2449,300
45789098062320,12:43:09.098,0.2425,100
45833821324588,12:43:53.821,0.2427,5000
45833821324588,12:43:53.821,0.2425,2500
45833855101455,12:43:53.855,0.2425,2400
45833855101455,12:43:53.855,0.2425,100
45865477991036,12:44:25.477,0.2420,100
45868409800674,12:44:28.409,0.2410,1306
45876434637219,12:44:36.434,0.2425,5000
45956894556123,12:45:56.894,0.2444,1800
45956896793039,12:45:56.896,0.2435,2400
45956900343221,12:45:56.900,0.2432,2400
45956910022419,12:45:56.910,0.2426,140
46088662358693,12:48:08.662,0.2447,14
46090570736253,12:48:10.570,0.2447,16
46090570736253,12:48:10.570,0.2447,100
46090570736253,12:48:10.570,0.2448,1500
46106719528944,12:48:26.719,0.2449,800
46112545465050,12:48:32.545,0.2441,300
46112545465050,12:48:32.545,0.2441,300
46126726286093,12:48:46.726,0.2447,100
46127449724502,12:48:47.449,0.2447,879
46127452034295,12:48:47.452,0.2449,1400
46151226735227,12:49:11.226,0.2441,1776
46187481491361,12:49:47.481,0.2449,200
46187481491361,12:49:47.481,0.2449,584
46187481557789,12:49:47.481,0.2449,100
46189054521553,12:49:49.054,0.2450,1000
46189054521553,12:49:49.054,0.2450,2528
46189054521553,12:49:49.054,0.2450,847
46189054521553,12:49:49.054,0.2450,2455
46204131004800,12:50:04.131,0.2449,20
46250394541955,12:50:50.394,0.2449,100
46265862583248,12:51:05.862,0.2448,12
46357510172498,12:52:37.510,0.2448,1
46364294368913,12:52:44.294,0.2440,3500
46388152274957,12:53:08.152,0.2430,700
46389204188451,12:53:09.204,0.2430,1700
46389204188451,12:53:09.204,0.2430,82
46389230525636,12:53:09.230,0.2430,4107
46389230647912,12:53:09.230,0.2430,521
46399001160953,12:53:19.001,0.2440,1010
46399001160953,12:53:19.001,0.2440,1910
46399014593009,12:53:19.014,0.2440,2332
46410335908095,12:53:30.335,0.2428,500
46410355312935,12:53:30.355,0.2425,800
46410375120475,12:53:30.375,0.2425,800
46410414251316,12:53:30.414,0.2415,2600
46410414251316,12:53:30.414,0.2411,4200
46410414251316,12:53:30.414,0.2411,200
46410414259554,12:53:30.414,0.2411,2200
46410414259554,12:53:30.414,0.2411,400
46410414259554,12:53:30.414,0.2411,1000
46433734808436,12:53:53.734,0.2430,100
46469770278413,12:54:29.770,0.2411,200
46678850455995,12:57:58.850,0.2420,23
46728348414404,12:58:48.348,0.2420,200
46728348414404,12:58:48.348,0.2420,100
46728348414404,12:58:48.348,0.2420,300
46728369653017,12:58:48.369,0.2420,1300
46728369653017,12:58:48.369,0.2420,300
46834499836494,13:00:34.499,0.2440,100
46935478209176,13:02:15.478,0.2442,99
46935478209176,13:02:15.478,0.2440,101
47014545802322,13:03:34.545,0.2440,100
47074560416904,13:04:34.560,0.2443,200
47084280021840,13:04:44.280,0.2440,760
47084280021840,13:04:44.280,0.2440,940
47084284524901,13:04:44.284,0.2440,85
47156316060572,13:05:56.316,0.2440,24
47156323766403,13:05:56.323,0.2422,600
47156323833311,13:05:56.323,0.2422,200
47323854347906,13:08:43.854,0.2429,700
47323854347906,13:08:43.854,0.2429,2400
47640029416424,13:14:00.029,0.2440,300
47640029416424,13:14:00.029,0.2440,108
47654836661926,13:14:14.836,0.2440,55
47654836661926,13:14:14.836,0.2440,100
47654836661926,13:14:14.836,0.2429,257
47654836661926,13:14:14.836,0.2429,898
47654840463821,13:14:14.840,0.2429,100
47706651477243,13:15:06.651,0.2444,100
47779265622224,13:16:19.265,0.2449,4800
47803819460868,13:16:43.819,0.2450,1005
47803819460868,13:16:43.819,0.2450,1
47803819460868,13:16:43.819,0.2450,152
47803819460868,13:16:43.819,0.2450,25
47803819460868,13:16:43.819,0.2450,2500
47803819460868,13:16:43.819,0.2450,5000
47803819460868,13:16:43.819,0.2450,200
47803819460868,13:16:43.819,0.2450,3507
47803819777573,13:16:43.819,0.2450,520
47803820389767,13:16:43.820,0.2450,61
47821628316449,13:17:01.628,0.2455,100
47823830513402,13:17:03.830,0.2455,400
47824931844298,13:17:04.931,0.2460,4000
47824931844298,13:17:04.931,0.2460,11399
47830444298563,13:17:10.444,0.2470,9
47830444298563,13:17:10.444,0.2470,50
47830444298563,13:17:10.444,0.2475,300
47830444298563,13:17:10.444,0.2475,150
47830444298563,13:17:10.444,0.2475,40
47830444298563,13:17:10.444,0.2475,1451
47911775043086,13:18:31.775,0.2475,49
47911775043086,13:18:31.775,0.2475,51
47922670824387,13:18:42.670,0.2475,44
47963648511158,13:19:23.648,0.2475,200
47963648511158,13:19:23.648,0.2475,100
47978312371002,13:19:38.312,0.2475,273
47982909302919,13:19:42.909,0.2477,100
47996398313547,13:19:56.398,0.2470,500
48031128542645,13:20:31.128,0.2470,367
48069511999262,13:21:09.511,0.2477,900
48069512531942,13:21:09.512,0.2480,100
48154273431595,13:22:34.273,0.2480,400
48154625971097,13:22:34.625,0.2481,50
48157131634066,13:22:37.131,0.2481,100
48162234926978,13:22:42.234,0.2481,250
48167221131882,13:22:47.221,0.2481,81
48194290967234,13:23:14.290,0.2489,27950
48207000262445,13:23:27.000,0.2489,3600
48239213190570,13:23:59.213,0.2489,500
48250023605209,13:24:10.023,0.2489,3317
48250023605209,13:24:10.023,0.2489,400
48250283700414,13:24:10.283,0.2490,400
48250283700414,13:24:10.283,0.2490,5
48250283700414,13:24:10.283,0.2490,29
48250283700414,13:24:10.283,0.2490,100
48250283700414,13:24:10.283,0.2490,749
48250616619215,13:24:10.616,0.2490,100
48254486195068,13:24:14.486,0.2481,350
48254486195068,13:24:14.486,0.2481,250
48254543844028,13:24:14.543,0.2460,200
48254561061956,13:24:14.561,0.2455,500
48278032263581,13:24:38.032,0.2490,100
48280746519573,13:24:40.746,0.2490,50
48286019415786,13:24:46.019,0.2490,4
48298889087387,13:24:58.889,0.2490,46
48311538454926,13:25:11.538,0.2485,900
48442261839058,13:27:22.261,0.2495,1800
48442261974816,13:27:22.261,0.2495,500
48442274053112,13:27:22.274,0.2495,800
48442285176512,13:27:22.285,0.2495,600
48447174541267,13:27:27.174,0.2495,900
48459409946839,13:27:39.409,0.2495,30
48459409946839,13:27:39.409,0.2495,782
48462402513673,13:27:42.402,0.2495,1000
48478698972448,13:27:58.698,0.2495,3188
48480620719216,13:28:00.620,0.2495,17
48484194251155,13:28:04.194,0.2458,565
48567863574060,13:29:27.863,0.2478,100
48567863574060,13:29:27.863,0.2478,100
48633296750142,13:30:33.296,0.2490,775
48651370076240,13:30:51.370,0.2478,300
48651370076240,13:30:51.370,0.2478,100
48651372599435,13:30:51.372,0.2470,930
48651372599435,13:30:51.372,0.2470,900
48651372599435,13:30:51.372,0.2470,200
48651372676765,13:30:51.372,0.2470,1000
48651379132307,13:30:51.379,0.2459,656
48651379170480,13:30:51.379,0.2459,400
48651382158312,13:30:51.382,0.2459,656
48651384445448,13:30:51.384,0.2459,656
48651384482330,13:30:51.384,0.2459,100
48651386736821,13:30:51.386,0.2459,656
48651388703977,13:30:51.388,0.2459,656
48651388743961,13:30:51.388,0.2459,100
48651389548170,13:30:51.389,0.2459,200
48651391503365,13:30:51.391,0.2459,656
48651392092986,13:30:51.392,0.2459,344
48651393739508,13:30:51.393,0.2459,656
48651393779680,13:30:51.393,0.2459,100
48651394688273,13:30:51.394,0.2459,222
48651396321935,13:30:51.396,0.2459,542
48651396321935,13:30:51.396,0.2458,25
48651396321935,13:30:51.396,0.2458,12
48651396321935,13:30:51.396,0.2458,29
48651396321935,13:30:51.396,0.2458,48
48651397840354,13:30:51.397,0.2458,344
48651399432101,13:30:51.399,0.2458,8
48651399432101,13:30:51.399,0.2458,190
48821207125822,13:33:41.207,0.2470,500
48901487901528,13:35:01.487,0.2475,100
48943165923295,13:35:43.165,0.2470,1100
48943165923295,13:35:43.165,0.2470,81
48943165923295,13:35:43.165,0.2470,118
48965302814988,13:36:05.302,0.2470,2200
48990910078096,13:36:30.910,0.2469,100
49012967983670,13:36:52.967,0.2469,250
49025624746020,13:37:05.624,0.2469,500
49029734543444,13:37:09.734,0.2470,100
49037086678056,13:37:17.086,0.2469,250
49063054645138,13:37:43.054,0.2470,200
49077576428301,13:37:57.576,0.2469,100
49077576428301,13:37:57.576,0.2469,597
49161250311926,13:39:21.250,0.2480,20
49176973202944,13:39:36.973,0.2480,80
49176973202944,13:39:36.973,0.2480,269
49302691071971,13:41:42.691,0.2480,1733
49378880754436,13:42:58.880,0.2485,250
49378897477899,13:42:58.897,0.2483,400
49378897477899,13:42:58.897,0.2483,100
49378916455775,13:42:58.916,0.2483,26
49378916455775,13:42:58.916,0.2480,874
49378933169701,13:42:58.933,0.2480,100
49584390283539,13:46:24.390,0.2485,3749
49584392254355,13:46:24.392,0.2490,1900
49584392254355,13:46:24.392,0.2490,267
49584394987209,13:46:24.394,0.2492,100
49584397444277,13:46:24.397,0.2492,900
49584404994933,13:46:24.404,0.2494,858
49658794032808,13:47:38.794,0.2493,1500
49662214085189,13:47:42.214,0.2490,1300
49662214085189,13:47:42.214,0.2490,500
49679583375520,13:47:59.583,0.2490,1800
49722427726479,13:48:42.427,0.2494,50
49819044433098,13:50:19.044,0.2494,200
49819044433098,13:50:19.044,0.2494,900
49829860425710,13:50:29.860,0.2498,3
49844943130226,13:50:44.943,0.2494,800
49856223196151,13:50:56.223,0.2494,185
49863103392044,13:51:03.103,0.2494,75
49869645592686,13:51:09.645,0.2494,3000
49894337473442,13:51:34.337,0.2499,3000
49894337473442,13:51:34.337,0.2499,1000
49894337473442,13:51:34.337,0.2499,900
49896901108195,13:51:36.901,0.2500,1200
49896901108195,13:51:36.901,0.2500,2662
49914240851484,13:51:54.240,0.2495,14000
49917552579705,13:51:57.552,0.2495,3900
49980619941915,13:53:00.619,0.2498,10
50067217435686,13:54:27.217,0.2499,204
50067217435686,13:54:27.217,0.2499,200
50067217435686,13:54:27.217,0.2499,22
50067217435686,13:54:27.217,0.2499,465
50067217435686,13:54:27.217,0.2499,300
50067217435686,13:54:27.217,0.2499,409
50168986733093,13:56:08.986,0.2499,1413
50212208057427,13:56:52.208,0.2499,178
50212208057427,13:56:52.208,0.2499,1900
50212208057427,13:56:52.208,0.2499,722
50212366395149,13:56:52.366,0.2499,200
50246363951711,13:57:26.363,0.2499,78
50246363951711,13:57:26.363,0.2499,197
50286758733864,13:58:06.758,0.2499,1000
50286758733864,13:58:06.758,0.2499,1700
50286758733864,13:58:06.758,0.2499,200
50286758733864,13:58:06.758,0.2499,1000
50286758733864,13:58:06.758,0.2499,368
50286758733864,13:58:06.758,0.2499,1603
50286758733864,13:58:06.758,0.2499,3033
50289987307951,13:58:09.987,0.2499,1000
50289987307951,13:58:09.987,0.2499,600
50298850284207,13:58:18.850,0.2500,17338
50298850284207,13:58:18.850,0.2500,1
50298850284207,13:58:18.850,0.2500,15961
50320451474517,13:58:40.451,0.2499,1200
50320451474517,13:58:40.451,0.2499,5
50333994889120,13:58:53.994,0.2500,4039
50333994889120,13:58:53.994,0.2500,700
50333994889120,13:58:53.994,0.2500,115
50333994889120,13:58:53.994,0.2500,60
50333994889120,13:58:53.994,0.2500,20
50333994889120,13:58:53.994,0.2500,90
50333994889120,13:58:53.994,0.2500,25
50333994889120,13:58:53.994,0.2500,5
50333994889120,13:58:53.994,0.2500,200
50333994889120,13:58:53.994,0.2500,15
50333994889120,13:58:53.994,0.2500,94
50333994889120,13:58:53.994,0.2500,11
50333994889120,13:58:53.994,0.2500,20
50333994889120,13:58:53.994,0.2500,50
50333994889120,13:58:53.994,0.2500,3
50333994889120,13:58:53.994,0.2500,300
50333994889120,13:58:53.994,0.2500,5
50333994889120,13:58:53.994,0.2500,20
50333994889120,13:58:53.994,0.2500,50
50333994889120,13:58:53.994,0.2500,45
50333994889120,13:58:53.994,0.2500,150
50333994889120,13:58:53.994,0.2500,10
50333994889120,13:58:53.994,0.2500,310
50333994889120,13:58:53.994,0.2500,800
50333994889120,13:58:53.994,0.2500,2
50333994889120,13:58:53.994,0.2500,112
50333994889120,13:58:53.994,0.2500,6968
50333994889120,13:58:53.994,0.2500,300
50333994889120,13:58:53.994,0.2500,250
50333994889120,13:58:53.994,0.2500,500
50333994889120,13:58:53.994,0.2500,20000
50333994889120,13:58:53.994,0.2500,4631
50334938656021,13:58:54.938,0.2500,10000
50335098302447,13:58:55.098,0.2500,5369
50335098302447,13:58:55.098,0.2500,150
50335098302447,13:58:55.098,0.2500,3040
50335098302447,13:58:55.098,0.2500,500
50335098302447,13:58:55.098,0.2500,430
50335098302447,13:58:55.098,0.2500,53
50335098302447,13:58:55.098,0.2500,458
50335730079200,13:58:55.730,0.2500,3642
50335730079200,13:58:55.730,0.2500,200
50335730079200,13:58:55.730,0.2500,200
50335730079200,13:58:55.730,0.2500,300
50335730079200,13:58:55.730,0.2500,5658
50335779576644,13:58:55.779,0.2500,3342
50335779576644,13:58:55.779,0.2500,500
50335779576644,13:58:55.779,0.2500,4158
50336250509022,13:58:56.250,0.2500,5492
50336250509022,13:58:56.250,0.2500,4508
50336763444573,13:58:56.763,0.2500,3492
50339988941247,13:58:59.988,0.2501,500
50358709200094,13:59:18.709,0.2509,225
50358709200094,13:59:18.709,0.2509,100
50405798350970,14:00:05.798,0.2510,1721
50405798350970,14:00:05.798,0.2510,34
50418560453945,14:00:18.560,0.2510,8202
50446921966411,14:00:46.921,0.2520,8
50446921966411,14:00:46.921,0.2520,292
50446921966411,14:00:46.921,0.2520,185
50446921966411,14:00:46.921,0.2520,8415
50459165005511,14:00:59.165,0.2512,1000
50459167132644,14:00:59.167,0.2510,190
50459167132644,14:00:59.167,0.2510,1
50459167132644,14:00:59.167,0.2510,650
50459167132644,14:00:59.167,0.2510,1142
50459167132644,14:00:59.167,0.2510,198
50459168289232,14:00:59.168,0.2512,1000
50459170759476,14:00:59.170,0.2505,500
50459173163157,14:00:59.173,0.2502,5119
50474083127867,14:01:14.083,0.2520,16903
50477602358046,14:01:17.602,0.2520,20000
50478581362019,14:01:18.581,0.2520,10000
50494641326942,14:01:34.641,0.2520,20
50497480757660,14:01:37.480,0.2520,79
50506925998258,14:01:46.925,0.2520,200
50508255905041,14:01:48.255,0.2520,67
50515841593475,14:01:55.841,0.2520,95
50519374466329,14:01:59.374,0.2520,1300
50520309786004,14:02:00.309,0.2520,1300
50521620901993,14:02:01.620,0.2520,25
50525748833282,14:02:05.748,0.2520,10000
50526891625106,14:02:06.891,0.2520,5100
50526892426370,14:02:06.892,0.2520,1541
50527919584789,14:02:07.919,0.2525,937
50530596555468,14:02:10.596,0.2525,40
50532029561337,14:02:12.029,0.2520,5
50543288582982,14:02:23.288,0.2525,20
50553410971864,14:02:33.410,0.2525,100
50555881769516,14:02:35.881,0.2525,100
50556031779018,14:02:36.031,0.2525,80
50557565350547,14:02:37.565,0.2525,100
50560807062707,14:02:40.807,0.2525,100
50562388931106,14:02:42.388,0.2525,100
50565564776705,14:02:45.564,0.2525,100
50568526399193,14:02:48.526,0.2525,1000
50574330348373,14:02:54.330,0.2525,20
50574761344976,14:02:54.761,0.2525,115
50576597459292,14:02:56.597,0.2510,40000
50576597575580,14:02:56.597,0.2510,2000
50583475050514,14:03:03.475,0.2529,100
50583777488508,14:03:03.777,0.2530,450
50585350136536,14:03:05.350,0.2530,100
50585457212618,14:03:05.457,0.2530,200
50595464830497,14:03:15.464,0.2530,65
50609818978397,14:03:29.818,0.2540,49
50612490881129,14:03:32.490,0.2540,200
50621364636768,14:03:41.364,0.2550,100
50621364636768,14:03:41.364,0.2550,10
50621364636768,14:03:41.364,0.2550,30
50621364636768,14:03:41.364,0.2550,3181
50621364636768,14:03:41.364,0.2550,10
50621364636768,14:03:41.364,0.2550,50
50621364636768,14:03:41.364,0.2550,8190
50621364636768,14:03:41.364,0.2550,2329
50633637285153,14:03:53.637,0.2530,20
50651082770372,14:04:11.082,0.2550,200
50659399849131,14:04:19.399,0.2550,25
50659500011452,14:04:19.500,0.2554,40
50662010188528,14:04:22.010,0.2554,150
50662010910717,14:04:22.010,0.2554,100
50664339822602,14:04:24.339,0.2550,5
50666732887306,14:04:26.732,0.2550,3970
50666910112914,14:04:26.910,0.2554,10
50672546635849,14:04:32.546,0.2540,1000
50674284060953,14:04:34.284,0.2554,3
50676259853353,14:04:36.259,0.2554,60
50678893395068,14:04:38.893,0.2550,1200
50678915142336,14:04:38.915,0.2550,1200
50678936517871,14:04:38.936,0.2550,1200
50686985048152,14:04:46.985,0.2551,300
50691565323324,14:04:51.565,0.2554,1
50691875279738,14:04:51.875,0.2550,230
50700597457343,14:05:00.597,0.2553,2065
50716929935447,14:05:16.929,0.2554,700
50716930467008,14:05:16.930,0.2554,300
50718342622491,14:05:18.342,0.2554,200
50718343674479,14:05:18.343,0.2554,800
50718349247408,14:05:18.349,0.2554,200
50718350114599,14:05:18.350,0.2554,100
50728269408132,14:05:28.269,0.2554,4800
50728270082548,14:05:28.270,0.2554,2536
50731624567288,14:05:31.624,0.2555,1200
50763437152743,14:06:03.437,0.2555,100
50769347133172,14:06:09.347,0.2553,2835
50776850190769,14:06:16.850,0.2550,5250
50776850190769,14:06:16.850,0.2550,460
50776850190769,14:06:16.850,0.2550,290
50777255259281,14:06:17.255,0.2550,6
50777255259281,14:06:17.255,0.2550,294
50777267467088,14:06:17.267,0.2550,6
50777357565189,14:06:17.357,0.2530,2400
50827624131247,14:07:07.624,0.2530,3000
50827652797749,14:07:07.652,0.2527,1000
50827652797749,14:07:07.652,0.2527,200
50830701604539,14:07:10.701,0.2520,1100
50834498758005,14:07:14.498,0.2520,460
50834498758005,14:07:14.498,0.2520,860
50834498758005,14:07:14.498,0.2520,600
50835840924842,14:07:15.840,0.2535,1400
50847770886653,14:07:27.770,0.2527,500
50866247165909,14:07:46.247,0.2534,1000
50875761340811,14:07:55.761,0.2530,1200
50875787359942,14:07:55.787,0.2530,1200
50918003253268,14:08:38.003,0.2542,25
50980782363134,14:09:40.782,0.2545,8000
50992511654946,14:09:52.511,0.2550,366
50992511654946,14:09:52.511,0.2550,1000
50992512033372,14:09:52.512,0.2550,300
50993420509285,14:09:53.420,0.2545,200
50999618692136,14:09:59.618,0.2545,400
50999866779868,14:09:59.866,0.2545,3058
51000039009466,14:10:00.039,0.2542,752
51000039009466,14:10:00.039,0.2542,448
51006633167133,14:10:06.633,0.2545,45
51006633167133,14:10:06.633,0.2545,5000
51006635293149,14:10:06.635,0.2542,252
51009210145275,14:10:09.210,0.2533,210
51009251198349,14:10:09.251,0.2533,290
51009259080633,14:10:09.259,0.2520,1092
51023460832537,14:10:23.460,0.2520,700
51036790482823,14:10:36.790,0.2520,325
51076673024666,14:11:16.673,0.2530,186
51076685143906,14:11:16.685,0.2520,314
51078690714491,14:11:18.690,0.2520,409
51078690714491,14:11:18.690,0.2520,1000
51078690714491,14:11:18.690,0.2520,491
51080057410724,14:11:20.057,0.2520,400
51123193394603,14:12:03.193,0.2526,109
51123446706707,14:12:03.446,0.2520,500
51123446706707,14:12:03.446,0.2520,300
51123446706707,14:12:03.446,0.2520,5856
51123472338565,14:12:03.472,0.2520,1144
51123472338565,14:12:03.472,0.2520,21
51123472338565,14:12:03.472,0.2520,935
51123510742842,14:12:03.510,0.2511,1000
51123532924887,14:12:03.532,0.2510,5399
51123553566157,14:12:03.553,0.2502,2800
51123554048486,14:12:03.554,0.2502,81
51123554048486,14:12:03.554,0.2500,100
51123554048486,14:12:03.554,0.2500,75
51123554048486,14:12:03.554,0.2500,20
51123554048486,14:12:03.554,0.2500,45
51123554048486,14:12:03.554,0.2500,200
51123554048486,14:12:03.554,0.2500,184
51123554048486,14:12:03.554,0.2500,150
51123554048486,14:12:03.554,0.2500,1
51123554048486,14:12:03.554,0.2500,8
51123554048486,14:12:03.554,0.2500,1546
51123581719621,14:12:03.581,0.2500,254
51123581719621,14:12:03.581,0.2500,1000
51123581719621,14:12:03.581,0.2500,313
51123584253827,14:12:03.584,0.2500,301
51123584253827,14:12:03.584,0.2500,16
51123584253827,14:12:03.584,0.2500,327
51123584473146,14:12:03.584,0.2500,342
51123584667251,14:12:03.584,0.2500,331
51123584667251,14:12:03.584,0.2500,1000
51123584667251,14:12:03.584,0.2500,40
51123584667251,14:12:03.584,0.2500,5
51123584667251,14:12:03.584,0.2500,1350
51123584667251,14:12:03.584,0.2500,100
51123584667251,14:12:03.584,0.2500,950
51123584667251,14:12:03.584,0.2500,400
51123584667251,14:12:03.584,0.2500,324
51123584682928,14:12:03.584,0.2500,76
51123584682928,14:12:03.584,0.2500,924
51123585155101,14:12:03.585,0.2500,76
51123585155101,14:12:03.585,0.2500,131
51181733876822,14:13:01.733,0.2500,1800
51181733876822,14:13:01.733,0.2500,1000
51183440394046,14:13:03.440,0.2500,200
51194137502964,14:13:14.137,0.2500,70
51194137502964,14:13:14.137,0.2495,7
51194647873609,14:13:14.647,0.2495,393
51194647873609,14:13:14.647,0.2495,207
51194666842633,14:13:14.666,0.2495,593
51194667435545,14:13:14.667,0.2480,919
51194690440103,14:13:14.690,0.2480,687
51260174285474,14:14:20.174,0.2480,400
51260174285474,14:14:20.174,0.2480,1250
51260174285474,14:14:20.174,0.2480,50
51260199438981,14:14:20.199,0.2480,50
51260199438981,14:14:20.199,0.2480,150
51260216736632,14:14:20.216,0.2480,50
51260216736632,14:14:20.216,0.2470,650
51265691127690,14:14:25.691,0.2486,6000
51379296748930,14:16:19.296,0.2499,100
51379312562914,14:16:19.312,0.2499,100
51379328414894,14:16:19.328,0.2499,100
51379344456943,14:16:19.344,0.2499,100
51379360392958,14:16:19.360,0.2499,100
51379376434640,14:16:19.376,0.2499,100
51379392439895,14:16:19.392,0.2499,100
51379408497868,14:16:19.408,0.2499,100
51379424333059,14:16:19.424,0.2499,100
51379440241204,14:16:19.440,0.2499,100
51379456487751,14:16:19.456,0.2499,100
51379472242410,14:16:19.472,0.2499,100
51379488157985,14:16:19.488,0.2499,100
51379505402969,14:16:19.505,0.2499,100
51379522174150,14:16:19.522,0.2499,100
51379538084277,14:16:19.538,0.2499,100
51379554334027,14:16:19.554,0.2499,100
51379570348966,14:16:19.570,0.2499,100
51379588738258,14:16:19.588,0.2499,100
51379604467984,14:16:19.604,0.2499,100
51379620310933,14:16:19.620,0.2499,100
51379636144145,14:16:19.636,0.2499,100
51379653139899,14:16:19.653,0.2499,100
51379668288659,14:16:19.668,0.2499,100
51379684051363,14:16:19.684,0.2499,100
51379698304484,14:16:19.698,0.2499,100
51379714296653,14:16:19.714,0.2499,100
51379730575815,14:16:19.730,0.2499,100
51379746420378,14:16:19.746,0.2499,100
51379762407032,14:16:19.762,0.2499,100
51379778494329,14:16:19.778,0.2499,100
51379794627423,14:16:19.794,0.2499,100
51379810416482,14:16:19.810,0.2499,100
51379826569906,14:16:19.826,0.2499,100
51379842706379,14:16:19.842,0.2499,100
51379858931930,14:16:19.858,0.2499,100
51379874753160,14:16:19.874,0.2499,100
51379890717154,14:16:19.890,0.2499,100
51379906545391,14:16:19.906,0.2499,100
51379922611514,14:16:19.922,0.2499,100
51379938617324,14:16:19.938,0.2499,100
51379954826699,14:16:19.954,0.2499,100
51379975231754,14:16:19.975,0.2499,100
51379991124472,14:16:19.991,0.2499,100
51380006840150,14:16:20.006,0.2499,100
51380025568215,14:16:20.025,0.2499,100
51380042714262,14:16:20.042,0.2499,100
51380058735077,14:16:20.058,0.2499,100
51380074446695,14:16:20.074,0.2499,100
51380090922455,14:16:20.090,0.2499,100
51380106651141,14:16:20.106,0.2499,100
51380120804711,14:16:20.120,0.2499,100
51380136849978,14:16:20.136,0.2499,100
51380153087079,14:16:20.153,0.2499,100
51380168973388,14:16:20.168,0.2499,100
51380184709953,14:16:20.184,0.2499,100
51380200981178,14:16:20.200,0.2499,100
51390727797968,14:16:30.727,0.2499,100
51390743497728,14:16:30.743,0.2499,100
51390759855294,14:16:30.759,0.2499,100
51390795339637,14:16:30.795,0.2499,100
51390812463311,14:16:30.812,0.2499,100
51390829785731,14:16:30.829,0.2499,100
51390848946745,14:16:30.848,0.2499,100
51390865520792,14:16:30.865,0.2499,100
51390881474306,14:16:30.881,0.2499,100
51390900664341,14:16:30.900,0.2499,100
51390917621093,14:16:30.917,0.2499,100
51390933501194,14:16:30.933,0.2499,100
51390949786241,14:16:30.949,0.2499,100
51390965714103,14:16:30.965,0.2499,100
51390981825287,14:16:30.981,0.2499,100
51390997384243,14:16:30.997,0.2499,100
51391013393598,14:16:31.013,0.2499,100
51391029850376,14:16:31.029,0.2499,100
51391045326295,14:16:31.045,0.2499,100
51391061478577,14:16:31.061,0.2499,100
51391085085285,14:16:31.085,0.2499,100
51391101292389,14:16:31.101,0.2499,100
51391117375522,14:16:31.117,0.2499,100
51391133793268,14:16:31.133,0.2499,100
51391149319316,14:16:31.149,0.2499,100
51391163184197,14:16:31.163,0.2499,100
51391176934032,14:16:31.176,0.2499,100
51391191105260,14:16:31.191,0.2499,100
51391205331153,14:16:31.205,0.2499,100
51391221145805,14:16:31.221,0.2499,100
51391235365985,14:16:31.235,0.2499,100
51391251247731,14:16:31.251,0.2499,100
51391267497969,14:16:31.267,0.2499,100
51391283384829,14:16:31.283,0.2499,100
51391301508822,14:16:31.301,0.2499,100
51391317240289,14:16:31.317,0.2499,100
51391331154987,14:16:31.331,0.2499,100
51391348942647,14:16:31.348,0.2499,100
51391365636069,14:16:31.365,0.2499,100
51391381797679,14:16:31.381,0.2499,100
51391397828924,14:16:31.397,0.2499,100
51434099325272,14:17:14.099,0.2499,100
51434109352760,14:17:14.109,0.2499,100
51434109375216,14:17:14.109,0.2499,2900
51434117502230,14:17:14.117,0.2499,100
51434117524217,14:17:14.117,0.2499,2800
51453292279329,14:17:33.292,0.2499,100
51453292860484,14:17:33.292,0.2499,100
51453292885892,14:17:33.292,0.2499,100
51463887513802,14:17:43.887,0.2499,20
51466371923679,14:17:46.371,0.2498,1523
51487178807310,14:18:07.178,0.2498,177
51590135362613,14:19:50.135,0.2500,200
51590135362613,14:19:50.135,0.2500,1500
51590135362613,14:19:50.135,0.2500,54
51590135362613,14:19:50.135,0.2500,1000
51590135362613,14:19:50.135,0.2500,74
51590135362613,14:19:50.135,0.2500,74
51590138878777,14:19:50.138,0.2520,34
51590138878777,14:19:50.138,0.2520,500
51659703651888,14:20:59.703,0.2520,200
51669716991348,14:21:09.716,0.2520,77
51692270337031,14:21:32.270,0.2514,278
51692270337031,14:21:32.270,0.2514,122
51709365129233,14:21:49.365,0.2514,38
51709365129233,14:21:49.365,0.2513,45
51709365129233,14:21:49.365,0.2513,2317
51784796838385,14:23:04.796,0.2516,200
51846413106827,14:24:06.413,0.2520,800
51874664993451,14:24:34.664,0.2520,400
51880233516579,14:24:40.233,0.2520,400
51967310226714,14:26:07.310,0.2509,2400
51967317875596,14:26:07.317,0.2501,3250
51967317875596,14:26:07.317,0.2501,2400
51967320571838,14:26:07.320,0.2501,2400
51967323268144,14:26:07.323,0.2501,2400
51967325934212,14:26:07.325,0.2500,1953
51967348792945,14:26:07.348,0.2500,200
51967382972967,14:26:07.382,0.2500,284
51983853802850,14:26:23.853,0.2500,39
51983853802850,14:26:23.853,0.2500,2370
51983853802850,14:26:23.853,0.2500,2000
51983853802850,14:26:23.853,0.2500,5491
52000809261600,14:26:40.809,0.2500,700
52027899749909,14:27:07.899,0.2500,200
52027904876549,14:27:07.904,0.2500,2200
52027906461832,14:27:07.906,0.2499,1450
52102834728709,14:28:22.834,0.2501,2000
52102834728709,14:28:22.834,0.2501,1650
52113113393490,14:28:33.113,0.2499,50
52121178211350,14:28:41.178,0.2495,2700
52121302105649,14:28:41.302,0.2495,400
52121302105649,14:28:41.302,0.2495,700
52179623718404,14:29:39.623,0.2495,10
52191529593026,14:29:51.529,0.2495,90
52191529593026,14:29:51.529,0.2490,117
52192732235599,14:29:52.732,0.2497,100
52192732235599,14:29:52.732,0.2500,150
52192732235599,14:29:52.732,0.2500,2500
52192732235599,14:29:52.732,0.2500,2
52192738770896,14:29:52.738,0.2496,200
52223074035336,14:30:23.074,0.2499,1000
52282446926910,14:31:22.446,0.2496,900
52282446926910,14:31:22.446,0.2496,400
52500989667890,14:35:00.989,0.2496,2400
52500989667890,14:35:00.989,0.2496,69
52637880625721,14:37:17.880,0.2500,200
52655670501722,14:37:35.670,0.2500,200
52756531737164,14:39:16.531,0.2509,2420
52824276235317,14:40:24.276,0.2510,1000
52907052021458,14:41:47.052,0.2517,890
52907052021458,14:41:47.052,0.2517,810
53042447265423,14:44:02.447,0.2519,100
53072693349105,14:44:32.693,0.2519,100
53114591939413,14:45:14.591,0.2519,300
53125631580706,14:45:25.631,0.2519,55
53135610296368,14:45:35.610,0.2518,3272
53187577838852,14:46:27.577,0.2515,4000
53200262593317,14:46:40.262,0.2516,5000
53234871597066,14:47:14.871,0.2519,100
53238206942131,14:47:18.206,0.2510,100
53358688269517,14:49:18.688,0.2510,2200
53358688269517,14:49:18.688,0.2510,526
53358688269517,14:49:18.688,0.2510,260
53358688269517,14:49:18.688,0.2510,614
53412664705639,14:50:12.664,0.2510,300
53412664705639,14:50:12.664,0.2510,40
53412669124508,14:50:12.669,0.2510,1000
53412673916046,14:50:12.673,0.2500,3000
53412673916046,14:50:12.673,0.2500,200
53412673916046,14:50:12.673,0.2500,2000
53412673916046,14:50:12.673,0.2500,50
53412673916046,14:50:12.673,0.2500,2500
53412673916046,14:50:12.673,0.2500,20
53412673916046,14:50:12.673,0.2500,17
53412673916046,14:50:12.673,0.2500,4
53412673916046,14:50:12.673,0.2500,500
53412673916046,14:50:12.673,0.2500,95
53412673916046,14:50:12.673,0.2500,111
53412673916046,14:50:12.673,0.2500,1662
53412673967256,14:50:12.673,0.2500,1000
53417949742299,14:50:17.949,0.2498,1600
53422460930432,14:50:22.460,0.2495,2825
53422460930432,14:50:22.460,0.2495,621
53422460930432,14:50:22.460,0.2495,400
53422464538203,14:50:22.464,0.2493,500
53422465361434,14:50:22.465,0.2493,1000
53441875736376,14:50:41.875,0.2498,1500
53477966580501,14:51:17.966,0.2491,2200
53477966580501,14:51:17.966,0.2491,299
53480612165042,14:51:20.612,0.2491,701
53786722541179,14:56:26.722,0.2493,5
53786722541179,14:56:26.722,0.2493,467
53825307606503,14:57:05.307,0.2495,50
53826928834098,14:57:06.928,0.2498,301
53843852779132,14:57:23.852,0.2493,123
53843852779132,14:57:23.852,0.2493,4285
53843852779132,14:57:23.852,0.2493,970
53843852779132,14:57:23.852,0.2493,200
53858155557770,14:57:38.155,0.2493,200
53897693004580,14:58:17.693,0.2490,100
53897693004580,14:58:17.693,0.2490,80
53897693004580,14:58:17.693,0.2490,120
53928028310479,14:58:48.028,0.2492,1535
53941294449322,14:59:01.294,0.2498,3300
53962235542459,14:59:22.235,0.2498,50
53999100556509,14:59:59.100,0.2494,300
54042495507600,15:00:42.495,0.2498,400
54052031601127,15:00:52.031,0.2497,2600
54102581151607,15:01:42.581,0.2498,100
54104629506379,15:01:44.629,0.2497,5556
54139424083330,15:02:19.424,0.2498,300
54214544504523,15:03:34.544,0.2498,405
54238641577381,15:03:58.641,0.2498,1095
54262208389306,15:04:22.208,0.2497,300
54308618630463,15:05:08.618,0.2497,8
54327435889006,15:05:27.435,0.2495,1368
54422939383417,15:07:02.939,0.2495,1400
54536774006767,15:08:56.774,0.2500,1000
54536774006767,15:08:56.774,0.2500,300
54536774006767,15:08:56.774,0.2500,710
54547930422069,15:09:07.930,0.2500,4290
54547930422069,15:09:07.930,0.2500,1500
54547930422069,15:09:07.930,0.2500,858
54547930422069,15:09:07.930,0.2500,1387
54868983564599,15:14:28.983,0.2510,100
54952618207900,15:15:52.618,0.2509,627
54976715809373,15:16:16.715,0.2509,1
54976715809373,15:16:16.715,0.2508,14
54984206447647,15:16:24.206,0.2510,100
54989069194960,15:16:29.069,0.2508,459
54989115765245,15:16:29.115,0.2508,677
54989115765245,15:16:29.115,0.2508,218
55070508353452,15:17:50.508,0.2500,2400
55100448678568,15:18:20.448,0.2500,100
55100448678568,15:18:20.448,0.2500,1000
55100448678568,15:18:20.448,0.2500,2070
55113619385836,15:18:33.619,0.2500,330
55113619385836,15:18:33.619,0.2500,20
55113619385836,15:18:33.619,0.2500,150
55113619385836,15:18:33.619,0.2500,367
55113619385836,15:18:33.619,0.2500,100
55170232523350,15:19:30.232,0.2500,200
55170232523350,15:19:30.232,0.2500,100
55170232523350,15:19:30.232,0.2500,100
55196693926425,15:19:56.693,0.2500,750
55197333407172,15:19:57.333,0.2500,400
55230671456475,15:20:30.671,0.2506,1728
55237481309686,15:20:37.481,0.2506,72
55237481309686,15:20:37.481,0.2506,300
55342334175287,15:22:22.334,0.2505,93
55343623877953,15:22:23.623,0.2501,30
55491264130661,15:24:51.264,0.2506,3825
55491264130661,15:24:51.264,0.2506,987
55491264130661,15:24:51.264,0.2506,2400
55494720871328,15:24:54.720,0.2502,750
55528230747567,15:25:28.230,0.2502,1400
55528230747567,15:25:28.230,0.2502,698
55528230747567,15:25:28.230,0.2502,702
55543288389887,15:25:43.288,0.2502,680
55705855818308,15:28:25.855,0.2500,432
55770456715477,15:29:30.456,0.2503,1716
55770587578092,15:29:30.587,0.2503,200
55800641768088,15:30:00.641,0.2503,100
55844209427624,15:30:44.209,0.2503,100
55970931257237,15:32:50.931,0.2505,2100
55970931257237,15:32:50.931,0.2505,2400
55976112526343,15:32:56.112,0.2503,962
56015310589969,15:33:35.310,0.2503,82
56015310589969,15:33:35.310,0.2503,40
56073673921571,15:34:33.673,0.2501,10
56079610312872,15:34:39.610,0.2501,30
56153386473879,15:35:53.386,0.2502,100
56298397657111,15:38:18.397,0.2500,1568
56298397657111,15:38:18.397,0.2500,100
56298397657111,15:38:18.397,0.2500,72
56298397657111,15:38:18.397,0.2500,27
56298397657111,15:38:18.397,0.2500,58
56298397657111,15:38:18.397,0.2500,5259
56329785889504,15:38:49.785,0.2500,100
56336015998717,15:38:56.015,0.2500,1
56343708084259,15:39:03.708,0.2500,1821
56418526098887,15:40:18.526,0.2500,3456
56499771636583,15:41:39.771,0.2501,912
56552730012273,15:42:32.730,0.2501,500
56552730149411,15:42:32.730,0.2501,588
56552730511240,15:42:32.730,0.2502,5600
56552730511240,15:42:32.730,0.2502,1326
56570492620476,15:42:50.492,0.2502,3500
56570492739435,15:42:50.492,0.2502,411
56647987104245,15:44:07.987,0.2502,2000
56647987104245,15:44:07.987,0.2502,4799
56647987623999,15:44:07.987,0.2502,142
56648626313118,15:44:08.626,0.2502,60
56649625152813,15:44:09.625,0.2502,50
56693252521734,15:44:53.252,0.2501,500
56693253062137,15:44:53.253,0.2500,200
56693253062137,15:44:53.253,0.2500,60
56693253062137,15:44:53.253,0.2500,100
56693253062137,15:44:53.253,0.2500,400
56693253062137,15:44:53.253,0.2500,8963
56693253721436,15:44:53.253,0.2496,2000
56693253721436,15:44:53.253,0.2496,1000
56693255053404,15:44:53.255,0.2490,20
56693255053404,15:44:53.255,0.2490,658
56693255713365,15:44:53.255,0.2485,2000
56693255713365,15:44:53.255,0.2485,5800
56693256236547,15:44:53.256,0.2482,100
56693256747315,15:44:53.256,0.2481,1050
56693257262867,15:44:53.257,0.2480,1900
56693257262867,15:44:53.257,0.2480,100
56693257262867,15:44:53.257,0.2480,40
56693257262867,15:44:53.257,0.2480,960
56700026039486,15:45:00.026,0.2500,5
56723268161153,15:45:23.268,0.2480,40
56723268161153,15:45:23.268,0.2480,660
56780284323981,15:46:20.284,0.2500,1
56809898329184,15:46:49.898,0.2485,100
56809898329184,15:46:49.898,0.2485,200
56809898329184,15:46:49.898,0.2485,500
56809898329184,15:46:49.898,0.2485,1000
56884994765167,15:48:04.994,0.2490,500
57021300367829,15:50:21.300,0.2496,100
57021307494839,15:50:21.307,0.2495,500
57022564085311,15:50:22.564,0.2496,1899
57022564085311,15:50:22.564,0.2497,454
57022564668795,15:50:22.564,0.2497,546
57022564668795,15:50:22.564,0.2497,54
57023043327804,15:50:23.043,0.2494,100
57023043327804,15:50:23.043,0.2494,100
57023043327804,15:50:23.043,0.2490,50
57023043327804,15:50:23.043,0.2490,50
57023044064000,15:50:23.044,0.2488,200
57023044626814,15:50:23.044,0.2488,300
57023045147445,15:50:23.045,0.2485,700
57023045459101,15:50:23.045,0.2485,50
57023045975429,15:50:23.045,0.2484,1000
57039423173410,15:50:39.423,0.2495,100
57058832416876,15:50:58.832,0.2470,20
57058832416876,15:50:58.832,0.2470,300
57058832416876,15:50:58.832,0.2470,400
57074187785986,15:51:14.187,0.2470,700
57089698291479,15:51:29.698,0.2499,2600
57089698301548,15:51:29.698,0.2499,60
57089698301548,15:51:29.698,0.2499,940
57254396209614,15:54:14.396,0.2475,100
57254396209614,15:54:14.396,0.2471,146
57280160344529,15:54:40.160,0.2471,454
57280160344529,15:54:40.160,0.2471,111
57303912827647,15:55:03.912,0.2475,1000
57303912827647,15:55:03.912,0.2475,1000
57303930630805,15:55:03.930,0.2475,1000
57303946098895,15:55:03.946,0.2475,1000
57303962179534,15:55:03.962,0.2475,1000
57303978613258,15:55:03.978,0.2475,1000
57303994570291,15:55:03.994,0.2475,1000
57304010541276,15:55:04.010,0.2475,1000
57304026437622,15:55:04.026,0.2475,1000
57304042311982,15:55:04.042,0.2475,1000
57304058303800,15:55:04.058,0.2475,1000
57304074616820,15:55:04.074,0.2475,1000
57304090363284,15:55:04.090,0.2475,1000
57304104361074,15:55:04.104,0.2475,1000
57314340430898,15:55:14.340,0.2471,489
57314340430898,15:55:14.340,0.2471,400
57314344805070,15:55:14.344,0.2471,1600
57314346058253,15:55:14.346,0.2470,393
57314346058253,15:55:14.346,0.2470,100
57339949081356,15:55:39.949,0.2470,1799
57453048295235,15:57:33.048,0.2470,300
57459551941163,15:57:39.551,0.2470,100
57465837821903,15:57:45.837,0.2470,190
57468058245026,15:57:48.058,0.2470,410
57468058245026,15:57:48.058,0.2470,2772
57468058245026,15:57:48.058,0.2470,17
57474556511742,15:57:54.556,0.2470,100
57476329671520,15:57:56.329,0.2470,500
57480889379037,15:58:00.889,0.2470,2000
57488582186320,15:58:08.582,0.2470,100
57491451100715,15:58:11.451,0.2470,200
57503627431891,15:58:23.627,0.2470,100
57512796061408,15:58:32.796,0.2470,7500
57518606825895,15:58:38.606,0.2470,300
57518635060587,15:58:38.635,0.2470,100
57528451131983,15:58:48.451,0.2470,78
57534696464476,15:58:54.696,0.2470,56
57535314167564,15:58:55.314,0.2470,50
57535314167564,15:58:55.314,0.2470,525
57545009205875,15:59:05.009,0.2470,40
57548100596076,15:59:08.100,0.2470,200
57548684002946,15:59:08.684,0.2470,100
57554285258272,15:59:14.285,0.2470,100
57559711616995,15:59:19.711,0.2460,100
57559711616995,15:59:19.711,0.2460,2400
57559711616995,15:59:19.711,0.2460,500
57559711616995,15:59:19.711,0.2460,400
57559711616995,15:59:19.711,0.2460,100
57559711616995,15:59:19.711,0.2460,1271
57559711616995,15:59:19.711,0.2460,29
57559728144986,15:59:19.728,0.2460,71
57559728144986,15:59:19.728,0.2460,29
57559746078097,15:59:19.746,0.2460,71
57559746078097,15:59:19.746,0.2460,29
57559764185076,15:59:19.764,0.2460,71
57559764185076,15:59:19.764,0.2460,29
57559781724393,15:59:19.781,0.2460,71
57559781724393,15:59:19.781,0.2460,29
57559800054183,15:59:19.800,0.2460,71
57559800054183,15:59:19.800,0.2460,29
57559816281610,15:59:19.816,0.2460,71
57559816281610,15:59:19.816,0.2460,29
57559833059932,15:59:19.833,0.2460,71
57559833059932,15:59:19.833,0.2460,29
57559852802796,15:59:19.852,0.2460,71
57595305748290,15:59:55.305,0.2470,72
57595808646125,15:59:55.808,0.2470,47
57600501116634,16:00:00.501,0.2470,1190
57600501116634,16:00:00.501,0.2470,1190
58735997367885,16:18:55.997,0.2480,4
59666807607540,16:34:26.807,0.2490,1
60291763686622,16:44:51.763,0.2480,1
60652237344156,16:50:52.237,0.2480,1999
60652237344156,16:50:52.237,0.2480,10008
60779888038394,16:52:59.888,0.2490,25
61882484132342,17:11:22.484,0.2475,20
61985317183534,17:13:05.317,0.2475,25
61985317183534,17:13:05.317,0.2475,325
62088797236818,17:14:48.797,0.2475,15
62164923692628,17:16:04.923,0.2475,2
62225934690937,17:17:05.934,0.2475,1
63417072129041,17:36:57.072,0.2480,380
63417077736498,17:36:57.077,0.2476,2817
63643556392656,17:40:43.556,0.2480,500
63864086631348,17:44:24.086,0.2480,40
63866933281524,17:44:26.933,0.2480,1
64270683430711,17:51:10.683,0.2500,30
64304596871947,17:51:44.596,0.2500,525
64304596871947,17:51:44.596,0.2500,596
64480895060081,17:54:40.895,0.2506,217
64496029421461,17:54:56.029,0.2509,10
64504651699490,17:55:04.651,0.2509,400
64514157432461,17:55:14.157,0.2509,10
64524608918662,17:55:24.608,0.2509,7020
64528143379671,17:55:28.143,0.2500,10000
64528143379671,17:55:28.143,0.2500,1000
64528143379671,17:55:28.143,0.2500,308
64528143379671,17:55:28.143,0.2500,250
64609402120876,17:56:49.402,0.2481,367
64609406398008,17:56:49.406,0.2480,10
64609406398008,17:56:49.406,0.2480,3123
64780703049037,17:59:40.703,0.2509,15
64785305671935,17:59:45.305,0.2509,2500
71524714054929,19:52:04.714,0.2550,400
