timestamp,time,price,volume
34118091328448,09:28:38.091,9.2000,100
34183021170881,09:29:43.021,9.2000,200
34200961002141,09:30:00.961,9.3300,12699
34204107553832,09:30:04.107,9.2500,200
34204108799219,09:30:04.108,9.2500,500
34212272043413,09:30:12.272,9.3400,100
34212272064414,09:30:12.272,9.3400,100
34212272066273,09:30:12.272,9.3400,100
34212272132878,09:30:12.272,9.3400,75
34212322466562,09:30:12.322,9.2600,71
34212322567372,09:30:12.322,9.2500,71
34422943749471,09:33:42.943,9.1200,100
34422943818326,09:33:42.943,9.1200,100
34422943818952,09:33:42.943,9.1200,100
34422943981681,09:33:42.943,9.1200,100
34422943998451,09:33:42.943,9.1200,100
34422944504824,09:33:42.944,9.1000,100
34422944565904,09:33:42.944,9.1000,10
34601873996846,09:36:41.873,9.0800,28
34737907683460,09:38:57.907,9.0500,100
34737907683460,09:38:57.907,9.0500,100
34737907829759,09:38:57.907,9.0500,100
34737907849225,09:38:57.907,9.0500,100
34737908801027,09:38:57.908,9.0500,100
34737908908660,09:38:57.908,9.0500,100
34759495974423,09:39:19.495,9.0400,100
34759496394109,09:39:19.496,9.0500,5
34759496414257,09:39:19.496,9.0600,30
34759496478957,09:39:19.496,9.0600,70
34759498665254,09:39:19.498,9.0700,100
34771748332309,09:39:31.748,9.0800,55
34771748368907,09:39:31.748,9.0800,45
34871660850332,09:41:11.660,9.0700,44
34871660855512,09:41:11.660,9.0700,1
34895707837936,09:41:35.707,9.0500,200
34895707837936,09:41:35.707,9.0500,100
34899271730789,09:41:39.271,8.9800,70
34939704054921,09:42:19.704,9.0400,42
35200636492600,09:46:40.636,9.0000,100
35244750884531,09:47:24.750,9.0000,42
35260286116374,09:47:40.286,9.0000,58
35260286116374,09:47:40.286,9.0000,42
35260286559025,09:47:40.286,9.0000,58
35260287404205,09:47:40.287,9.0100,100
35371246345648,09:49:31.246,8.9800,100
35371253974140,09:49:31.253,8.9800,200
35510657156094,09:51:50.657,8.9500,1
35510657156094,09:51:50.657,8.9500,50
35544108024075,09:52:24.108,8.9600,42
35545094031728,09:52:25.094,8.9600,105
35554203485658,09:52:34.203,8.9600,100
35554203485658,09:52:34.203,8.9600,100
35554679078590,09:52:34.679,8.9700,100
35554679078590,09:52:34.679,8.9700,100
35569685379134,09:52:49.685,8.9700,40
35598358221445,09:53:18.358,8.9400,100
35598358555242,09:53:18.358,8.9400,100
35598690274519,09:53:18.690,8.9400,100
35610883454938,09:53:30.883,8.9400,5
35610883454938,09:53:30.883,8.9400,95
35610883493869,09:53:30.883,8.9400,5
35643122187987,09:54:03.122,8.9100,100
35648530839592,09:54:08.530,8.9000,100
35650195020997,09:54:10.195,8.9000,100
35668333015232,09:54:28.333,8.9100,100
35668333015232,09:54:28.333,8.9100,200
35670529879718,09:54:30.529,8.9100,100
35671936888187,09:54:31.936,8.9000,1400
35671936888187,09:54:31.936,8.9000,600
35671941788874,09:54:31.941,8.9100,100
35672371205670,09:54:32.371,8.9100,100
35672516295373,09:54:32.516,8.9000,100
35683062987900,09:54:43.062,8.9000,1300
35683063013907,09:54:43.063,8.9000,2500
35683063013907,09:54:43.063,8.9000,200
35683063013907,09:54:43.063,8.9000,600
35683063013907,09:54:43.063,8.9000,200
35683063013907,09:54:43.063,8.9000,100
35683063041264,09:54:43.063,8.9000,1500
35683063041264,09:54:43.063,8.9000,900
35683063041264,09:54:43.063,8.9000,1200
35683063056023,09:54:43.063,8.9000,100
35683063114049,09:54:43.063,8.9000,18
35683063121690,09:54:43.063,8.9000,182
35683063121690,09:54:43.063,8.9000,100
35683063121690,09:54:43.063,8.9000,600
35683063121690,09:54:43.063,8.9000,100
35683063121690,09:54:43.063,8.9000,118
35683063184731,09:54:43.063,8.9000,18
35683063250850,09:54:43.063,8.9000,100
35683063283536,09:54:43.063,8.9000,18
35683063302947,09:54:43.063,8.9000,64
35683063302947,09:54:43.063,8.9000,36
35683063328880,09:54:43.063,8.9000,18
35683063359541,09:54:43.063,8.9000,46
35683063359541,09:54:43.063,8.9000,200
35683063359541,09:54:43.063,8.9000,100
35683063359541,09:54:43.063,8.9000,282
35683063359541,09:54:43.063,8.9000,300
35683063359541,09:54:43.063,8.9000,472
35683063395928,09:54:43.063,8.9000,18
35683063449749,09:54:43.063,8.9000,18
35683063516436,09:54:43.063,8.9000,18
35683063597782,09:54:43.063,8.9000,18
35683063654002,09:54:43.063,8.9000,18
35683063750953,09:54:43.063,8.9000,18
35683063811414,09:54:43.063,8.9000,2
35683063843655,09:54:43.063,8.9000,8
35683063843655,09:54:43.063,8.9000,8
35683064544827,09:54:43.064,8.9000,2
35683064544827,09:54:43.064,8.9000,60
35683064544827,09:54:43.064,8.9000,40
35683064564409,09:54:43.064,8.8900,100
35683064961987,09:54:43.064,8.8900,20
35683074699573,09:54:43.074,8.8900,100
35683074699573,09:54:43.074,8.8900,100
35683074699573,09:54:43.074,8.8900,100
35683089207855,09:54:43.089,8.8800,100
35683089207855,09:54:43.089,8.8800,100
35683108217947,09:54:43.108,8.8700,50
35683309426990,09:54:43.309,8.8700,50
35683309426990,09:54:43.309,8.8700,100
35683317770638,09:54:43.317,8.8800,100
35683317770638,09:54:43.317,8.8800,100
35683317770638,09:54:43.317,8.8800,100
35684599578909,09:54:44.599,8.9000,100
35684601548330,09:54:44.601,8.9100,15
35686246032452,09:54:46.246,8.9100,200
35686790010257,09:54:46.790,8.9300,200
35700683846984,09:55:00.683,8.9200,75
35700683846984,09:55:00.683,8.9200,100
35700683846984,09:55:00.683,8.9200,100
35700683846984,09:55:00.683,8.9200,500
35703068651771,09:55:03.068,8.9000,53
35703697083198,09:55:03.697,8.9000,47
35703697083198,09:55:03.697,8.8900,53
35707507055292,09:55:07.507,8.8700,47
35707507055292,09:55:07.507,8.8700,44
35714284459796,09:55:14.284,8.9000,200
35714284459796,09:55:14.284,8.9000,100
35714284459796,09:55:14.284,8.9000,100
35727335070933,09:55:27.335,8.9400,200
35727335356209,09:55:27.335,8.9400,200
35727340064079,09:55:27.340,8.9400,100
35732083922701,09:55:32.083,8.9400,200
35734595301785,09:55:34.595,8.9400,200
35734595301785,09:55:34.595,8.9400,200
35734595400502,09:55:34.595,8.9400,100
35734596032141,09:55:34.596,8.9300,100
35755146219921,09:55:55.146,8.9200,400
35755146240291,09:55:55.146,8.9200,30
35758835471741,09:55:58.835,8.9100,100
35774300820761,09:56:14.300,8.9000,100
35774312681094,09:56:14.312,8.9000,100
35774313253457,09:56:14.313,8.8900,100
35774313253457,09:56:14.313,8.8900,96
35800221826041,09:56:40.221,8.9000,200
35804799075014,09:56:44.799,8.9000,100
35804799110994,09:56:44.799,8.9000,100
35807024604610,09:56:47.024,8.9100,100
35815169964121,09:56:55.169,8.9100,100
35816221805289,09:56:56.221,8.9100,100
35827918199909,09:57:07.918,8.9200,100
35831432536213,09:57:11.432,8.9100,4
35831432536213,09:57:11.432,8.9100,37
35831432544862,09:57:11.432,8.9100,63
35836697383032,09:57:16.697,8.9200,42
35846058803749,09:57:26.058,8.9200,83
35847229132130,09:57:27.229,8.9200,117
35851831593945,09:57:31.831,8.9100,100
35851831593945,09:57:31.831,8.9100,100
35853731191808,09:57:33.731,8.8700,100
35857583729148,09:57:37.583,8.8600,100
35861057584336,09:57:41.057,8.8600,30
35861057692228,09:57:41.057,8.8600,100
35861057777003,09:57:41.057,8.8600,30
35861057790619,09:57:41.057,8.8600,475
35861057790619,09:57:41.057,8.8500,30
35861057790619,09:57:41.057,8.8400,100
35861057858742,09:57:41.057,8.8500,100
35861057858742,09:57:41.057,8.8500,100
35861057858742,09:57:41.057,8.8500,100
35861065074336,09:57:41.065,8.8400,100
35861788710738,09:57:41.788,8.8300,200
35861788710738,09:57:41.788,8.8300,30
35863940804928,09:57:43.940,8.8100,200
35863940804928,09:57:43.940,8.8100,100
35863940804928,09:57:43.940,8.8100,20
35864407985335,09:57:44.407,8.8300,100
35864407985335,09:57:44.407,8.8300,100
35864407985335,09:57:44.407,8.8300,100
35864407985335,09:57:44.407,8.8300,100
35864407985335,09:57:44.407,8.8300,100
35864407985335,09:57:44.407,8.8300,200
35864409081670,09:57:44.409,8.8300,100
35865177628900,09:57:45.177,8.8400,218
35867213602294,09:57:47.213,8.8400,138
35867213612349,09:57:47.213,8.8400,1298
35867213612349,09:57:47.213,8.8400,100
35876475026325,09:57:56.475,8.8500,200
35876475026325,09:57:56.475,8.8500,100
35876475026325,09:57:56.475,8.8500,100
35877853939738,09:57:57.853,8.8600,100
35882797236159,09:58:02.797,8.8700,200
35886725922487,09:58:06.725,8.8200,100
35963706562454,09:59:23.706,8.8300,100
35989126902162,09:59:49.126,8.8300,100
35989126902162,09:59:49.126,8.8300,100
35989144910491,09:59:49.144,8.8400,100
35989144910491,09:59:49.144,8.8400,100
35989164792508,09:59:49.164,8.8500,81
35989164798794,09:59:49.164,8.8500,19
35989164798794,09:59:49.164,8.8500,100
36080147304486,10:01:20.147,8.8500,100
36080147385139,10:01:20.147,8.8500,227
36080147385139,10:01:20.147,8.8500,100
36080147801199,10:01:20.147,8.8400,100
36080200235655,10:01:20.200,8.8300,100
36080286331876,10:01:20.286,8.8200,40
36160819217312,10:02:40.819,8.8200,43
36329869590038,10:05:29.869,8.8000,100
36329869609173,10:05:29.869,8.8100,43
36329869611612,10:05:29.869,8.8100,57
36329869611612,10:05:29.869,8.8100,34
36329869665331,10:05:29.869,8.8100,5
36329869702557,10:05:29.869,8.8100,61
36329869702557,10:05:29.869,8.8100,39
36329869822458,10:05:29.869,8.8000,100
36329869893126,10:05:29.869,8.8100,61
36329869893126,10:05:29.869,8.8100,39
36332707159701,10:05:32.707,8.8050,20
36332707195771,10:05:32.707,8.8050,20
36359982190226,10:05:59.982,8.8000,20
36359983402572,10:05:59.983,8.7900,100
36360252573445,10:06:00.252,8.7800,100
36384607860165,10:06:24.607,8.7900,4
36422676570626,10:07:02.676,8.7800,100
36422676840260,10:07:02.676,8.7800,100
36422676840260,10:07:02.676,8.7800,32
36422676843180,10:07:02.676,8.7800,116
36422676851168,10:07:02.676,8.7800,52
36424715866211,10:07:04.715,8.7850,100
36463029544879,10:07:43.029,8.7900,42
36473321003187,10:07:53.321,8.7800,100
36516736822952,10:08:36.736,8.7900,54
36516736822952,10:08:36.736,8.7900,100
36579995007594,10:09:39.995,8.8000,100
36579995007594,10:09:39.995,8.8000,100
36579995007594,10:09:39.995,8.8000,100
36580002015801,10:09:40.002,8.8200,200
36580570754141,10:09:40.570,8.8200,58
36580570754689,10:09:40.570,8.8200,190
36580570761403,10:09:40.570,8.8200,252
36580570761403,10:09:40.570,8.8200,6
36591688251310,10:09:51.688,8.8400,100
36591688251310,10:09:51.688,8.8400,100
36728742915548,10:12:08.742,8.8300,60
36728742915548,10:12:08.742,8.8300,200
36740428600673,10:12:20.428,8.8400,42
36933935199521,10:15:33.935,8.8200,76
36933935199521,10:15:33.935,8.8200,20
36933935199521,10:15:33.935,8.8200,4
36933935238302,10:15:33.935,8.8200,96
36933935238302,10:15:33.935,8.8200,110
36933935248530,10:15:33.935,8.8200,90
36936337232556,10:15:36.337,8.8100,100
37040678355573,10:17:20.678,8.8100,42
37080299273232,10:18:00.299,8.7900,200
37080301849262,10:18:00.301,8.7900,50
37081229282058,10:18:01.229,8.7900,20
37138609763687,10:18:58.609,8.7900,100
37138609763687,10:18:58.609,8.7900,200
37138609763687,10:18:58.609,8.7900,100
37138609940902,10:18:58.609,8.7900,100
37139490810731,10:18:59.490,8.7950,92
37139490861333,10:18:59.490,8.7950,8
37139490861333,10:18:59.490,8.7900,100
37139490861333,10:18:59.490,8.7900,92
37139613637517,10:18:59.613,8.7900,8
37183796447688,10:19:43.796,8.8000,100
37283669473635,10:21:23.669,8.8100,58
37283669473635,10:21:23.669,8.8100,100
37318201417103,10:21:58.201,8.8200,100
37318201478874,10:21:58.201,8.8300,72
37318201482507,10:21:58.201,8.8300,28
37318201482507,10:21:58.201,8.8300,38
37318202011023,10:21:58.202,8.8400,97
37318202029418,10:21:58.202,8.8400,3
37318202029418,10:21:58.202,8.8400,9
37318202051877,10:21:58.202,8.8400,76
37318202062658,10:21:58.202,8.8400,100
37326313107200,10:22:06.313,8.8500,100
37326313107200,10:22:06.313,8.8500,100
37326313107200,10:22:06.313,8.8500,100
37326313107200,10:22:06.313,8.8500,200
37331055248359,10:22:11.055,8.8600,400
37331055248359,10:22:11.055,8.8600,100
37331055248359,10:22:11.055,8.8600,100
37331055248359,10:22:11.055,8.8600,100
37349251360194,10:22:29.251,8.8600,40
37349251360194,10:22:29.251,8.8600,100
37351323155347,10:22:31.323,8.8700,42
37482108983358,10:24:42.108,8.8700,58
37482108983358,10:24:42.108,8.8700,5
37484115735187,10:24:44.115,8.8700,16
37504714089042,10:25:04.714,8.8700,4
37504714089042,10:25:04.714,8.8600,96
37547163477600,10:25:47.163,8.8600,200
37581391044956,10:26:21.391,8.8700,100
37581391044956,10:26:21.391,8.8700,100
37581391044956,10:26:21.391,8.8700,200
37581391044956,10:26:21.391,8.8700,100
37581391538920,10:26:21.391,8.8800,100
37680347485619,10:28:00.347,8.8800,5
37680347485619,10:28:00.347,8.8800,66
37680347535327,10:28:00.347,8.8800,34
37680446845037,10:28:00.446,8.8700,15
37680447079342,10:28:00.447,8.8700,25
37733327859951,10:28:53.327,8.8800,100
37733327859951,10:28:53.327,8.8800,100
37779963294212,10:29:39.963,8.8900,100
37830146395968,10:30:30.146,8.9000,100
37830147472180,10:30:30.147,8.9000,100
37830148546903,10:30:30.148,8.9000,100
37839020129078,10:30:39.020,8.8900,20
37880418564794,10:31:20.418,8.9000,100
37943007235763,10:32:23.007,8.9100,42
37948853151470,10:32:28.853,8.9100,58
38005882115120,10:33:25.882,8.9200,24
38090752440994,10:34:50.752,8.9300,100
38090752440994,10:34:50.752,8.9300,100
38099224487543,10:34:59.224,8.9400,100
38104419883332,10:35:04.419,8.9500,100
38104542256094,10:35:04.542,8.9600,100
38160763282665,10:36:00.763,8.9600,100
38188812259032,10:36:28.812,8.9500,41
38188812534402,10:36:28.812,8.9500,100
38239616234359,10:37:19.616,8.9400,21
38242803258776,10:37:22.803,8.9500,42
38256651475452,10:37:36.651,8.9600,200
38256651475452,10:37:36.651,8.9600,100
38264141376979,10:37:44.141,8.9400,100
38264141376979,10:37:44.141,8.9400,100
38342519830912,10:39:02.519,8.9600,100
38434094019305,10:40:34.094,8.9700,100
38445581482543,10:40:45.581,8.9700,100
38445581482543,10:40:45.581,8.9700,200
38565477052688,10:42:45.477,8.9700,43
38605082290744,10:43:25.082,8.9700,57
38661030153202,10:44:21.030,8.9800,22
38661030153202,10:44:21.030,8.9800,78
38661030233991,10:44:21.030,8.9800,22
38661030233991,10:44:21.030,8.9800,100
38823228188351,10:47:03.228,8.9700,100
38823228188351,10:47:03.228,8.9700,100
38823242125422,10:47:03.242,8.9550,100
38837443445182,10:47:17.443,8.9700,42
38916257338338,10:48:36.257,8.9600,1
38953785729490,10:49:13.785,8.9600,100
38953785729490,10:49:13.785,8.9600,100
38953785729490,10:49:13.785,8.9600,200
38997557374857,10:49:57.557,8.9700,100
38997557374857,10:49:57.557,8.9700,100
39262268123382,10:54:22.268,8.9600,100
39267208142905,10:54:27.208,8.9600,6
39405899091442,10:56:45.899,8.9800,100
39455140512811,10:57:35.140,8.9900,42
39556416832640,10:59:16.416,8.9800,95
39605024486334,11:00:05.024,8.9800,5
39605024486334,11:00:05.024,8.9800,100
39605030835195,11:00:05.030,8.9900,58
39605030835195,11:00:05.030,8.9900,42
39605030870667,11:00:05.030,8.9900,58
39605030925781,11:00:05.030,8.9900,100
39627262500383,11:00:27.262,9.0000,100
39640272765827,11:00:40.272,9.0000,100
39640283666195,11:00:40.283,9.0000,100
39640283666195,11:00:40.283,9.0000,200
39646657541977,11:00:46.657,9.0000,100
39646671606297,11:00:46.671,9.0000,100
39653174282290,11:00:53.174,9.0000,100
39751432918539,11:02:31.432,9.0000,42
39838164968124,11:03:58.164,8.9900,100
39838164968124,11:03:58.164,8.9900,100
39838164968124,11:03:58.164,8.9900,5
39942444454542,11:05:42.444,9.0000,100
39942444454542,11:05:42.444,9.0000,100
39942444454542,11:05:42.444,9.0000,100
39942444763459,11:05:42.444,9.0000,100
39942469163464,11:05:42.469,9.0000,100
40006101897072,11:06:46.101,8.9800,5
40006103674497,11:06:46.103,8.9800,100
40061023301210,11:07:41.023,9.0000,42
40214121958802,11:10:14.121,8.9900,100
40230121243840,11:10:30.121,8.9900,100
40230121921472,11:10:30.121,8.9900,100
40230121921472,11:10:30.121,8.9900,100
40230121921472,11:10:30.121,8.9900,76
40230121947301,11:10:30.121,8.9900,24
40319397366069,11:11:59.397,8.9700,100
40319397366069,11:11:59.397,8.9700,92
40321891783785,11:12:01.891,8.9800,98
40338882789232,11:12:18.882,8.9800,2
40338882789232,11:12:18.882,8.9800,5
40338882789232,11:12:18.882,8.9800,35
40356354079197,11:12:36.354,8.9700,20
40565763177693,11:16:05.763,8.9700,100
40565763242008,11:16:05.763,8.9700,100
40565763274771,11:16:05.763,8.9700,100
40588843282798,11:16:28.843,8.9800,100
40588843282798,11:16:28.843,8.9800,100
40588848463773,11:16:28.848,8.9800,6
40588848543472,11:16:28.848,8.9800,1
40660610056252,11:17:40.610,8.9900,42
40733837952769,11:18:53.837,8.9800,49
40733838005968,11:18:53.838,8.9800,44
40733838005968,11:18:53.838,8.9800,100
40733838098831,11:18:53.838,8.9800,20
40733838242971,11:18:53.838,8.9800,70
40733838258307,11:18:53.838,8.9800,10
40733838258307,11:18:53.838,8.9800,100
40751001626984,11:19:11.001,8.9700,20
40768588418833,11:19:28.588,8.9700,100
40768589583072,11:19:28.589,8.9700,6
40799111889280,11:19:59.111,8.9700,100
40799111889280,11:19:59.111,8.9700,69
40909966816868,11:21:49.966,8.9600,8
40931230652872,11:22:11.230,8.9600,8
40945356036508,11:22:25.356,8.9600,70
40945356062371,11:22:25.356,8.9600,30
40945363761245,11:22:25.363,8.9500,10
40945363762590,11:22:25.363,8.9500,90
40945363762590,11:22:25.363,8.9500,20
40945363763580,11:22:25.363,8.9500,80
40961791209116,11:22:41.791,8.9500,22
40961791209116,11:22:41.791,8.9500,21
41126711330164,11:25:26.711,8.9400,2
41157727765990,11:25:57.727,8.9300,6
41256311715023,11:27:36.311,8.9300,42
41284348172280,11:28:04.348,8.9300,58
41284348172280,11:28:04.348,8.9300,71
41284348173334,11:28:04.348,8.9300,29
41355279953758,11:29:15.279,8.9300,100
41538436120295,11:32:18.436,8.9300,100
41538436120295,11:32:18.436,8.9300,200
41538436294589,11:32:18.436,8.9300,39
41538436599501,11:32:18.436,8.9300,46
41556331728266,11:32:36.331,8.9300,42
41622156772870,11:33:42.156,8.9400,95
41633852972872,11:33:53.852,8.9300,100
41633852972872,11:33:53.852,8.9300,100
41633857128779,11:33:53.857,8.9200,100
41850988505051,11:37:30.988,8.9400,5
41850988505051,11:37:30.988,8.9400,37
41950027380564,11:39:10.027,8.9300,100
41950027403322,11:39:10.027,8.9300,44
41950027404021,11:39:10.027,8.9300,100
41950027404463,11:39:10.027,8.9300,46
41950027433895,11:39:10.027,8.9300,10
42051264278309,11:40:51.264,8.9150,5
42133033286132,11:42:13.033,8.9200,9
42133033312114,11:42:13.033,8.9200,191
42133033312114,11:42:13.033,8.9200,100
42133033525665,11:42:13.033,8.9200,100
42134129283435,11:42:14.129,8.9300,100
42134129283435,11:42:14.129,8.9300,100
42134129283435,11:42:14.129,8.9300,100
42134129283435,11:42:14.129,8.9300,100
42134129296422,11:42:14.129,8.9300,51
42134129316252,11:42:14.129,8.9300,49
42134132463509,11:42:14.132,8.9300,22
42150745880590,11:42:30.745,8.9400,42
42237135279774,11:43:57.135,8.9400,16
42237135281312,11:43:57.135,8.9400,84
42237135281312,11:43:57.135,8.9400,16
42237135345260,11:43:57.135,8.9400,42
42444964082646,11:47:24.964,8.9500,42
42461261266080,11:47:41.261,8.9300,5
42461261290321,11:47:41.261,8.9300,5
42461261547102,11:47:41.261,8.9300,95
42561077597376,11:49:21.077,8.9400,5
42561077597376,11:49:21.077,8.9400,100
42561077597376,11:49:21.077,8.9400,100
42567437742585,11:49:27.437,8.9500,58
42567437742585,11:49:27.437,8.9500,100
42567437742585,11:49:27.437,8.9500,100
42567437742585,11:49:27.437,8.9500,200
42567545252263,11:49:27.545,8.9600,100
42573687205634,11:49:33.687,8.9600,100
42596710095315,11:49:56.710,8.9700,100
42761909439253,11:52:41.909,8.9600,42
42973367257290,11:56:13.367,8.9500,100
42973367257290,11:56:13.367,8.9500,100
42973367257290,11:56:13.367,8.9500,100
42973367257290,11:56:13.367,8.9500,100
42973367562646,11:56:13.367,8.9500,100
43023263597938,11:57:03.263,8.9500,100
43023263597938,11:57:03.263,8.9500,200
43023289267482,11:57:03.289,8.9600,100
43023289267482,11:57:03.289,8.9600,100
43023289267482,11:57:03.289,8.9600,100
43023289288634,11:57:03.289,8.9600,100
43059635935799,11:57:39.635,8.9700,43
43239277901488,12:00:39.277,8.9700,57
43239277901488,12:00:39.277,8.9700,43
43239278145996,12:00:39.278,8.9700,37
43350117692871,12:02:30.117,8.9800,42
43388978385929,12:03:08.978,8.9800,58
43388978385929,12:03:08.978,8.9800,42
43400529522767,12:03:20.529,8.9800,58
43400529522767,12:03:20.529,8.9800,42
43606158110771,12:06:46.158,8.9700,100
43606158110771,12:06:46.158,8.9700,8
43606158116493,12:06:46.158,8.9700,52
43606158120529,12:06:46.158,8.9700,40
43606158120529,12:06:46.158,8.9700,12
43606158122692,12:06:46.158,8.9700,88
43606158122692,12:06:46.158,8.9700,100
43606158122692,12:06:46.158,8.9700,37
43606158130128,12:06:46.158,8.9700,54
43606158144288,12:06:46.158,8.9700,9
43635303997151,12:07:15.303,8.9700,42
43635304022656,12:07:15.304,8.9700,58
43635304022656,12:07:15.304,8.9700,58
43746225120802,12:09:06.225,8.9800,100
43746225120802,12:09:06.225,8.9800,100
43746225120802,12:09:06.225,8.9800,100
43746225712896,12:09:06.225,8.9900,100
43746227976655,12:09:06.227,8.9900,22
43746732825038,12:09:06.732,8.9900,200
43872350971784,12:11:12.350,9.0000,58
43872350971784,12:11:12.350,9.0000,100
43872350971784,12:11:12.350,9.0000,100
43872350971784,12:11:12.350,9.0000,42
43872351012694,12:11:12.351,9.0000,58
43872351065706,12:11:12.351,9.0000,21
43872351205629,12:11:12.351,9.0000,58
43872351233982,12:11:12.351,9.0000,21
43872351233982,12:11:12.351,9.0000,100
43872351233982,12:11:12.351,9.0000,28
43872351237642,12:11:12.351,9.0000,58
43872355265086,12:11:12.355,9.0000,100
43872371655051,12:11:12.371,9.0000,100
43872371655051,12:11:12.371,9.0000,100
43943599045861,12:12:23.599,9.0000,42
44024684015769,12:13:44.684,9.0000,58
44024684015769,12:13:44.684,9.0000,42
44033036683375,12:13:53.036,9.0000,58
44033036683375,12:13:53.036,9.0000,42
44040516198042,12:14:00.516,9.0000,58
44040516198042,12:14:00.516,9.0000,42
44040516297179,12:14:00.516,9.0000,58
44040516297179,12:14:00.516,9.0000,8
44220090702173,12:17:00.090,9.0000,100
44220111421034,12:17:00.111,9.0000,100
44220111421034,12:17:00.111,9.0000,100
44220112369656,12:17:00.112,9.0000,100
44231581863244,12:17:11.581,9.0000,100
44231581863244,12:17:11.581,9.0000,100
44231581863244,12:17:11.581,9.0000,100
44231581863244,12:17:11.581,9.0000,21
44246673003904,12:17:26.673,9.0000,100
44248880888331,12:17:28.880,9.0000,42
44248893965379,12:17:28.893,9.0000,100
44248893965379,12:17:28.893,9.0000,100
44248893965379,12:17:28.893,9.0000,100
44248893965379,12:17:28.893,9.0000,100
44248893965379,12:17:28.893,9.0000,100
44248893965379,12:17:28.893,9.0000,100
44248961662484,12:17:28.961,9.0000,100
44256075034139,12:17:36.075,9.0000,200
44296454908373,12:18:16.454,9.0000,100
44296455116060,12:18:16.455,9.0000,100
44533425786713,12:22:13.425,9.0000,47
44542643111945,12:22:22.643,9.0000,53
44542643111945,12:22:22.643,9.0000,47
44549605326282,12:22:29.605,9.0000,1
44557242534673,12:22:37.242,8.9900,100
44557242534673,12:22:37.242,8.9900,100
44559079053611,12:22:39.079,9.0000,42
44562168218810,12:22:42.168,9.0000,10
44562168218810,12:22:42.168,9.0000,21
44562168218810,12:22:42.168,9.0000,69
44583228232656,12:23:03.228,9.0000,31
44583228232656,12:23:03.228,9.0000,69
44583228298122,12:23:03.228,9.0000,31
44583228326250,12:23:03.228,9.0000,8
44647176545977,12:24:07.176,8.9900,100
44647176545977,12:24:07.176,8.9900,100
44849657970437,12:27:29.657,9.0000,42
45136699163457,12:32:16.699,9.0000,42
45160795058271,12:32:40.795,8.9900,100
45160795899306,12:32:40.795,8.9800,100
45160796007378,12:32:40.796,8.9800,100
45166306389902,12:32:46.306,8.9700,92
45291300664369,12:34:51.300,8.9600,100
45296898824273,12:34:56.898,8.9500,100
45298760181248,12:34:58.760,8.9500,100
45298760181248,12:34:58.760,8.9500,200
45298760181248,12:34:58.760,8.9500,200
45307961673546,12:35:07.961,8.9600,11
45455965493113,12:37:35.965,8.9600,43
45575988472368,12:39:35.988,8.9500,16
45716996537712,12:41:56.996,8.9500,84
45716996537712,12:41:56.996,8.9500,100
45716996537712,12:41:56.996,8.9500,100
45716996777511,12:41:56.996,8.9500,100
45716996777511,12:41:56.996,8.9500,100
45716996817608,12:41:56.996,8.9500,100
45717858900373,12:41:57.858,8.9500,100
45739389884837,12:42:19.389,8.9500,42
45739389912085,12:42:19.389,8.9500,58
45739389912085,12:42:19.389,8.9500,100
45739389912085,12:42:19.389,8.9500,100
45739389912085,12:42:19.389,8.9500,100
45739389912085,12:42:19.389,8.9500,100
45752132322914,12:42:32.132,8.9600,100
45752132322914,12:42:32.132,8.9600,100
45752133900693,12:42:32.133,8.9700,100
45752133951845,12:42:32.133,8.9700,8
45752133951845,12:42:32.133,8.9700,42
45752133958022,12:42:32.133,8.9700,58
45752133958022,12:42:32.133,8.9700,100
45752133958022,12:42:32.133,8.9700,6
45752133961450,12:42:32.133,8.9700,51
45752133969742,12:42:32.133,8.9700,43
45752133969742,12:42:32.133,8.9700,93
45752133990263,12:42:32.133,8.9700,7
45752133990263,12:42:32.133,8.9700,100
45752923294871,12:42:32.923,8.9800,200
45903331897234,12:45:03.331,8.9600,1
45947622510289,12:45:47.622,8.9800,100
45947622510289,12:45:47.622,8.9800,100
45958582953792,12:45:58.582,8.9900,200
45958582953792,12:45:58.582,8.9900,200
45958582953792,12:45:58.582,8.9900,100
45958582953792,12:45:58.582,8.9900,200
45982251473456,12:46:22.251,8.9900,20
46049952951240,12:47:29.952,9.0000,42
46069916680253,12:47:49.916,8.9900,1
46196421111995,12:49:56.421,8.9900,3
46340813803191,12:52:20.813,9.0000,42
46644119665150,12:57:24.119,9.0000,42
46702218952384,12:58:22.218,8.9900,76
46702218952384,12:58:22.218,8.9900,100
46702218952384,12:58:22.218,8.9900,100
46702218952384,12:58:22.218,8.9900,100
46702218952384,12:58:22.218,8.9900,100
46702218952384,12:58:22.218,8.9900,100
46702219038165,12:58:22.219,8.9900,100
46702219241222,12:58:22.219,8.9900,100
46722823359944,12:58:42.823,8.9900,200
46722823359944,12:58:42.823,8.9900,100
46722823359944,12:58:42.823,8.9900,300
46722823359944,12:58:42.823,8.9900,200
46722824099208,12:58:42.824,9.0000,100
46722824099208,12:58:42.824,9.0000,100
46722824099208,12:58:42.824,9.0000,100
46722824108207,12:58:42.824,9.0000,100
46722923908685,12:58:42.923,8.9900,100
46726664034208,12:58:46.664,9.0000,100
46761357824114,12:59:21.357,9.0000,300
46761357824114,12:59:21.357,9.0000,100
46940078767945,13:02:20.078,9.0000,42
47113082381448,13:05:13.082,8.9900,21
47113082384289,13:05:13.082,8.9900,21
47113083985002,13:05:13.083,8.9900,21
47114660623064,13:05:14.660,8.9800,100
47114660623064,13:05:14.660,8.9800,100
47114660897154,13:05:14.660,8.9800,100
47251285514958,13:07:31.285,8.9800,76
47251285551048,13:07:31.285,8.9800,100
47251285582579,13:07:31.285,8.9800,24
47251285582579,13:07:31.285,8.9800,76
47251285583529,13:07:31.285,8.9800,24
47259883477098,13:07:39.883,8.9900,42
47268837779514,13:07:48.837,8.9900,165
47349116403405,13:09:09.116,8.9900,9
47472155400381,13:11:12.155,8.9800,100
47472155400381,13:11:12.155,8.9800,100
47539114156342,13:12:19.114,8.9900,42
47840324199267,13:17:20.324,8.9900,43
47961163625032,13:19:21.163,8.9800,100
47961163662040,13:19:21.163,8.9800,35
47961163673842,13:19:21.163,8.9800,48
47961163684917,13:19:21.163,8.9800,20
47961163716832,13:19:21.163,8.9800,17
47961163745177,13:19:21.163,8.9800,6
47961163767080,13:19:21.163,8.9800,17
47961163864244,13:19:21.163,8.9800,40
48144847926893,13:22:24.847,8.9800,42
48185768323535,13:23:05.768,8.9600,100
48185768599687,13:23:05.768,8.9600,100
48316672783101,13:25:16.672,8.9500,2
48454850896658,13:27:34.850,8.9600,42
48667584121390,13:31:07.584,8.9600,5
48667584147818,13:31:07.584,8.9600,253
48667584147818,13:31:07.584,8.9600,100
48667584147818,13:31:07.584,8.9600,100
48667584147818,13:31:07.584,8.9600,175
48667584147818,13:31:07.584,8.9600,200
48667584147818,13:31:07.584,8.9600,100
48667584147818,13:31:07.584,8.9600,100
48667585269344,13:31:07.585,8.9700,89
48667585273112,13:31:07.585,8.9700,11
48667585273112,13:31:07.585,8.9700,34
48667585273949,13:31:07.585,8.9700,45
48667585469127,13:31:07.585,8.9700,100
48667585469127,13:31:07.585,8.9700,6
48667585471829,13:31:07.585,8.9700,47
48667585476276,13:31:07.585,8.9700,47
48667585487223,13:31:07.585,8.9700,100
48667585516323,13:31:07.585,8.9700,98
48667585522793,13:31:07.585,8.9700,2
48667590413695,13:31:07.590,8.9800,200
48667600786169,13:31:07.600,8.9800,10
48667600857761,13:31:07.600,8.9800,100
48761174698647,13:32:41.174,8.9900,6
48761174698647,13:32:41.174,8.9900,36
49035488433330,13:37:15.488,8.9900,42
49221248628255,13:40:21.248,8.9800,100
49221248628255,13:40:21.248,8.9800,100
49221249137115,13:40:21.249,8.9800,100
49221253333724,13:40:21.253,8.9800,100
49221262446088,13:40:21.262,8.9700,100
49221262446088,13:40:21.262,8.9700,100
49221262722246,13:40:21.262,8.9700,100
49361421820003,13:42:41.421,8.9800,42
49365421263956,13:42:45.421,8.9800,258
49365421263956,13:42:45.421,8.9800,100
49365421263956,13:42:45.421,8.9800,42
49365421604296,13:42:45.421,8.9800,58
49399407945712,13:43:19.407,8.9900,22
49399407945712,13:43:19.407,8.9900,78
49401554519505,13:43:21.554,8.9900,22
49401554519505,13:43:21.554,8.9900,78
49401554545010,13:43:21.554,8.9900,122
49401555231856,13:43:21.555,9.0000,100
49401555231856,13:43:21.555,9.0000,100
49401555231856,13:43:21.555,9.0000,100
49401555231856,13:43:21.555,9.0000,100
49401596968879,13:43:21.596,9.0000,100
49401597280713,13:43:21.597,9.0000,100
49401597280713,13:43:21.597,9.0000,100
49401597280713,13:43:21.597,9.0000,100
49430198796445,13:43:50.198,9.0000,100
49430198796445,13:43:50.198,9.0000,159
49430198796445,13:43:50.198,9.0000,21
49430198796445,13:43:50.198,9.0000,100
49430212840088,13:43:50.212,9.0000,100
49430212840088,13:43:50.212,9.0000,80
49661598140499,13:47:41.598,9.0000,42
49701586801771,13:48:21.586,9.0000,100
49701586801771,13:48:21.586,9.0000,20
49701597718936,13:48:21.597,9.0000,100
49701597718936,13:48:21.597,9.0000,100
49948772203269,13:52:28.772,9.0000,43
49993529559686,13:53:13.529,9.0000,100
50029410096557,13:53:49.410,9.0000,57
50029410096557,13:53:49.410,9.0000,100
50029410096557,13:53:49.410,9.0000,43
50038319027404,13:53:58.319,9.0000,57
50038319027404,13:53:58.319,9.0000,43
50056662056689,13:54:16.662,9.0000,100
50056662056689,13:54:16.662,9.0000,100
50065632922064,13:54:25.632,9.0000,100
50074796637454,13:54:34.796,9.0000,100
50074796637454,13:54:34.796,9.0000,100
50074798261615,13:54:34.798,9.0000,100
50074817283474,13:54:34.817,9.0000,100
50074817283474,13:54:34.817,9.0000,75
50074822077897,13:54:34.822,9.0000,100
50097950293299,13:54:57.950,9.0100,100
50109167532970,13:55:09.167,9.0100,100
50109167532970,13:55:09.167,9.0100,100
50149209085622,13:55:49.209,9.0200,1000
50149209085622,13:55:49.209,9.0200,100
50149209085622,13:55:49.209,9.0200,100
50149209085622,13:55:49.209,9.0200,48
50149209114965,13:55:49.209,9.0200,2
50149209114965,13:55:49.209,9.0200,50
50149209114965,13:55:49.209,9.0200,100
50149209114965,13:55:49.209,9.0200,200
50149209114965,13:55:49.209,9.0200,100
50149949025110,13:55:49.949,9.0300,100
50149949025110,13:55:49.949,9.0300,100
50149949025110,13:55:49.949,9.0300,200
50149949025110,13:55:49.949,9.0300,100
50149949025110,13:55:49.949,9.0300,100
50149949025110,13:55:49.949,9.0300,100
50238718988890,13:57:18.718,9.0400,42
50238719055339,13:57:18.719,9.0400,100
50238719080011,13:57:18.719,9.0400,58
50238719080011,13:57:18.719,9.0400,200
50238719080011,13:57:18.719,9.0400,100
50408618884599,14:00:08.618,9.0500,1
50408618884599,14:00:08.618,9.0500,200
50408618884599,14:00:08.618,9.0500,160
50408618937699,14:00:08.618,9.0600,3
50409435394558,14:00:09.435,9.0600,97
50409435394558,14:00:09.435,9.0600,100
50409435394558,14:00:09.435,9.0600,56
50409435434714,14:00:09.435,9.0600,22
50409435475913,14:00:09.435,9.0600,22
50409435475913,14:00:09.435,9.0600,100
50409435475913,14:00:09.435,9.0600,100
50440499428471,14:00:40.499,9.0700,200
50440499637789,14:00:40.499,9.0700,100
50453376864323,14:00:53.376,9.0700,100
50453376864323,14:00:53.376,9.0700,100
50463384905924,14:01:03.384,9.0800,100
50463384977224,14:01:03.384,9.0800,100
50549813429678,14:02:29.813,9.0700,42
50595031939017,14:03:15.031,9.0700,100
50645728135751,14:04:05.728,9.0900,14
50645728139594,14:04:05.728,9.0900,46
50645728200595,14:04:05.728,9.0900,100
50645728240756,14:04:05.728,9.0900,100
50645728255212,14:04:05.728,9.0900,100
50646279208821,14:04:06.279,9.1000,100
50673144600573,14:04:33.144,9.1100,100
50703974717824,14:05:03.974,9.1200,100
50703974717824,14:05:03.974,9.1200,100
50721062413020,14:05:21.062,9.1300,100
50736345947711,14:05:36.345,9.1300,100
50843538794060,14:07:23.538,9.1300,42
50852021270560,14:07:32.021,9.1300,58
50852021270560,14:07:32.021,9.1300,42
50852083485493,14:07:32.083,9.1300,58
50870590596662,14:07:50.590,9.1300,100
51030916421261,14:10:30.916,9.1100,100
51030916421261,14:10:30.916,9.1100,4
51030916433142,14:10:30.916,9.1100,100
51030916453294,14:10:30.916,9.1000,58
51030916454824,14:10:30.916,9.1000,38
51030916490409,14:10:30.916,9.1000,4
51030916514670,14:10:30.916,9.1000,10
51030916544619,14:10:30.916,9.1000,2
51030916750631,14:10:30.916,9.1000,100
51031178844582,14:10:31.178,9.1100,100
51036736555241,14:10:36.736,9.1200,5
51036736555241,14:10:36.736,9.1200,81
51036736626787,14:10:36.736,9.1200,19
51145823595096,14:12:25.823,9.1300,100
51145823619795,14:12:25.823,9.1300,100
51145823619795,14:12:25.823,9.1300,100
51145824842639,14:12:25.824,9.1400,100
51145824842639,14:12:25.824,9.1400,78
51145824878515,14:12:25.824,9.1400,22
51145825082258,14:12:25.825,9.1500,20
51145825082258,14:12:25.825,9.1500,100
51145863308838,14:12:25.863,9.1600,100
51145863308838,14:12:25.863,9.1600,100
51213932094157,14:13:33.932,9.1500,100
51213932232198,14:13:33.932,9.1500,100
51214200758032,14:13:34.200,9.1500,100
51256395849652,14:14:16.395,9.1500,100
51274769164651,14:14:34.769,9.1500,100
51274769190155,14:14:34.769,9.1500,950
51274769228167,14:14:34.769,9.1500,100
51274769252650,14:14:34.769,9.1500,100
51274769269724,14:14:34.769,9.1500,150
51274769269724,14:14:34.769,9.1500,20
51274769269724,14:14:34.769,9.1500,20
51274803034007,14:14:34.803,9.1600,100
51276025700170,14:14:36.025,9.1700,23
51276025700170,14:14:36.025,9.1700,77
51437965682995,14:17:17.965,9.1600,100
51437965744276,14:17:17.965,9.1600,100
51437965819423,14:17:17.965,9.1600,100
51437965873000,14:17:17.965,9.1600,67
51437965873000,14:17:17.965,9.1600,33
51437965928288,14:17:17.965,9.1600,67
51437965928288,14:17:17.965,9.1600,33
51437966114309,14:17:17.966,9.1600,67
51437966114309,14:17:17.966,9.1600,100
51439678187150,14:17:19.678,9.1600,100
51439678187150,14:17:19.678,9.1600,100
51442136406857,14:17:22.136,9.1600,100
51442136406857,14:17:22.136,9.1600,100
51445514598146,14:17:25.514,9.1500,42
51477283476359,14:17:57.283,9.1400,100
51477283476359,14:17:57.283,9.1400,100
51741280027573,14:22:21.280,9.1400,42
51743779500294,14:22:23.779,9.1400,58
51743779500294,14:22:23.779,9.1400,42
51743779875012,14:22:23.779,9.1400,58
51887763092828,14:24:47.763,9.1400,99
51887763129296,14:24:47.763,9.1400,1
51899769395708,14:24:59.769,9.1200,29
51899769399642,14:24:59.769,9.1200,71
52065682159876,14:27:45.682,9.1200,42
52071906407230,14:27:51.906,9.1100,100
52071907072494,14:27:51.907,9.1100,100
52249246132205,14:30:49.246,9.1100,100
52275254114208,14:31:15.254,9.1100,31
52275254117147,14:31:15.254,9.1100,69
52275465830197,14:31:15.465,9.1200,100
52275465830197,14:31:15.465,9.1200,100
52275465891788,14:31:15.465,9.1200,100
52275465917630,14:31:15.465,9.1200,100
52275465942351,14:31:15.465,9.1200,100
52275466063789,14:31:15.466,9.1200,14
52275466318838,14:31:15.466,9.1200,86
52275557098014,14:31:15.557,9.1300,100
52300222611992,14:31:40.222,9.1300,70
52300248142696,14:31:40.248,9.1300,30
52300248142696,14:31:40.248,9.1300,100
52340687585139,14:32:20.687,9.1400,43
52535003723928,14:35:35.003,9.1350,30
52573432351181,14:36:13.432,9.1300,2
52587195281318,14:36:27.195,9.1300,98
52587195281318,14:36:27.195,9.1300,2
52641255729887,14:37:21.255,9.1400,42
52720728792919,14:38:40.728,9.1350,100
52720728792919,14:38:40.728,9.1400,58
52720728792919,14:38:40.728,9.1400,200
52720728792919,14:38:40.728,9.1400,100
52720728836935,14:38:40.728,9.1400,66
52720728860206,14:38:40.728,9.1400,34
52720729710113,14:38:40.729,9.1500,30
52720789572380,14:38:40.789,9.1500,70
52720789572380,14:38:40.789,9.1500,100
52720789572380,14:38:40.789,9.1500,100
52761815033950,14:39:21.815,9.1500,100
52761815343573,14:39:21.815,9.1500,200
52961061217958,14:42:41.061,9.1400,20
52961061217958,14:42:41.061,9.1500,22
52961369677541,14:42:41.369,9.1400,26
52996450334323,14:43:16.450,9.1300,100
53033579415715,14:43:53.579,9.1300,24
53033579440513,14:43:53.579,9.1300,4
53033579440513,14:43:53.579,9.1300,6
53033579440513,14:43:53.579,9.1300,10
53034649509497,14:43:54.649,9.1400,100
53216218760834,14:46:56.218,9.1500,100
53256427897838,14:47:36.427,9.1500,42
53376238690364,14:49:36.238,9.1400,30
53386176863333,14:49:46.176,9.1400,70
53386176863333,14:49:46.176,9.1400,30
53427288691640,14:50:27.288,9.1450,100
53543095499076,14:52:23.095,9.1500,42
53584310795805,14:53:04.310,9.1450,25
53596847117288,14:53:16.847,9.1500,16
53596847117288,14:53:16.847,9.1500,30
53596847117288,14:53:16.847,9.1500,54
53596847178310,14:53:16.847,9.1500,46
53596847178310,14:53:16.847,9.1500,100
53596847178310,14:53:16.847,9.1500,36
53596847178310,14:53:16.847,9.1500,100
53596877572668,14:53:16.877,9.1600,100
53596877572668,14:53:16.877,9.1600,100
53597984954987,14:53:17.984,9.1600,23
53597984954987,14:53:17.984,9.1600,400
53631781743755,14:53:51.781,9.1700,100
53631781743755,14:53:51.781,9.1700,197
53680027589665,14:54:40.027,9.1700,3
53680027589665,14:54:40.027,9.1700,400
53680027589665,14:54:40.027,9.1700,174
53680032168624,14:54:40.032,9.1800,12
53810976794547,14:56:50.976,9.1900,100
53810976867309,14:56:50.976,9.1900,10
53849191503543,14:57:29.191,9.1900,42
53869830075469,14:57:49.830,9.1900,100
53913736557034,14:58:33.736,9.1800,84
53913736616445,14:58:33.736,9.1800,16
53913736616445,14:58:33.736,9.1800,100
53913771116203,14:58:33.771,9.1700,100
53913771116203,14:58:33.771,9.1600,100
53913771116203,14:58:33.771,9.1600,100
53913771143197,14:58:33.771,9.1600,100
53915915737263,14:58:35.915,9.1600,100
53915918199841,14:58:35.918,9.1600,100
53915918199841,14:58:35.918,9.1600,100
53915918199841,14:58:35.918,9.1600,100
53918015610494,14:58:38.015,9.1600,100
53934626794557,14:58:54.626,9.1700,100
53958245147666,14:59:18.245,9.1600,100
54020908390208,15:00:20.908,9.1650,100
54038955173716,15:00:38.955,9.1600,200
54038955173716,15:00:38.955,9.1600,100
54051346035270,15:00:51.346,9.1600,100
54051347822229,15:00:51.347,9.1700,100
54051347898349,15:00:51.347,9.1700,100
54148737070583,15:02:28.737,9.1600,42
54207403238198,15:03:27.403,9.1400,86
54321078599062,15:05:21.078,9.1200,26
54372348483348,15:06:12.348,9.1200,100
54379921199932,15:06:19.921,9.1200,74
54381610228362,15:06:21.610,9.1200,200
54452579721864,15:07:32.579,9.1200,31
54463582331784,15:07:43.582,9.1300,34
54463582331784,15:07:43.582,9.1300,9
54486424458397,15:08:06.424,9.1300,32
54486424458878,15:08:06.424,9.1300,85
54486424467881,15:08:06.424,9.1300,32
54486424467881,15:08:06.424,9.1300,4
54486424468832,15:08:06.424,9.1300,144
54486424473867,15:08:06.424,9.1300,36
54486424544642,15:08:06.424,9.1300,16
54486424544642,15:08:06.424,9.1300,84
54486424563911,15:08:06.424,9.1300,16
54486424563911,15:08:06.424,9.1300,100
54486424563911,15:08:06.424,9.1300,50
54486424563911,15:08:06.424,9.1300,200
54487833776207,15:08:07.833,9.1400,100
54657587231170,15:10:57.587,9.1300,300
54657587231170,15:10:57.587,9.1300,200
54657587231170,15:10:57.587,9.1300,100
54657587231170,15:10:57.587,9.1300,100
54657587342512,15:10:57.587,9.1300,44
54657587343211,15:10:57.587,9.1300,156
54657587764097,15:10:57.587,9.1200,69
54657587764097,15:10:57.587,9.1200,100
54657587764097,15:10:57.587,9.1200,100
54657587764097,15:10:57.587,9.1200,100
54657587785802,15:10:57.587,9.1200,100
54657847938377,15:10:57.847,9.1100,98
54657847947186,15:10:57.847,9.1100,2
54657848070055,15:10:57.848,9.1100,97
54657848079021,15:10:57.848,9.1050,100
54740962225421,15:12:20.962,9.1100,80
54743751116488,15:12:23.751,9.1100,42
54799868106476,15:13:19.868,9.1200,300
54799868382983,15:13:19.868,9.1200,21
54799869011036,15:13:19.869,9.1200,11
54871855031496,15:14:31.855,9.1200,100
54948663979664,15:15:48.663,9.1200,100
54948664017574,15:15:48.664,9.1200,25
54948664018876,15:15:48.664,9.1200,36
54948664036789,15:15:48.664,9.1200,39
54948664036789,15:15:48.664,9.1200,61
54948664038571,15:15:48.664,9.1200,39
54967280042886,15:16:07.280,9.1200,200
55104183197150,15:18:24.183,9.1100,100
55149186652349,15:19:09.186,9.1000,45
55180876924942,15:19:40.876,9.1000,26
55210531248113,15:20:10.531,9.1100,200
55284977510234,15:21:24.977,9.1100,26
55287430638507,15:21:27.430,9.1200,100
55342170937351,15:22:22.170,9.1100,64
55342170942438,15:22:22.170,9.1100,36
55342170942438,15:22:22.170,9.1100,49
55342170950353,15:22:22.170,9.1100,51
55342170950353,15:22:22.170,9.1100,100
55342170950353,15:22:22.170,9.1100,7
55342170953029,15:22:22.170,9.1100,36
55342171022963,15:22:22.171,9.1100,57
55342171022963,15:22:22.171,9.1100,43
55342171080488,15:22:22.171,9.1100,57
55342171210366,15:22:22.171,9.1000,286
55348990444100,15:22:28.990,9.1050,42
55350038023630,15:22:30.038,9.1050,100
55350661036984,15:22:30.661,9.1050,100
55351276027690,15:22:31.276,9.1050,100
55368750759801,15:22:48.750,9.1050,29
55472200547691,15:24:32.200,9.0800,29
55599581132683,15:26:39.581,9.1000,85
55671874535102,15:27:51.874,9.0900,19
55749043442262,15:29:09.043,9.0950,100
55772397899761,15:29:32.397,9.0900,19
55790996049312,15:29:50.996,9.1000,42
55815935440960,15:30:15.935,9.0800,19
55827066395102,15:30:27.066,9.0800,18
55832181439369,15:30:32.181,9.0850,15
55833016637969,15:30:33.016,9.0900,2
55835210104225,15:30:35.210,9.0900,20
55835210104225,15:30:35.210,9.0900,80
55868943695874,15:31:08.943,9.0800,19
55910081118552,15:31:50.081,9.0900,20
55910081118552,15:31:50.081,9.0900,80
55943118211965,15:32:23.118,9.0850,100
55943118886516,15:32:23.118,9.0850,100
55980214219630,15:33:00.214,9.0800,81
55980214219630,15:33:00.214,9.0800,100
55980214219630,15:33:00.214,9.0800,100
55980214219630,15:33:00.214,9.0800,100
55980214219630,15:33:00.214,9.0800,23
55984273455451,15:33:04.273,9.0800,100
56049514757377,15:34:09.514,9.0800,100
56049514848813,15:34:09.514,9.0800,100
56049514984411,15:34:09.514,9.0800,41
56049515944751,15:34:09.515,9.0800,200
56072725388467,15:34:32.725,9.0700,36
56109569661541,15:35:09.569,9.0600,17
56109617091668,15:35:09.617,9.0600,83
56109617091668,15:35:09.617,9.0600,17
56145255683729,15:35:45.255,9.0600,15
56194144659231,15:36:34.144,9.0600,38
56214777508745,15:36:54.777,9.0600,47
56214777508745,15:36:54.777,9.0600,53
56245765271867,15:37:25.765,9.0650,17
56299691393788,15:38:19.691,9.0600,17
56388583560864,15:39:48.583,9.0650,17
56420071462408,15:40:20.071,9.0600,19
56464263577589,15:41:04.263,9.0600,11
56464263577589,15:41:04.263,9.0600,61
56465932246117,15:41:05.932,9.0600,39
56465932246117,15:41:05.932,9.0600,61
56470167839863,15:41:10.167,9.0600,100
56476054655452,15:41:16.054,9.0600,57
56675934369097,15:44:35.934,9.0600,54
56713075813187,15:45:13.075,9.0700,200
56713075813187,15:45:13.075,9.0700,153
56713075813187,15:45:13.075,9.0700,100
56713075813187,15:45:13.075,9.0700,100
56713075813187,15:45:13.075,9.0700,150
56713075813187,15:45:13.075,9.0700,100
56713076538664,15:45:13.076,9.0800,23
56713076541894,15:45:13.076,9.0800,13
56713076544435,15:45:13.076,9.0800,41
56713076557174,15:45:13.076,9.0800,23
56713076557174,15:45:13.076,9.0800,28
56713076642707,15:45:13.076,9.0800,28
56715040473433,15:45:15.040,9.0800,44
56715040473433,15:45:15.040,9.0800,56
56715166006051,15:45:15.166,9.0800,44
56715166006051,15:45:15.166,9.0800,456
56748213452704,15:45:48.213,9.0800,100
56755645866417,15:45:55.645,9.0800,100
56903816621360,15:48:23.816,9.0700,100
56903816621360,15:48:23.816,9.0700,10
56903816621360,15:48:23.816,9.0700,500
56903816621360,15:48:23.816,9.0700,100
56903816621360,15:48:23.816,9.0700,90
56903816661575,15:48:23.816,9.0700,10
56903816970042,15:48:23.816,9.0700,200
56903816977143,15:48:23.816,9.0700,100
57032445539619,15:50:32.445,9.0600,17
57175377965819,15:52:55.377,9.0650,100
57181177082385,15:53:01.177,9.0600,83
57181177082385,15:53:01.177,9.0600,1
57181177082385,15:53:01.177,9.0600,16
57187028261044,15:53:07.028,9.0600,16
57211843514911,15:53:31.843,9.0600,19
57223938289633,15:53:43.938,9.0600,9
57223941299645,15:53:43.941,9.0600,10
57226566929594,15:53:46.566,9.0600,30
57226566929594,15:53:46.566,9.0600,70
57230037269024,15:53:50.037,9.0600,100
57236795079069,15:53:56.795,9.0600,30
57236795079069,15:53:56.795,9.0600,100
57236795079069,15:53:56.795,9.0600,200
57236795079069,15:53:56.795,9.0600,100
57236795079069,15:53:56.795,9.0600,70
57236795122401,15:53:56.795,9.0600,21
57236796862148,15:53:56.796,9.0600,9
57236796862148,15:53:56.796,9.0600,188
57236796913286,15:53:56.796,9.0600,12
57236797060838,15:53:56.797,9.0600,100
57236797589741,15:53:56.797,9.0600,400
57261953199656,15:54:21.953,9.0500,1
57261956209472,15:54:21.956,9.0500,2
57267167618593,15:54:27.167,9.0500,34
57279328141064,15:54:39.328,9.0500,46
57281310159482,15:54:41.310,9.0500,21
57281369738747,15:54:41.369,9.0500,33
57281369738747,15:54:41.369,9.0500,100
57281369738747,15:54:41.369,9.0500,67
57284346151732,15:54:44.346,9.0550,100
57287222692557,15:54:47.222,9.0500,100
57287222692557,15:54:47.222,9.0500,100
57289946444874,15:54:49.946,9.0450,6
57311756372159,15:55:11.756,9.0500,24
57311756381026,15:55:11.756,9.0500,48
57311756385345,15:55:11.756,9.0450,100
57311756385345,15:55:11.756,9.0500,28
57311756385345,15:55:11.756,9.0500,71
57311756409967,15:55:11.756,9.0500,51
57311756484787,15:55:11.756,9.0500,25
57316403740266,15:55:16.403,9.0500,86
57316821278680,15:55:16.821,9.0450,100
57348148179283,15:55:48.148,9.0500,467
57348148179283,15:55:48.148,9.0500,300
57348148179283,15:55:48.148,9.0500,100
57348148179283,15:55:48.148,9.0500,100
57348148179283,15:55:48.148,9.0500,80
57348148179283,15:55:48.148,9.0500,100
57348148179283,15:55:48.148,9.0500,100
57348148179283,15:55:48.148,9.0500,181
57348148179283,15:55:48.148,9.0500,200
57348148179283,15:55:48.148,9.0500,900
57348148179283,15:55:48.148,9.0500,72
57348148594196,15:55:48.148,9.0500,13
57348890182025,15:55:48.890,9.0500,15
57348890182025,15:55:48.890,9.0500,108
57348892787059,15:55:48.892,9.0500,100
57373935719601,15:56:13.935,9.0500,5
57393945245265,15:56:33.945,9.0600,100
57435008594183,15:57:15.008,9.0600,100
57435008594183,15:57:15.008,9.0600,100
57435028998757,15:57:15.028,9.0600,18
57435028998757,15:57:15.028,9.0600,200
57435028998757,15:57:15.028,9.0600,100
57435028998757,15:57:15.028,9.0600,100
57435028998757,15:57:15.028,9.0600,149
57435028998757,15:57:15.028,9.0600,100
57435028998757,15:57:15.028,9.0600,200
57435028998757,15:57:15.028,9.0600,33
57435033356660,15:57:15.033,9.0600,67
57435033356660,15:57:15.033,9.0600,1
57435033356660,15:57:15.033,9.0600,32
57506496699697,15:58:26.496,9.0600,100
57506496699697,15:58:26.496,9.0600,24
57506496699697,15:58:26.496,9.0600,100
57506496699697,15:58:26.496,9.0600,76
57508988057939,15:58:28.988,9.0600,24
57508988057939,15:58:28.988,9.0600,44
57533583385109,15:58:53.583,9.0600,56
57533583385109,15:58:53.583,9.0600,44
57542326209514,15:59:02.326,9.0600,56
57542326209514,15:59:02.326,9.0600,11
57544372026346,15:59:04.372,9.0600,89
57544372026346,15:59:04.372,9.0600,22
57544374907570,15:59:04.374,9.0650,20
57556463478122,15:59:16.463,9.0700,75
57562379141926,15:59:22.379,9.0700,25
57562379141926,15:59:22.379,9.0700,75
57562439629883,15:59:22.439,9.0700,25
57562439629883,15:59:22.439,9.0700,70
57565693473521,15:59:25.693,9.0700,13
57566414121704,15:59:26.414,9.0700,17
57566414121704,15:59:26.414,9.0700,97
57566414121704,15:59:26.414,9.0700,86
57566721058013,15:59:26.721,9.0700,100
57570097610926,15:59:30.097,9.0700,133
57570261984314,15:59:30.261,9.0700,100
57570294719841,15:59:30.294,9.0700,100
57570820623880,15:59:30.820,9.0700,4
57572377217424,15:59:32.377,9.0700,177
57572377217424,15:59:32.377,9.0700,23
57572377217424,15:59:32.377,9.0700,100
57574038124384,15:59:34.038,9.0700,100
57575012385709,15:59:35.012,9.0700,19
57575272703143,15:59:35.272,9.0700,25
57577370252760,15:59:37.370,9.0700,62
57582003218285,15:59:42.003,9.0700,1
57590075420944,15:59:50.075,9.0700,7
57592979380631,15:59:52.979,9.0650,4
57594774888081,15:59:54.774,9.0650,14
57594798508827,15:59:54.798,9.0700,200
57595238928413,15:59:55.238,9.0700,86
57595238928413,15:59:55.238,9.0700,14
57596799438493,15:59:56.799,9.0700,300
57597310215289,15:59:57.310,9.0650,3
57597769886240,15:59:57.769,9.0700,89
57597799974642,15:59:57.799,9.0700,200
57597918077665,15:59:57.918,9.0700,100
57598763473955,15:59:58.763,9.0700,100
57598801959022,15:59:58.801,9.0700,11
57598801959022,15:59:58.801,9.0700,100
57598801959022,15:59:58.801,9.0700,100
57598801959022,15:59:58.801,9.0700,89
57599909199826,15:59:59.909,9.0700,300
57600461263207,16:00:00.461,9.0700,30540
