timestamp,time,price,volume
34200269872283,09:30:00.269,212.0200,1449
34207613179425,09:30:07.613,214.7100,50
34211728999582,09:30:11.728,215.0200,30
34379177697780,09:32:59.177,214.1000,1
34497748451415,09:34:57.748,214.1100,50
34497748451415,09:34:57.748,214.0000,100
34497748451415,09:34:57.748,214.0000,1
34497748451415,09:34:57.748,214.0000,100
34497748451415,09:34:57.748,214.0000,50
34497748529971,09:34:57.748,214.0000,50
34497748593861,09:34:57.748,214.0000,100
34497748595274,09:34:57.748,213.9500,35
34497748842360,09:34:57.748,213.9500,37
34497748843142,09:34:57.748,213.9500,28
34497750421495,09:34:57.750,214.0000,100
34497752119932,09:34:57.752,214.0000,100
34497752119932,09:34:57.752,214.0000,100
34497822514475,09:34:57.822,213.5100,100
34498061178008,09:34:58.061,212.9500,13
34498976144984,09:34:58.976,212.9500,24
34498976144984,09:34:58.976,212.7300,1
34720733556632,09:38:40.733,214.4300,35
34770785048350,09:39:30.785,214.5900,38
34906468931527,09:41:46.468,213.0500,31
34907670019447,09:41:47.670,213.0500,9
34907670019447,09:41:47.670,213.0500,14
34907670019447,09:41:47.670,213.0500,77
34907670020538,09:41:47.670,213.0500,23
34907670098946,09:41:47.670,213.0100,72
34907670110864,09:41:47.670,213.0100,28
34907670114553,09:41:47.670,213.0100,30
34907670185566,09:41:47.670,213.0100,29
34907670214156,09:41:47.670,213.0100,41
34907670284804,09:41:47.670,213.0000,72
34907670338251,09:41:47.670,213.0000,100
34907670381753,09:41:47.670,213.0000,28
34907670381753,09:41:47.670,213.0000,2
34907670386675,09:41:47.670,213.0000,28
34907670393055,09:41:47.670,213.0000,39
34907670418625,09:41:47.670,213.0000,11
34907670466004,09:41:47.670,213.0000,62
34907670750867,09:41:47.670,213.0000,60
34907670750867,09:41:47.670,213.0000,140
34907671079005,09:41:47.671,213.0000,60
34907671079005,09:41:47.671,213.0000,40
34907675006237,09:41:47.675,213.0000,160
34909163330253,09:41:49.163,213.0000,25
34909164596281,09:41:49.164,213.0000,175
34909164596281,09:41:49.164,213.0000,4
34909164596281,09:41:49.164,213.0000,621
34909165881491,09:41:49.165,213.3300,1
34909165881491,09:41:49.165,213.3300,100
34909165910476,09:41:49.165,213.2600,100
34909165932479,09:41:49.165,213.2600,100
34909439145592,09:41:49.439,213.9000,8
34910130114031,09:41:50.130,213.0000,100
34940250689898,09:42:20.250,213.0000,100
34957922979378,09:42:37.922,213.0000,1
34957922979378,09:42:37.922,213.0000,99
34957923787267,09:42:37.923,213.0000,1
34957923787267,09:42:37.923,213.0000,200
34957923787267,09:42:37.923,213.0000,99
34957923820167,09:42:37.923,213.0000,100
34957924279263,09:42:37.924,213.0000,100
34957924280847,09:42:37.924,213.0000,100
34957924280847,09:42:37.924,213.0000,100
34957924306258,09:42:37.924,213.0000,100
34957924311603,09:42:37.924,213.0000,100
34957924314090,09:42:37.924,213.0000,200
34957924322372,09:42:37.924,213.0000,100
34957924325314,09:42:37.924,213.0000,100
34957924682899,09:42:37.924,213.0000,100
34957924715569,09:42:37.924,213.0000,5
34957925363776,09:42:37.925,213.0000,95
34957925363776,09:42:37.925,213.0000,105
34957925398148,09:42:37.925,213.0000,95
34957925398148,09:42:37.925,213.0000,1
34957925698093,09:42:37.925,213.0000,200
34957925790788,09:42:37.925,213.0000,200
34957926205119,09:42:37.926,213.0000,35
34957930372397,09:42:37.930,213.0000,100
34957930788252,09:42:37.930,213.0000,65
34958922815479,09:42:38.922,213.0000,100
34958923736273,09:42:38.923,213.0000,100
34958923736273,09:42:38.923,213.0000,1
34958923736273,09:42:38.923,213.0000,677
34959249634575,09:42:39.249,212.9500,100
34959309436277,09:42:39.309,212.8500,100
34959950845297,09:42:39.950,212.7500,100
34959950942189,09:42:39.950,212.7400,100
35089447732602,09:44:49.447,212.9200,3
35089447755577,09:44:49.447,212.9200,200
35100218760106,09:45:00.218,212.0000,60
35483229873056,09:51:23.229,211.0600,1
35483229873056,09:51:23.229,211.0600,32
35483229873056,09:51:23.229,211.0600,67
35714471098961,09:55:14.471,212.6900,4
35800071489886,09:56:40.071,212.6900,111
35800071489886,09:56:40.071,212.8200,16
35820020299383,09:57:00.020,211.3900,60
35838565505719,09:57:18.565,212.8400,100
35838565505719,09:57:18.565,212.8400,27
35838565565108,09:57:18.565,212.8400,73
35838565565108,09:57:18.565,212.8500,26
35838565565108,09:57:18.565,212.8500,1
35838565565108,09:57:18.565,212.8500,27
35838565567646,09:57:18.565,212.8500,73
35838566166401,09:57:18.566,212.8500,100
35838598415691,09:57:18.598,213.4250,100
35839982672978,09:57:19.982,213.7000,100
35839982672978,09:57:19.982,214.0000,100
35840078873058,09:57:20.078,214.0000,20
35840078873058,09:57:20.078,214.0000,5
35840078958517,09:57:20.078,214.0000,95
35840094613864,09:57:20.094,214.3800,1
36005566008685,10:00:05.566,215.2350,100
36013128409275,10:00:13.128,216.5500,100
36013128409275,10:00:13.128,216.8000,100
36066020931338,10:01:06.020,215.3100,100
36088838689741,10:01:28.838,214.8600,100
36088838800895,10:01:28.838,216.7900,1
36090063419165,10:01:30.063,216.7200,100
36090063419165,10:01:30.063,216.7200,1
36136673028278,10:02:16.673,214.9000,100
36136673028278,10:02:16.673,214.9000,12
36136673141595,10:02:16.673,216.7100,100
36136673141595,10:02:16.673,216.7100,25
36140597323475,10:02:20.597,215.1600,1
36140597323475,10:02:20.597,215.1600,8
36140597323475,10:02:20.597,215.1500,100
36140597383004,10:02:20.597,215.1400,7
36140597383004,10:02:20.597,215.1400,100
36140597385789,10:02:20.597,215.0300,100
36140597388824,10:02:20.597,215.1500,100
36140599486208,10:02:20.599,215.1700,96
36141828286311,10:02:21.828,214.8900,25
36144890378633,10:02:24.890,214.9000,100
36144890378633,10:02:24.890,214.9000,23
36144890439364,10:02:24.890,214.9000,100
36144890441085,10:02:24.890,214.8900,30
36144890707969,10:02:24.890,214.8900,70
36144890707969,10:02:24.890,214.8900,19
36144890874501,10:02:24.890,214.8800,20
36144890901621,10:02:24.890,214.8800,80
36144891122818,10:02:24.891,214.8900,100
36144891141639,10:02:24.891,214.8900,30
36144891179558,10:02:24.891,214.8900,70
36144891270316,10:02:24.891,214.8600,16
36144891270316,10:02:24.891,214.8400,100
36144891625298,10:02:24.891,214.7700,1
36144892145573,10:02:24.892,214.7700,56
36144892268665,10:02:24.892,214.7800,43
36144892567429,10:02:24.892,214.7700,18
36144892683143,10:02:24.892,214.7700,25
36144893456339,10:02:24.893,214.7400,100
36145001974486,10:02:25.001,214.6800,20
36145150158764,10:02:25.150,214.3300,11
36145151578133,10:02:25.151,214.0900,100
36196579670207,10:03:16.579,213.3500,1
36196579670207,10:03:16.579,213.3500,20
36196581142618,10:03:16.581,213.3400,4
36202672369623,10:03:22.672,213.3400,1
36202672369623,10:03:22.672,213.3300,24
36212052969256,10:03:32.052,213.3300,76
36212052969256,10:03:32.052,213.3300,1
36214497021483,10:03:34.497,213.3200,100
36214497021483,10:03:34.497,213.3200,1
36243039054200,10:04:03.039,213.0100,1
36250983175657,10:04:10.983,213.5500,44
36256164531053,10:04:16.164,213.4250,25
36256164636633,10:04:16.164,213.4250,20
36262154971194,10:04:22.154,213.4350,3
36264171567273,10:04:24.171,213.4350,20
36264171763311,10:04:24.171,213.4350,20
36265330404150,10:04:25.330,213.4350,5
36267852751715,10:04:27.852,213.5200,20
36267852910247,10:04:27.852,213.5800,20
36267852910247,10:04:27.852,213.5800,29
36267852977326,10:04:27.852,213.8800,20
36267852977326,10:04:27.852,213.9000,30
36267852979088,10:04:27.852,213.9000,39
36267852979088,10:04:27.852,213.9100,11
36267853285546,10:04:27.853,213.5800,100
36267853904876,10:04:27.853,213.7100,20
36267853904876,10:04:27.853,213.7400,1
36267853906592,10:04:27.853,213.7400,19
36267853906592,10:04:27.853,213.7500,2
36267867944893,10:04:27.867,213.5800,23
36267869108415,10:04:27.869,213.5800,1
36269020928888,10:04:29.020,213.1000,1
36269020928888,10:04:29.020,213.0600,200
36269020928888,10:04:29.020,212.9700,100
36269020928888,10:04:29.020,212.9700,99
36269021099007,10:04:29.021,213.5100,21
36281926681393,10:04:41.926,213.0100,5
36285384329926,10:04:45.384,213.0000,5
36287012469422,10:04:47.012,213.0000,5
36287018475602,10:04:47.018,213.0000,11
36288094380655,10:04:48.094,213.0000,5
36290246650175,10:04:50.246,213.0000,5
36297124053582,10:04:57.124,213.0100,100
36309575881980,10:05:09.575,213.5700,100
36312726710751,10:05:12.726,213.5900,100
36312727169255,10:05:12.727,213.6200,40
36312727169255,10:05:12.727,213.6400,60
36314664259629,10:05:14.664,213.6400,29
36314664259629,10:05:14.664,213.6500,13
36314664295991,10:05:14.664,213.6500,87
36314664323878,10:05:14.664,213.6600,100
36314664357955,10:05:14.664,213.6700,40
36314664360031,10:05:14.664,213.6700,17
36314664366208,10:05:14.664,213.6700,43
36314664367711,10:05:14.664,213.8000,100
36314664379741,10:05:14.664,213.6500,100
36314664422988,10:05:14.664,213.8700,26
36314664586795,10:05:14.664,213.8700,19
36314665045104,10:05:14.665,213.8700,55
36314697344727,10:05:14.697,213.8800,5
36314697344727,10:05:14.697,213.8700,95
36314699013064,10:05:14.699,213.8700,5
36483278246162,10:08:03.278,214.7400,1
36494208927070,10:08:14.208,214.7200,100
36495232072700,10:08:15.232,214.6900,25
36501391677752,10:08:21.391,214.6500,100
36501391757721,10:08:21.391,214.6900,70
36501391757721,10:08:21.391,214.7100,31
36501392143953,10:08:21.392,214.7100,69
36501392143953,10:08:21.392,214.7500,31
36501392169688,10:08:21.392,214.7500,69
36501392169688,10:08:21.392,214.7500,1
36503110177621,10:08:23.110,214.9100,25
36503110202063,10:08:23.110,214.9100,75
36503110226644,10:08:23.110,214.8800,100
36541927680641,10:09:01.927,215.7000,5
36548746032073,10:09:08.746,215.8000,100
36548746103987,10:09:08.746,215.8000,100
36548746555735,10:09:08.746,215.8000,100
36548746595370,10:09:08.746,215.9200,100
36548747439227,10:09:08.747,215.9200,1
36548778235984,10:09:08.778,215.9200,4
36548778270067,10:09:08.778,215.9200,2
36548779406496,10:09:08.779,215.9200,9
36549434812664,10:09:09.434,214.9700,20
36549434812664,10:09:09.434,214.9600,100
36549434812664,10:09:09.434,214.9600,80
36552809659354,10:09:12.809,215.8100,10
36552809659354,10:09:12.809,215.8400,15
36579877026897,10:09:39.877,215.8100,10
36579877026897,10:09:39.877,215.9200,3
36579877154052,10:09:39.877,215.9200,10
36595375835700,10:09:55.375,215.9200,100
36595375835700,10:09:55.375,215.9200,100
36595375868189,10:09:55.375,216.4700,294
36595375905680,10:09:55.375,216.4700,66
36595375909000,10:09:55.375,216.4700,40
36595376045874,10:09:55.376,216.3300,60
36631634920213,10:10:31.634,215.3100,85
36631634920213,10:10:31.634,215.2700,15
36631840268921,10:10:31.840,215.2700,85
36631840268921,10:10:31.840,215.2700,15
36631840331478,10:10:31.840,215.2700,100
36631840332928,10:10:31.840,215.2700,45
36631840336483,10:10:31.840,215.2700,15
36631840347931,10:10:31.840,215.2700,221
36631840358042,10:10:31.840,215.2700,15
36631840429386,10:10:31.840,216.0450,14
36631840612088,10:10:31.840,215.2600,15
36631840747600,10:10:31.840,215.2300,10
36631840829056,10:10:31.840,215.2000,20
36631840829056,10:10:31.840,214.6300,11
36631840829056,10:10:31.840,214.5400,14
36631842073435,10:10:31.842,215.1800,11
36631857708735,10:10:31.857,214.5400,80
36631859689316,10:10:31.859,214.5400,6
36631859689316,10:10:31.859,214.4100,34
36632035288157,10:10:32.035,214.4100,66
36662128243528,10:11:02.128,213.2100,100
36662229102292,10:11:02.229,213.2100,100
36668070708944,10:11:08.070,213.5000,21
36668070733889,10:11:08.070,213.5000,79
36677278999487,10:11:17.278,213.5000,100
36677290919069,10:11:17.290,213.3600,100
36689578297325,10:11:29.578,213.2000,1
36689578365801,10:11:29.578,213.3500,18
36689578365801,10:11:29.578,213.4300,82
36689578460017,10:11:29.578,213.5000,100
36689578814564,10:11:29.578,213.2000,18
36689578907844,10:11:29.578,213.4800,90
36911955593932,10:15:11.955,212.9200,80
36911955626013,10:15:11.955,212.9200,20
36911955626013,10:15:11.955,212.9200,2
36911955626013,10:15:11.955,212.9200,100
36911955626013,10:15:11.955,212.9200,1
36911955709434,10:15:11.955,213.9900,30
36911955709434,10:15:11.955,213.9900,26
36911955709434,10:15:11.955,214.4000,100
36911955709434,10:15:11.955,214.4000,45
36925095853859,10:15:25.095,213.5000,100
36925096295684,10:15:25.096,213.3100,60
36925099357298,10:15:25.099,213.2200,30
36926425219212,10:15:26.425,213.1400,6
36926425219212,10:15:26.425,213.1400,19
36926425219212,10:15:26.425,213.1400,5
36926439747198,10:15:26.439,212.9900,100
36926439747198,10:15:26.439,212.9900,17
36933546250198,10:15:33.546,212.8400,100
36933546329310,10:15:33.546,212.8300,1
36933546329310,10:15:33.546,212.8300,7
36933546387378,10:15:33.546,213.1200,30
36979599154818,10:16:19.599,211.2000,100
36979599154818,10:16:19.599,211.1100,100
36979599154818,10:16:19.599,211.1000,25
36979599154818,10:16:19.599,211.0400,100
36979599154818,10:16:19.599,211.0400,1
36979599154818,10:16:19.599,211.0400,2
36979599154818,10:16:19.599,211.0400,1000
36979599588789,10:16:19.599,211.0300,10
36979599923412,10:16:19.599,211.0300,100
36979600328912,10:16:19.600,211.0300,47
36979612003252,10:16:19.612,211.0300,20
36979612003252,10:16:19.612,211.0400,80
36979612036141,10:16:19.612,211.0400,20
36980218966651,10:16:20.218,211.0400,100
36982296223659,10:16:22.296,210.6500,5
37001503814126,10:16:41.503,211.0300,20
37001503814126,10:16:41.503,211.0400,80
37001503852134,10:16:41.503,211.0400,20
37009212235484,10:16:49.212,211.3100,100
37009212235484,10:16:49.212,211.0400,8
37009212235484,10:16:49.212,211.0400,1
37009212235484,10:16:49.212,211.0400,230
37009212262944,10:16:49.212,211.0400,100
37009212380711,10:16:49.212,211.0400,100
37009212493633,10:16:49.212,211.0400,100
37009217925482,10:16:49.217,211.0400,20
37009221055835,10:16:49.221,211.0400,100
37009221055835,10:16:49.221,211.0400,47
37009222133672,10:16:49.222,211.0300,100
37017105803780,10:16:57.105,210.5400,33
37017107478397,10:16:57.107,210.8900,100
37017107478397,10:16:57.107,210.5300,1
37072306928619,10:17:52.306,211.0000,100
37072307082638,10:17:52.307,211.0000,100
37072307180447,10:17:52.307,211.0000,100
37072307292048,10:17:52.307,211.0000,100
37072310834675,10:17:52.310,210.9900,20
37072310834675,10:17:52.310,211.0000,81
37072312510427,10:17:52.312,211.0000,19
37072312510427,10:17:52.312,211.0000,1
37072312510427,10:17:52.312,211.0000,80
37072318576822,10:17:52.318,211.0000,20
37072318576822,10:17:52.318,211.0000,100
37072320664948,10:17:52.320,211.0000,100
37072398686613,10:17:52.398,211.0000,100
37076418577885,10:17:56.418,210.6800,1
37142648764040,10:19:02.648,211.5000,11
37363343656130,10:22:43.343,210.5400,100
37383016448654,10:23:03.016,210.4500,100
37398137262306,10:23:18.137,211.2200,100
37398137262306,10:23:18.137,211.5000,60
37540520504105,10:25:40.520,211.5000,4
37635488814877,10:27:15.488,211.0000,31
37639239884729,10:27:19.239,211.0000,35
37646530153336,10:27:26.530,211.0000,13
37681307558519,10:28:01.307,211.0000,2
37727112872318,10:28:47.112,210.6000,1
37753235998162,10:29:13.235,210.6000,100
37801252512188,10:30:01.252,211.0000,1
37839470711859,10:30:39.470,211.0000,100
37869292232017,10:31:09.292,211.0000,100
37892553202764,10:31:32.553,211.0000,10
37900796139475,10:31:40.796,211.0000,200
37902399214946,10:31:42.399,211.0000,100
37907338771498,10:31:47.338,211.0000,100
37907938530505,10:31:47.938,211.0000,463
37950799019794,10:32:30.799,212.0800,100
37950799131145,10:32:30.799,212.0900,100
37950799155036,10:32:30.799,212.0900,100
37950799188618,10:32:30.799,212.0900,100
37950799194326,10:32:30.799,212.0900,75
37950799428112,10:32:30.799,212.1000,13
37950799428112,10:32:30.799,212.1300,12
37950799466201,10:32:30.799,212.1300,88
37950799466201,10:32:30.799,212.2400,12
37950799593673,10:32:30.799,212.2400,37
37950799631013,10:32:30.799,212.2400,51
37950799631013,10:32:30.799,212.2400,100
37950826334947,10:32:30.826,211.8900,100
37950826636739,10:32:30.826,211.8800,30
37950827613700,10:32:30.827,211.8900,40
37950827620658,10:32:30.827,211.8900,14
37951030690578,10:32:31.030,212.2850,100
37951185586099,10:32:31.185,211.6800,25
37951185681142,10:32:31.185,211.6800,100
37951293763286,10:32:31.293,211.6900,25
37952545721193,10:32:32.545,211.7000,100
37952545721193,10:32:32.545,211.7000,100
37958870020186,10:32:38.870,211.7100,3
37958870020768,10:32:38.870,211.7100,3
37958870112444,10:32:38.870,211.7100,5
37958870140329,10:32:38.870,211.7100,89
37958870140329,10:32:38.870,211.7100,11
37958870156905,10:32:38.870,211.7100,3
37958870172875,10:32:38.870,211.7100,3
37958870341880,10:32:38.870,211.7000,2
37958870341880,10:32:38.870,211.7000,1
37958871105156,10:32:38.871,211.5500,8
37958871243049,10:32:38.871,210.9800,11
37958874066106,10:32:38.874,211.7000,100
38004938470889,10:33:24.938,211.4500,100
38004938470889,10:33:24.938,211.4400,100
38004938470889,10:33:24.938,211.4400,100
38004938470889,10:33:24.938,211.4400,1
38004938470889,10:33:24.938,211.4400,100
38004938470889,10:33:24.938,211.4400,274
38004938500998,10:33:24.938,211.4400,100
38004938536064,10:33:24.938,211.4400,100
38004938539532,10:33:24.938,211.4400,100
38004938545505,10:33:24.938,211.4400,100
38004938550485,10:33:24.938,211.4400,53
38004939009030,10:33:24.939,211.4200,8
38004939011734,10:33:24.939,211.4200,92
38005098541405,10:33:25.098,211.0500,100
38005098541405,10:33:25.098,211.0500,100
38005098610241,10:33:25.098,211.0400,100
38005098610241,10:33:25.098,211.0000,100
38005098614039,10:33:25.098,210.9000,76
38005098636630,10:33:25.098,211.0500,60
38005098659226,10:33:25.098,211.0500,100
38034598881902,10:33:54.598,210.6000,100
38079111720141,10:34:39.111,210.8600,5
38282582028930,10:38:02.582,211.4600,100
38288126165065,10:38:08.126,211.8000,85
38288126165065,10:38:08.126,211.9000,16
38288126271647,10:38:08.126,211.9000,4
38288126271647,10:38:08.126,211.9100,1
38288126271647,10:38:08.126,211.9100,96
38288126567974,10:38:08.126,211.9100,4
38288126567974,10:38:08.126,211.9100,96
38288126579047,10:38:08.126,211.9100,4
38288126632722,10:38:08.126,212.0500,61
38288126638641,10:38:08.126,212.0500,5
38288126644000,10:38:08.126,212.0500,44
38288126667822,10:38:08.126,212.0500,5
38288127029903,10:38:08.127,212.0600,5
38288127031569,10:38:08.127,212.1400,38
38288127033246,10:38:08.127,212.1400,50
38288127040642,10:38:08.127,212.1400,12
38297577668954,10:38:17.577,211.5600,25
38297577668954,10:38:17.577,211.3700,35
38455323156123,10:40:55.323,211.8200,5
38517284009862,10:41:57.284,211.7600,25
38550726340378,10:42:30.726,212.2600,90
38553341369356,10:42:33.341,212.2200,25
38553572103108,10:42:33.572,212.2100,85
38553608897131,10:42:33.608,212.2100,8
38553608897131,10:42:33.608,212.2100,20
38553608897131,10:42:33.608,212.2100,1
38553608960008,10:42:33.608,212.2100,100
38553608963647,10:42:33.608,212.2000,2
38553608963647,10:42:33.608,212.2000,167
38553608963647,10:42:33.608,212.2000,43
38553608972305,10:42:33.608,212.2000,40
38553608975968,10:42:33.608,212.2000,17
38553608975968,10:42:33.608,212.0500,88
38553609001664,10:42:33.609,212.0500,12
38553609001664,10:42:33.609,212.0500,84
38553609046369,10:42:33.609,212.0500,16
38553609049229,10:42:33.609,212.2000,100
38553609090199,10:42:33.609,212.2000,30
38553609428912,10:42:33.609,212.0500,5
38553609677577,10:42:33.609,212.0500,25
38553660685298,10:42:33.660,211.5000,10
38553660744313,10:42:33.660,211.5000,40
38553660745023,10:42:33.660,211.5000,60
38594328018791,10:43:14.328,211.3100,5
38676882845937,10:44:36.882,211.3100,4
38732332746636,10:45:32.332,211.3100,5
38742485148838,10:45:42.485,211.3100,86
38742485148838,10:45:42.485,211.2100,14
38752766861972,10:45:52.766,211.3900,10
38850736464501,10:47:30.736,211.2900,5
38984941719647,10:49:44.941,211.0200,5
39056894872736,10:50:56.894,211.2900,100
39119545256275,10:51:59.545,211.1100,5
39255349613958,10:54:15.349,211.2900,5
39370114254087,10:56:10.114,211.2900,100
39371035479654,10:56:11.035,211.2900,100
39371035479654,10:56:11.035,211.0700,30
39371035479654,10:56:11.035,211.0200,95
39371035479654,10:56:11.035,211.0200,5
39371035479654,10:56:11.035,211.0200,10
39371035479654,10:56:11.035,211.0200,1
39371035688001,10:56:11.035,211.9800,13
39371037754887,10:56:11.037,211.2000,100
39371038337395,10:56:11.038,211.2000,13
39371039049370,10:56:11.039,211.0000,47
39371039095565,10:56:11.039,211.0000,53
39371039095565,10:56:11.039,211.0000,100
39371039489930,10:56:11.039,210.9800,100
39371049612889,10:56:11.049,210.7700,11
39371049638358,10:56:11.049,210.7700,89
39371049638358,10:56:11.049,210.7700,11
39371050726194,10:56:11.050,210.7600,89
39371050764624,10:56:11.050,210.7600,11
39371058371224,10:56:11.058,210.3900,11
39371100160901,10:56:11.100,210.2800,39
39381705737511,10:56:21.705,210.2200,100
39381705772932,10:56:21.705,210.2200,16
39381705772932,10:56:21.705,210.2200,100
39381705801852,10:56:21.705,210.2200,40
39381705813668,10:56:21.705,210.2200,116
39381705850501,10:56:21.705,210.8000,1
39381819692844,10:56:21.819,210.2200,1
39381819692844,10:56:21.819,210.2200,99
39388730140412,10:56:28.730,210.7000,23
39388732907339,10:56:28.732,210.4700,100
39388732987682,10:56:28.732,210.7200,10
39388735727723,10:56:28.735,210.8300,1
39388735996330,10:56:28.735,210.9000,2
39388736015966,10:56:28.736,210.9600,1
39388736015966,10:56:28.736,211.0000,80
39388736015966,10:56:28.736,211.0000,25
39388736015966,10:56:28.736,211.1400,94
39388736316073,10:56:28.736,211.0100,100
39388736449496,10:56:28.736,211.1400,6
39388736449496,10:56:28.736,211.1400,100
39391554000662,10:56:31.554,210.6400,5
39395043556504,10:56:35.043,210.8100,100
39395045528606,10:56:35.045,210.8100,60
39395045528606,10:56:35.045,210.6800,40
39395065828942,10:56:35.065,210.6300,10
39395065828942,10:56:35.065,210.6300,90
39395065865598,10:56:35.065,210.6300,10
39395065886558,10:56:35.065,210.6300,10
39395065970043,10:56:35.065,210.5400,100
39395066185184,10:56:35.066,210.5400,40
39395066189218,10:56:35.066,210.5400,25
39395066197008,10:56:35.066,210.5400,35
39395066197530,10:56:35.066,210.5400,35
39395066280109,10:56:35.066,210.5400,55
39395066280109,10:56:35.066,210.6300,45
39395200160747,10:56:35.200,210.3700,20
39464339299929,10:57:44.339,210.8100,40
39664364261170,11:01:04.364,211.3700,5
39664364287466,11:01:04.364,211.3700,23
39664364287466,11:01:04.364,211.3700,100
39664364456709,11:01:04.364,211.7900,30
39664364849454,11:01:04.364,211.3700,68
39664364849454,11:01:04.364,211.3700,20
39666630242825,11:01:06.630,211.7200,100
39678915806496,11:01:18.915,211.2200,100
39681528947344,11:01:21.528,211.2200,7
39681528947344,11:01:21.528,211.2200,2
39681529562677,11:01:21.529,211.2100,46
39681529589022,11:01:21.529,211.2100,54
39681529589022,11:01:21.529,211.2100,100
39681534993353,11:01:21.534,211.2100,74
39681539369181,11:01:21.539,211.1100,30
39685364061018,11:01:25.364,211.1400,13
39685364156635,11:01:25.364,211.1400,17
39685364156635,11:01:25.364,211.2100,13
39685364191118,11:01:25.364,211.2100,17
39685364373573,11:01:25.364,211.2100,13
39718383855629,11:01:58.383,211.2000,1
39718383855629,11:01:58.383,211.2000,36
39718383967547,11:01:58.383,211.0100,10
39718383967547,11:01:58.383,211.0000,80
39718384046262,11:01:58.384,211.0000,20
39718386649425,11:01:58.386,211.0100,47
39718386675769,11:01:58.386,211.0100,53
39718386797394,11:01:58.386,211.2500,10
39718405267524,11:01:58.405,211.0100,10
39800499329858,11:03:20.499,211.7400,100
39800499353658,11:03:20.499,211.7400,100
39800499365051,11:03:20.499,211.7400,40
39800499366461,11:03:20.499,211.7400,50
39800499389940,11:03:20.499,211.7400,50
39800499392394,11:03:20.499,211.7400,44
39800499419665,11:03:20.499,211.7400,100
39800499471570,11:03:20.499,211.7400,100
39803368235571,11:03:23.368,211.2700,5
39812705759496,11:03:32.705,211.2700,1
39816639930798,11:03:36.639,211.2700,7
39868661970581,11:04:28.661,211.2700,100
39868663156765,11:04:28.663,211.2600,100
39868663156765,11:04:28.663,211.2600,3
39868663156765,11:04:28.663,211.2600,23
39868663194251,11:04:28.663,211.2600,21
39868663194251,11:04:28.663,211.2600,2
39868663201463,11:04:28.663,211.2600,23
39868663204918,11:04:28.663,211.2600,100
39868663216088,11:04:28.663,211.2600,23
39868663259440,11:04:28.663,211.2600,87
39868663260997,11:04:28.663,211.2600,13
39868663260997,11:04:28.663,211.2600,87
39868663263681,11:04:28.663,211.2600,50
39868663275663,11:04:28.663,211.2600,10
39868663313390,11:04:28.663,211.2600,13
39868663338266,11:04:28.663,211.2600,87
39868663338266,11:04:28.663,211.2600,13
39868663391682,11:04:28.663,211.2600,100
39868663395531,11:04:28.663,211.2700,100
39868663423996,11:04:28.663,211.2600,149
39868663775867,11:04:28.663,211.2600,100
39868664665575,11:04:28.664,211.2600,100
39901445008999,11:05:01.445,211.3100,3
39901445048557,11:05:01.445,211.3100,97
39901445072133,11:05:01.445,211.3100,100
39931205238194,11:05:31.205,211.2700,1
39931205341046,11:05:31.205,211.2600,100
39931205341046,11:05:31.205,211.2600,59
39931205347645,11:05:31.205,211.2600,41
39931205347645,11:05:31.205,211.2600,75
39931205354369,11:05:31.205,211.2600,100
39931205354939,11:05:31.205,211.2600,40
39931205360409,11:05:31.205,211.2600,1
39931205393920,11:05:31.205,211.2600,41
39931205395553,11:05:31.205,211.2700,100
39931205411688,11:05:31.205,211.2600,8
39931206511130,11:05:31.206,211.2600,51
39931206511130,11:05:31.206,211.2600,49
39931220511943,11:05:31.220,211.2600,3
39931220550086,11:05:31.220,211.2600,48
39931220550086,11:05:31.220,211.2600,84
39940201619701,11:05:40.201,211.2500,25
39940201646361,11:05:40.201,211.2500,50
39941772851376,11:05:41.772,211.0200,5
39941772876397,11:05:41.772,211.0200,35
39943598570597,11:05:43.598,211.0100,1
39943598605706,11:05:43.598,211.0100,99
39943598644310,11:05:43.598,211.0100,99
39946011306433,11:05:46.011,211.0100,1
39946011306433,11:05:46.011,211.0100,99
39946011675335,11:05:46.011,211.0100,1
39946011675335,11:05:46.011,211.0100,1
39946012395268,11:05:46.012,211.0000,100
39991066912659,11:06:31.066,210.7000,100
39991066941642,11:06:31.066,210.7000,100
39991066941642,11:06:31.066,210.7000,2
39991066941642,11:06:31.066,210.7000,1
39991066941642,11:06:31.066,210.7000,44
39991067527660,11:06:31.067,210.7000,100
39991068973147,11:06:31.068,210.7000,100
39991068973147,11:06:31.068,210.7000,200
39994743097893,11:06:34.743,210.7000,20
39994743097893,11:06:34.743,210.1700,4
39994743097893,11:06:34.743,210.1700,4
39994743097893,11:06:34.743,210.1200,72
39994752619925,11:06:34.752,210.7300,20
40029451626018,11:07:09.451,210.9300,1
40029451626018,11:07:09.451,210.9600,72
40029451707311,11:07:09.451,210.9600,92
40029451976962,11:07:09.451,211.0100,92
40029452005581,11:07:09.452,211.0300,100
40029452005581,11:07:09.452,211.0300,100
40029452044347,11:07:09.452,211.0700,100
40029452044347,11:07:09.452,211.0700,100
40029452044347,11:07:09.452,211.0700,100
40029452044347,11:07:09.452,211.0900,100
40029452095097,11:07:09.452,211.1500,16
40029452097026,11:07:09.452,211.1500,40
40029452099998,11:07:09.452,211.1500,44
40029452329709,11:07:09.452,210.9400,100
40104929842126,11:08:24.929,211.3000,328
40134349308010,11:08:54.349,212.8000,1
40187183253106,11:09:47.183,211.1900,1
40193366052943,11:09:53.366,212.1600,36
40263757442859,11:11:03.757,211.9900,100
40263757523235,11:11:03.757,211.9900,100
40263758274380,11:11:03.758,212.4400,1
40265254311893,11:11:05.254,212.4400,2
40265819159980,11:11:05.819,212.4400,25
40270573273915,11:11:10.573,212.1400,100
40277480856893,11:11:17.480,212.4400,1
40324589540037,11:12:04.589,212.3800,27
40324591107955,11:12:04.591,212.3800,28
40375725039307,11:12:55.725,212.5800,100
40375725158332,11:12:55.725,212.7300,100
40375725538577,11:12:55.725,212.6200,20
40375725538577,11:12:55.725,212.5800,80
40375725656309,11:12:55.725,212.9300,5
40375725656309,11:12:55.725,212.9300,3
40375725662165,11:12:55.725,212.9300,2
40693883885220,11:18:13.883,215.2300,88
40695198851535,11:18:15.198,213.2600,5
40783600948030,11:19:43.600,214.8500,25
40783602503440,11:19:43.602,214.8500,26
40793337994918,11:19:53.337,214.1800,2
40857404154791,11:20:57.404,213.2800,5
40992995013196,11:23:12.995,213.5600,25
40992995013196,11:23:12.995,213.2400,75
41014209554208,11:23:34.209,213.2400,5
41096969867817,11:24:56.969,213.0200,25
41096969867817,11:24:56.969,212.9200,8
41096969904817,11:24:56.969,212.9200,10
41096969904817,11:24:56.969,212.9200,15
41096969969029,11:24:56.969,212.9100,96
41096969973718,11:24:56.969,212.9100,4
41096969981007,11:24:56.969,212.9000,100
41096969981007,11:24:56.969,212.8600,46
41096969995823,11:24:56.969,212.8600,13
41096970007857,11:24:56.970,212.8600,13
41096970013237,11:24:56.970,212.8600,28
41096970917182,11:24:56.970,212.9200,100
41097002486608,11:24:57.002,212.7700,100
41099406988099,11:24:59.406,212.2700,40
41099406996608,11:24:59.406,212.2700,37
41099407002306,11:24:59.407,212.2700,23
41099407008058,11:24:59.407,212.2600,9
41099407631504,11:24:59.407,212.2000,15
41115881669121,11:25:15.881,212.2000,19
41115881669121,11:25:15.881,211.6900,6
41115881714555,11:25:15.881,211.6900,24
41142248937001,11:25:42.248,210.6000,51
41142248937001,11:25:42.248,210.4600,47
41142248937001,11:25:42.248,210.2400,1
41142248937001,11:25:42.248,210.2400,1
41161347674170,11:26:01.347,210.4000,1
41167419194888,11:26:07.419,210.2900,54
41167419194888,11:26:07.419,210.1100,46
41188396870060,11:26:28.396,210.1000,50
41188396870060,11:26:28.396,210.0100,10
41188396870060,11:26:28.396,210.0000,5
41188396870060,11:26:28.396,210.0000,1
41191858783732,11:26:31.858,210.4900,100
41191858783732,11:26:31.858,210.5500,30
41191858783732,11:26:31.858,210.6200,100
41191858783732,11:26:31.858,210.6400,100
41191858783732,11:26:31.858,210.6400,70
41192288120086,11:26:32.288,209.2700,10
41217071433653,11:26:57.071,210.4000,1
41217071433653,11:26:57.071,210.4000,100
41217071433653,11:26:57.071,210.4000,100
41217071810732,11:26:57.071,210.5500,100
41217072096936,11:26:57.072,210.6350,100
41217072098362,11:26:57.072,210.6350,100
41336465072792,11:28:56.465,212.4000,5
41367456576707,11:29:27.456,212.3000,15
41441609096155,11:30:41.609,212.1000,24
41441610571819,11:30:41.610,212.1000,25
41692533582828,11:34:52.533,211.9000,3
41757621900052,11:35:57.621,211.9000,22
41757622935102,11:35:57.622,211.9000,22
41927506313748,11:38:47.506,211.8800,16
41955693866772,11:39:15.693,211.2600,38
42008713025746,11:40:08.713,211.6300,100
42023226369053,11:40:23.226,211.5800,6
42037644445149,11:40:37.644,211.5800,24
42052648634741,11:40:52.648,211.5800,6
42055242980770,11:40:55.242,211.4200,10
42097445790091,11:41:37.445,211.2100,100
42121368593382,11:42:01.368,211.5800,2
42133136766716,11:42:13.136,211.3000,76
42207054767239,11:43:27.054,211.2200,100
42241331771882,11:44:01.331,211.5800,2
42276645329333,11:44:36.645,211.5800,26
42276645410116,11:44:36.645,211.3900,35
42276645410116,11:44:36.645,211.3700,100
42276645410116,11:44:36.645,211.3700,3
42276645410116,11:44:36.645,211.3700,14
42276645410116,11:44:36.645,211.3700,46
42276645441801,11:44:36.645,211.3700,3
42276645441801,11:44:36.645,211.3700,32
42276645455256,11:44:36.645,211.3600,100
42276645512322,11:44:36.645,211.2400,2
42276646007522,11:44:36.646,211.2200,15
42276646007522,11:44:36.646,211.2200,32
42276646042755,11:44:36.646,211.2200,2
42276646045695,11:44:36.646,211.2200,30
42276646046940,11:44:36.646,211.2200,5
42276646060931,11:44:36.646,211.2200,30
42276646402116,11:44:36.646,211.2200,1
42276647313715,11:44:36.647,211.1000,22
42276794333954,11:44:36.794,211.1000,3
42276794413683,11:44:36.794,210.7000,45
42276794438180,11:44:36.794,210.7000,55
42300799654164,11:45:00.799,210.6600,30
42300799654164,11:45:00.799,210.6600,1
42300799654164,11:45:00.799,210.5600,10
42323417491451,11:45:23.417,211.1300,6
42437257565579,11:47:17.257,210.1800,10
42458184606029,11:47:38.184,210.1800,2
42458184606029,11:47:38.184,210.1000,28
42467022174658,11:47:47.022,210.1000,72
42467022174658,11:47:47.022,210.0900,13
42528645205672,11:48:48.645,211.0900,27
42528646531192,11:48:48.646,211.0900,28
42533263104441,11:48:53.263,211.0900,100
42533263104441,11:48:53.263,211.1700,100
42540270723274,11:49:00.270,210.1800,1
42540270723274,11:49:00.270,210.0900,40
42540270723274,11:49:00.270,210.0900,100
42540270723274,11:49:00.270,210.0400,47
42666139505127,11:51:06.139,210.1800,55
42666139505127,11:51:06.139,210.0400,100
42666139505127,11:51:06.139,210.0300,100
42666139505127,11:51:06.139,210.0300,1
42666139505127,11:51:06.139,210.0300,44
42666139581248,11:51:06.139,210.0300,56
42666139581248,11:51:06.139,210.0300,44
42666139607530,11:51:06.139,210.0300,56
42666139607530,11:51:06.139,210.0300,2
42666139607530,11:51:06.139,210.0300,1
42666139663897,11:51:06.139,210.0200,100
42666139669612,11:51:06.139,210.0300,100
42666139705369,11:51:06.139,210.0100,20
42670867353585,11:51:10.867,209.5000,2
42670867353585,11:51:10.867,209.3200,8
42816663874804,11:53:36.663,209.9100,78
42819122812414,11:53:39.122,210.2800,99
42819123144145,11:53:39.123,210.2800,35
42819123144145,11:53:39.123,210.3200,100
42819123144145,11:53:39.123,210.3200,28
42819123162316,11:53:39.123,210.3200,35
42819123162316,11:53:39.123,210.3400,100
42819123162316,11:53:39.123,210.3400,100
42819123162316,11:53:39.123,210.3400,15
42819123168445,11:53:39.123,210.3400,85
42819123236204,11:53:39.123,210.4700,100
42819123489853,11:53:39.123,210.3200,100
42819123627962,11:53:39.123,210.4700,100
42819123646213,11:53:39.123,210.5600,15
42819123702771,11:53:39.123,210.4700,100
42819123864513,11:53:39.123,210.5600,59
42819123915682,11:53:39.123,210.5600,26
42841278755926,11:54:01.278,211.0000,2
42876647502195,11:54:36.647,211.5800,43
42909030006327,11:55:09.030,211.4000,41
42960023174454,11:56:00.023,211.4000,16
43024646719422,11:57:04.646,211.5000,26
43200856605917,12:00:00.856,211.5000,89
43200856605917,12:00:00.856,211.5800,1
43206387011123,12:00:06.387,211.2800,100
43252517233687,12:00:52.517,211.3800,26
43281065273592,12:01:21.065,211.0800,2
43281065273592,12:01:21.065,211.0800,1
43281065309565,12:01:21.065,211.0800,28
43328031828288,12:02:08.031,211.4000,2
43360861145611,12:02:40.861,210.9700,100
43360861145611,12:02:40.861,210.9700,22
43360861205932,12:02:40.861,210.9600,100
43360861210739,12:02:40.861,210.9600,15
43360861211285,12:02:40.861,210.9600,45
43360861222504,12:02:40.861,210.9600,40
43360861259282,12:02:40.861,210.9700,100
43360861316979,12:02:40.861,210.9400,15
43360861378177,12:02:40.861,210.9200,100
43360861402659,12:02:40.861,210.9200,100
43360861411717,12:02:40.861,210.9100,62
43360861446639,12:02:40.861,210.9400,18
43360861475248,12:02:40.861,210.8800,15
43360864084250,12:02:40.864,210.9100,100
43360864107184,12:02:40.864,210.9100,100
43361142584124,12:02:41.142,210.6400,2
43361142584124,12:02:41.142,210.5700,100
43361142584124,12:02:41.142,210.5600,100
43370365268273,12:02:50.365,210.2000,28
43370365815441,12:02:50.365,209.8000,72
43371293225004,12:02:51.293,210.5700,100
43371293225004,12:02:51.293,210.5700,100
43371293248860,12:02:51.293,210.6700,100
43387699891034,12:03:07.699,209.8200,100
43456697021215,12:04:16.697,209.8600,10
43555551908674,12:05:55.551,210.6500,14
43566031541724,12:06:06.031,209.9000,28
43566031541724,12:06:06.031,209.9000,72
43571926028376,12:06:11.926,210.6500,100
43571926028376,12:06:11.926,210.6600,100
43792716657955,12:09:52.716,210.5400,21
43839025035774,12:10:39.025,210.4100,100
43839025508353,12:10:39.025,210.4300,100
43839025508353,12:10:39.025,210.4300,125
43839025508353,12:10:39.025,210.4300,1
43839025508353,12:10:39.025,210.4300,20
43839025508353,12:10:39.025,210.4300,100
43839025571262,12:10:39.025,210.4300,100
43839025869320,12:10:39.025,210.4300,100
43845165370433,12:10:45.165,210.4300,100
43845168485969,12:10:45.168,210.2900,2
43845169899373,12:10:45.169,210.2300,100
43845169927700,12:10:45.169,210.2200,100
43845692673704,12:10:45.692,210.0400,100
43846111806750,12:10:46.111,210.0400,10
43892919707317,12:11:32.919,210.2700,100
43892919737928,12:11:32.919,210.2800,100
43892923402187,12:11:32.923,210.4200,100
43892923466553,12:11:32.923,210.4300,9
43892923478809,12:11:32.923,210.4300,91
43892923489229,12:11:32.923,210.4200,100
43892923517064,12:11:32.923,210.4700,2
43892923893693,12:11:32.923,210.3700,37
43892924455945,12:11:32.924,210.4700,98
43892924455945,12:11:32.924,210.4700,100
43902937301644,12:11:42.937,210.4900,63
43902937301644,12:11:42.937,210.5400,100
43902937301644,12:11:42.937,210.5400,37
43902939265085,12:11:42.939,210.5400,18
43902939294014,12:11:42.939,210.5400,45
43902953178815,12:11:42.953,210.2600,100
43963151819535,12:12:43.151,210.2300,10
43963151823086,12:12:43.151,210.1600,100
43963151881667,12:12:43.151,210.1200,11
43963151936728,12:12:43.151,210.0500,39
43963151963869,12:12:43.151,210.0500,61
43963151963869,12:12:43.151,210.0500,100
43963155855652,12:12:43.155,210.2300,100
43963155967751,12:12:43.155,210.1400,6
43978649223783,12:12:58.649,210.2300,6
43998406594398,12:13:18.406,210.4400,77
43998406688684,12:13:18.406,210.4700,100
43998717405630,12:13:18.717,210.5900,100
43998717405630,12:13:18.717,210.5900,100
44025788069580,12:13:45.788,211.4200,1
44127422921478,12:15:27.422,210.8200,1
44136181757264,12:15:36.181,210.8700,100
44136910641092,12:15:36.910,210.8700,100
44137489978750,12:15:37.489,210.8700,100
44154093753469,12:15:54.093,210.8100,10
44154093753469,12:15:54.093,210.7900,10
44154093753469,12:15:54.093,210.7800,4
44154093753469,12:15:54.093,210.7800,2
44154093753469,12:15:54.093,210.7800,10
44154093821051,12:15:54.093,210.7700,10
44154093821051,12:15:54.093,210.7700,90
44154093825138,12:15:54.093,210.7700,10
44154093825138,12:15:54.093,210.7700,10
44154093835584,12:15:54.093,210.7600,5
44154093835584,12:15:54.093,210.7600,83
44154093835584,12:15:54.093,210.7600,15
44154093850114,12:15:54.093,210.7800,64
44154093850114,12:15:54.093,210.8100,36
44154093877664,12:15:54.093,210.8100,64
44154093914456,12:15:54.093,210.7900,2
44154093914456,12:15:54.093,210.8100,2
44181607431767,12:16:21.607,210.7700,2
44181607431767,12:16:21.607,210.7500,1
44181607431767,12:16:21.607,210.7500,9
44181607431767,12:16:21.607,210.7500,88
44202102230330,12:16:42.102,210.7500,1
44202102246759,12:16:42.102,210.7400,5
44202102246759,12:16:42.102,210.7400,5
44202102246759,12:16:42.102,210.7300,1
44202102246759,12:16:42.102,210.7200,10
44202102246759,12:16:42.102,210.7100,10
44202102246759,12:16:42.102,210.7000,5
44202102246759,12:16:42.102,210.7000,5
44202102246759,12:16:42.102,210.6900,2
44202102246759,12:16:42.102,210.6900,8
44202102246759,12:16:42.102,210.6700,10
44202102246759,12:16:42.102,210.6400,5
44202102246759,12:16:42.102,210.6400,5
44202102246759,12:16:42.102,210.6300,10
44202102246759,12:16:42.102,210.6200,1
44202102246759,12:16:42.102,210.6200,2
44202102246759,12:16:42.102,210.6100,10
44202102246759,12:16:42.102,210.6000,5
44202102246759,12:16:42.102,210.5900,1
44202102305413,12:16:42.102,210.5900,4
44202102765128,12:16:42.102,210.7500,100
44202185027218,12:16:42.185,210.6300,100
44207473446640,12:16:47.473,210.9400,100
44207473829545,12:16:47.473,210.9400,100
44207474468939,12:16:47.474,210.9900,100
44207867848102,12:16:47.867,211.0000,200
44207868016817,12:16:47.868,211.0000,100
44223695148864,12:17:03.695,210.6900,1
44261737594547,12:17:41.737,210.6600,1
44347750997565,12:19:07.750,210.9100,1
44362748013352,12:19:22.748,211.0000,11
44364320580873,12:19:24.320,211.3100,97
44364320580873,12:19:24.320,211.3800,3
44364320646697,12:19:24.320,211.3800,97
44364320670766,12:19:24.320,211.3800,100
44419646202804,12:20:19.646,211.1900,100
44420355011873,12:20:20.355,211.1900,100
44448039848637,12:20:48.039,211.1300,3
44448039848637,12:20:48.039,211.1200,97
44448039916515,12:20:48.039,211.1200,3
44448039929840,12:20:48.039,211.1300,100
44448039943681,12:20:48.039,211.0500,30
44448039943681,12:20:48.039,211.0000,10
44448039943681,12:20:48.039,210.9700,37
44448039945224,12:20:48.039,210.9700,23
44448040182492,12:20:48.040,211.0000,100
44451261386741,12:20:51.261,211.0000,2
44451261386741,12:20:51.261,211.0000,1
44451261516553,12:20:51.261,211.0000,100
44500652847508,12:21:40.652,211.5800,1
44537543643533,12:22:17.543,211.4800,25
44537543643533,12:22:17.543,211.5000,75
44538469452657,12:22:18.469,211.5000,20
44538469452657,12:22:18.469,211.5100,80
44538469482009,12:22:18.469,211.5100,20
44538469544476,12:22:18.469,211.5100,100
44538817640582,12:22:18.817,211.6100,1
44538817640582,12:22:18.817,211.6100,99
44538824077773,12:22:18.824,211.6200,100
44538824574027,12:22:18.824,211.6500,10
44538824601193,12:22:18.824,211.6500,90
44553117851018,12:22:33.117,211.5200,1
44569099153020,12:22:49.099,211.4400,30
44569099153020,12:22:49.099,211.4300,100
44569099153020,12:22:49.099,211.4300,2
44569099153020,12:22:49.099,211.4300,68
44569099700142,12:22:49.099,211.4300,32
44569099758947,12:22:49.099,211.4200,6
44569099758947,12:22:49.099,211.4200,34
44569099759745,12:22:49.099,211.4200,73
44569099776633,12:22:49.099,211.4300,100
44572007409054,12:22:52.007,211.2800,100
44572007466304,12:22:52.007,211.2800,2
44572007864661,12:22:52.007,211.2800,23
44572007873051,12:22:52.007,211.2800,13
44572007883916,12:22:52.007,211.2800,50
44590813425398,12:23:10.813,211.3100,10
44603913205176,12:23:23.913,210.9800,1
44603913372554,12:23:23.913,210.9800,100
44614979853566,12:23:34.979,210.9000,16
44614979853566,12:23:34.979,210.8400,84
44655986955797,12:24:15.986,210.8400,16
44655987065338,12:24:15.987,210.8300,1
44685864274186,12:24:45.864,210.8300,20
44685866198851,12:24:45.866,210.8000,2
44695610933713,12:24:55.610,211.1300,100
44695610966683,12:24:55.610,211.1300,20
44695610992638,12:24:55.610,211.1300,100
44704097156015,12:25:04.097,211.2800,100
44704097228022,12:25:04.097,211.2800,100
44704097228022,12:25:04.097,211.3500,100
44704097255733,12:25:04.097,211.3500,100
44704097279442,12:25:04.097,211.3500,100
44704097319630,12:25:04.097,211.3500,93
44704097341642,12:25:04.097,211.3500,100
44704097353190,12:25:04.097,211.3500,100
44704097662151,12:25:04.097,211.3500,100
44704098513421,12:25:04.098,211.3500,100
44727473875662,12:25:27.473,211.3500,7
44727473899838,12:25:27.473,211.3150,100
44727473903185,12:25:27.473,211.3150,100
44727742201825,12:25:27.742,211.1400,10
44727742201825,12:25:27.742,211.1400,1
44727742201825,12:25:27.742,211.1400,37
44727742227516,12:25:27.742,211.1400,63
44727742523959,12:25:27.742,211.1400,100
44727742913379,12:25:27.742,211.1300,3
44727743427952,12:25:27.743,211.1300,70
44727743460053,12:25:27.743,211.1300,27
44727744566614,12:25:27.744,211.0400,100
44787619604964,12:26:27.619,211.3200,1
44787619609365,12:26:27.619,211.3300,100
44787619784999,12:26:27.619,211.3200,100
44787619788770,12:26:27.619,211.1700,10
44787619816679,12:26:27.619,211.0200,1
44787619816679,12:26:27.619,211.0200,2
44787620701992,12:26:27.620,211.3200,10
44815445839236,12:26:55.445,211.1300,82
44815447411248,12:26:55.447,211.1300,100
44815447411248,12:26:55.447,211.1300,100
44849222320363,12:27:29.222,211.2000,100
44849222350092,12:27:29.222,211.2000,1
44849222410594,12:27:29.222,211.1900,1
44849222410594,12:27:29.222,211.1900,49
44869909409145,12:27:49.909,211.3100,1
44938162490783,12:28:58.162,211.3000,5
44946582719257,12:29:06.582,211.3000,100
44949452228853,12:29:09.452,211.0300,2
44949452228853,12:29:09.452,211.0300,1
44949452253188,12:29:09.452,211.0300,100
44949452395671,12:29:09.452,211.0300,100
44949452753203,12:29:09.452,211.0300,100
44949452757316,12:29:09.452,211.0300,100
44949452852095,12:29:09.452,211.0300,9
44949453060577,12:29:09.453,210.9800,100
44961589547171,12:29:21.589,211.1000,91
44968492819223,12:29:28.492,210.8700,100
44968494668908,12:29:28.494,210.8600,100
44968494736255,12:29:28.494,210.8600,100
44968494740367,12:29:28.494,210.8600,1
44968494766438,12:29:28.494,210.8500,32
44968494811441,12:29:28.494,210.8500,68
44968494811441,12:29:28.494,210.8500,32
44968872874252,12:29:28.872,210.7900,1
44968872874252,12:29:28.872,210.7900,1
44968872874252,12:29:28.872,210.7800,2
44968872874252,12:29:28.872,210.7600,1
44968872874252,12:29:28.872,210.7100,2
44968872874252,12:29:28.872,210.7100,86
44968874288822,12:29:28.874,210.7100,14
44972701796782,12:29:32.701,210.7000,100
44972701796782,12:29:32.701,210.7000,1
44972701796782,12:29:32.701,210.7000,99
44972705185272,12:29:32.705,210.6900,6
44972705185272,12:29:32.705,210.6900,4
44972705185272,12:29:32.705,210.6900,1
44974041126333,12:29:34.041,210.6700,1
44974041126333,12:29:34.041,210.6600,1
44974041126333,12:29:34.041,210.6300,2
44974041126333,12:29:34.041,210.6200,96
44974041628806,12:29:34.041,210.6200,4
45010893146835,12:30:10.893,210.5800,2
45010893146835,12:30:10.893,210.5800,5
45010893146835,12:30:10.893,210.5800,3
45014101336690,12:30:14.101,210.5700,2
45014101336690,12:30:14.101,210.5600,2
45014101336690,12:30:14.101,210.5500,5
45017197450630,12:30:17.197,210.5400,1
45017197450630,12:30:17.197,210.5300,1
45017197450630,12:30:17.197,210.5200,1
45017197450630,12:30:17.197,210.5100,1
45017197450630,12:30:17.197,210.5100,2
45017197450630,12:30:17.197,210.5100,1
45017198880389,12:30:17.198,210.5100,3
45043813284922,12:30:43.813,210.5000,1
45043813284922,12:30:43.813,210.5000,70
45043813311761,12:30:43.813,210.5000,30
45043813311761,12:30:43.813,210.5000,1
45146226295734,12:32:26.226,210.5200,3
45146228776562,12:32:26.228,210.5200,100
45146228827681,12:32:26.228,210.5200,3
45149520002990,12:32:29.520,210.5200,3
45201879850247,12:33:21.879,210.5200,1
45275786431768,12:34:35.786,211.0700,5
45275786431768,12:34:35.786,211.0700,5
45275786431768,12:34:35.786,211.0900,40
45275786439037,12:34:35.786,211.0900,60
45275786439037,12:34:35.786,211.0900,40
45275786470579,12:34:35.786,211.0900,40
45275786478208,12:34:35.786,211.0900,3
45275786497207,12:34:35.786,211.0900,17
45275786497207,12:34:35.786,211.0900,3
45275786498793,12:34:35.786,211.0900,11
45275786896676,12:34:35.786,211.0900,86
45275788765287,12:34:35.788,211.2800,24
45275788765287,12:34:35.788,211.2800,40
45294358021346,12:34:54.358,211.3100,40
45317722526136,12:35:17.722,211.4400,30
45327613244893,12:35:27.613,210.8300,1
45360848185068,12:36:00.848,210.8100,21
45360848185068,12:36:00.848,210.8100,9
45360848260943,12:36:00.848,210.8100,100
45377992943666,12:36:17.992,210.7600,1
45377992943666,12:36:17.992,210.7600,99
45417348111288,12:36:57.348,210.7700,2
45417348111288,12:36:57.348,210.7700,10
45417348450410,12:36:57.348,210.7700,4
45417348576626,12:36:57.348,210.7700,21
45417348576626,12:36:57.348,210.7700,20
45417348576626,12:36:57.348,210.7700,20
45417348576626,12:36:57.348,210.7500,48
45417348576626,12:36:57.348,210.7500,39
45451475240833,12:37:31.475,211.0200,100
45451475293663,12:37:31.475,211.0200,100
45451475314963,12:37:31.475,211.0200,100
45451475318005,12:37:31.475,211.0200,100
45451475405481,12:37:31.475,211.0800,100
45451476212009,12:37:31.476,211.1900,100
45451476719923,12:37:31.476,211.2300,100
45451481732131,12:37:31.481,211.0800,16
45535054723045,12:38:55.054,211.0800,4
45535054723045,12:38:55.054,211.0200,61
45535054877983,12:38:55.054,211.0800,100
45540040721864,12:39:00.040,211.0200,39
45540040721864,12:39:00.040,211.0200,61
45544703030899,12:39:04.703,211.0200,39
45544703030899,12:39:04.703,211.0200,5
45544703030899,12:39:04.703,211.0200,1
45544703030899,12:39:04.703,211.0100,2
45544703535211,12:39:04.703,211.0200,100
45567962036656,12:39:27.962,210.8700,1
45584944934911,12:39:44.944,210.9300,100
45595185422667,12:39:55.185,210.8400,2
45668129794619,12:41:08.129,211.2500,99
45715997061783,12:41:55.997,211.2700,49
45715997087463,12:41:55.997,211.2700,1
45715997154496,12:41:55.997,211.2700,40
45715997160920,12:41:55.997,211.2700,43
45715997171247,12:41:55.997,211.2700,17
45741096394387,12:42:21.096,210.9300,19
45763463693657,12:42:43.463,211.3100,1
45763463720746,12:42:43.463,211.3100,22
45763463720746,12:42:43.463,211.3100,77
45763463745274,12:42:43.463,211.3000,100
45763463803262,12:42:43.463,211.3400,40
45763463806860,12:42:43.463,211.3400,2
45763463834886,12:42:43.463,211.3400,58
45763463873150,12:42:43.463,211.3500,70
45763463883721,12:42:43.463,211.3500,17
45763463904136,12:42:43.463,211.3500,13
45763466681747,12:42:43.466,211.3500,99
45774639947617,12:42:54.639,211.6300,1
45774640018161,12:42:54.640,211.6400,100
45774640018161,12:42:54.640,211.6500,23
45774640045065,12:42:54.640,211.6500,77
45774640721819,12:42:54.640,211.6600,100
45774640745609,12:42:54.640,211.6600,100
45879684087387,12:44:39.684,211.5300,10
45879684087387,12:44:39.684,211.5200,32
45879684119943,12:44:39.684,211.5100,3
45879684119943,12:44:39.684,211.5100,38
45879684119943,12:44:39.684,211.5100,5
45879684119943,12:44:39.684,211.5100,2
45879684119943,12:44:39.684,211.5100,29
45879684171459,12:44:39.684,211.5200,77
45879684196999,12:44:39.684,211.5200,23
45879690383074,12:44:39.690,211.3600,100
45879690444102,12:44:39.690,211.3200,100
45879692084410,12:44:39.692,211.0600,1
45937764355395,12:45:37.764,211.3400,25
45942588111631,12:45:42.588,211.3800,100
45974041291405,12:46:14.041,211.5800,23
45989269160178,12:46:29.269,211.6200,100
46014027046778,12:46:54.027,211.6200,23
46014027546369,12:46:54.027,211.6300,100
46098588116626,12:48:18.588,211.3800,1
46112427470962,12:48:32.427,211.3600,1
46115700015729,12:48:35.700,211.3600,2
46115700015729,12:48:35.700,211.3600,20
46115700015729,12:48:35.700,211.3100,100
46115700015729,12:48:35.700,211.3100,2
46115700015729,12:48:35.700,211.3100,44
46115700087971,12:48:35.700,211.3100,56
46115700087971,12:48:35.700,211.3100,13
46115700087971,12:48:35.700,211.3100,10
46115700163461,12:48:35.700,211.3100,100
46115700245124,12:48:35.700,211.3000,100
46115700275562,12:48:35.700,211.2900,100
46115700413321,12:48:35.700,211.3400,15
46115700413321,12:48:35.700,211.3600,100
46118282452341,12:48:38.282,211.2900,10
46147491286152,12:49:07.491,211.2900,5
46147491286152,12:49:07.491,211.2900,5
46147491286152,12:49:07.491,211.2900,2
46147491857878,12:49:07.491,211.2800,100
46147491894774,12:49:07.491,211.2800,19
46177247570950,12:49:37.247,211.1400,1
46177278011026,12:49:37.278,211.1300,100
46177278430057,12:49:37.278,211.1200,100
46209113366783,12:50:09.113,211.0700,1
46209113366783,12:50:09.113,211.0700,100
46225817418843,12:50:25.817,211.3100,100
46225817478475,12:50:25.817,211.4000,55
46226284421912,12:50:26.284,211.2600,100
46226284455979,12:50:26.284,211.2600,60
46251318130566,12:50:51.318,211.4600,5
46251318316870,12:50:51.318,211.4600,100
46284543619083,12:51:24.543,211.4600,1
46294797549713,12:51:34.797,211.4600,52
46369890648218,12:52:49.890,211.3000,200
46382021639170,12:53:02.021,211.2400,1
46413371787960,12:53:33.371,211.1000,2
46413371800008,12:53:33.371,211.0900,100
46413371800008,12:53:33.371,211.0900,2
46413430059744,12:53:33.430,211.0900,3
46427288335063,12:53:47.288,211.4000,15
46440471505299,12:54:00.471,211.1700,18
46440471506521,12:54:00.471,211.1700,50
46440471532176,12:54:00.471,211.1700,27
46461295040252,12:54:21.295,211.4100,100
46461295074470,12:54:21.295,211.4100,100
46461295138523,12:54:21.295,211.4300,77
46461295159491,12:54:21.295,211.4300,23
46461296181891,12:54:21.296,211.5600,100
46493861366157,12:54:53.861,211.7600,100
46493861491474,12:54:53.861,211.7600,100
46493861491474,12:54:53.861,211.7500,82
46493861579016,12:54:53.861,211.8400,1
46516964268773,12:55:16.964,211.5400,100
46529399943787,12:55:29.399,211.4400,3
46529399964495,12:55:29.399,211.4400,100
46529399991826,12:55:29.399,211.4400,3
46529400073613,12:55:29.400,211.4400,3
46529400106261,12:55:29.400,211.4400,3
46529400123279,12:55:29.400,211.4400,3
46529400123801,12:55:29.400,211.4400,3
46529400128764,12:55:29.400,211.4400,5
46529400137179,12:55:29.400,211.4400,42
46529400137179,12:55:29.400,211.4100,1
46529400137179,12:55:29.400,211.4100,2
46529401739410,12:55:29.401,211.4100,65
46529401774130,12:55:29.401,211.4100,35
46529402380874,12:55:29.402,211.4100,1
46571696321658,12:56:11.696,211.3700,1
46571696321658,12:56:11.696,211.3700,2
46571696321658,12:56:11.696,211.3700,11
46571696687013,12:56:11.696,211.3700,53
46571696690083,12:56:11.696,211.3700,47
46686115743417,12:58:06.115,211.6200,8
46686115743417,12:58:06.115,211.8000,92
46705224369814,12:58:25.224,211.4400,100
46705225799545,12:58:25.225,211.3400,2
46705225904591,12:58:25.225,211.3400,100
46705227868313,12:58:25.227,211.2500,79
46705228130563,12:58:25.228,211.1900,100
46705228215392,12:58:25.228,211.1500,100
46705378745547,12:58:25.378,211.3300,2
46729773679425,12:58:49.773,211.3300,98
46765308449676,12:59:25.308,211.4400,1
46789272618354,12:59:49.272,211.0500,3
46814564142662,13:00:14.564,211.0400,100
46814564142662,13:00:14.564,211.0200,100
46814564142662,13:00:14.564,211.0200,10
46814564142662,13:00:14.564,211.0200,100
46814564142662,13:00:14.564,211.0200,2
46814564142662,13:00:14.564,211.0200,14
46814564142662,13:00:14.564,211.0200,185
46814565603608,13:00:14.565,210.9100,100
47153633236986,13:05:53.633,210.8000,100
47153633544826,13:05:53.633,210.9800,10
47153633577595,13:05:53.633,211.0100,20
47256111061667,13:07:36.111,210.6900,4
47256111061667,13:07:36.111,210.6900,2
47256112081629,13:07:36.112,210.6800,100
47256112081629,13:07:36.112,210.6800,100
47256112111866,13:07:36.112,210.6700,100
47257119662227,13:07:37.119,210.4900,100
47257119696759,13:07:37.119,210.4900,100
47257119696759,13:07:37.119,210.4900,2
47298834584681,13:08:18.834,210.5700,1
47315503703339,13:08:35.503,210.4900,530
47315503703339,13:08:35.503,210.0400,100
47315503703339,13:08:35.503,210.0300,100
47315503703339,13:08:35.503,210.0200,100
47315503703339,13:08:35.503,210.0200,100
47315503703339,13:08:35.503,210.0200,2
47315503703339,13:08:35.503,210.0200,1
47315503703339,13:08:35.503,210.0000,3
47450021181726,13:10:50.021,209.6900,1
47455499900957,13:10:55.499,209.6800,1
47455821934567,13:10:55.821,209.6800,99
47455821934567,13:10:55.821,209.6800,1
47465602132649,13:11:05.602,209.6800,1
47465602161085,13:11:05.602,209.6800,98
47465602161085,13:11:05.602,209.6800,2
47465602161085,13:11:05.602,209.6800,100
47465602161085,13:11:05.602,209.6800,3
47465602161085,13:11:05.602,209.6800,10
47465602195179,13:11:05.602,209.6700,100
47471969303953,13:11:11.969,209.5800,1
47471969346500,13:11:11.969,209.5800,99
47473037275885,13:11:13.037,209.3800,100
47477494762920,13:11:17.494,209.3800,1
47515877839183,13:11:55.877,208.8000,1
47515877839183,13:11:55.877,208.7900,45
47701195015724,13:15:01.195,209.2100,100
47842119611256,13:17:22.119,209.0700,3
47842119611256,13:17:22.119,209.0600,97
47842120199967,13:17:22.120,209.0600,3
47842120199967,13:17:22.120,209.0600,100
47842120231211,13:17:22.120,209.0500,3
47848164013705,13:17:28.164,208.8300,2
47848164013705,13:17:28.164,208.8000,48
47973006189981,13:19:33.006,208.7900,10
47973006219019,13:19:33.006,208.7900,33
47973006219019,13:19:33.006,208.7900,100
47973006219019,13:19:33.006,208.7900,1
47973006219019,13:19:33.006,208.7900,3
47973006268711,13:19:33.006,208.7900,100
47973006272339,13:19:33.006,208.7900,11
47973006272339,13:19:33.006,208.7800,89
47973006280469,13:19:33.006,208.7800,5
47973006290546,13:19:33.006,208.7800,6
47973006290546,13:19:33.006,208.7800,5
47973006290546,13:19:33.006,208.7700,1
47973006290546,13:19:33.006,208.7700,9
47973006294034,13:19:33.006,208.7700,50
47973006304669,13:19:33.006,208.7700,1
47973006329629,13:19:33.006,208.7600,5
47973006332373,13:19:33.006,208.7500,10
48004246190771,13:20:04.246,209.0300,8
48044561846011,13:20:44.561,208.7300,2
48044561846011,13:20:44.561,208.7000,1
48044561846011,13:20:44.561,208.6900,1
48044561846011,13:20:44.561,208.6400,5
48044561846011,13:20:44.561,208.6200,1
48044561846011,13:20:44.561,208.6100,5
48044561846011,13:20:44.561,208.6100,1
48044561846011,13:20:44.561,208.6000,1
48044561846011,13:20:44.561,208.5700,10
48044561846011,13:20:44.561,208.5600,5
48044563117930,13:20:44.563,208.5400,68
48063569175355,13:21:03.569,208.6500,12
48150064122184,13:22:30.064,208.5400,15
48153890802521,13:22:33.890,208.8700,1
48170259506469,13:22:50.259,208.8700,99
48170259506469,13:22:50.259,208.8700,1
48179487820365,13:22:59.487,208.5400,17
48179487820365,13:22:59.487,208.5400,2
48179487820365,13:22:59.487,208.5200,1
48179487820365,13:22:59.487,208.4900,1
48179487820365,13:22:59.487,208.4700,5
48179487820365,13:22:59.487,208.4700,74
48235311292480,13:23:55.311,208.4600,5
48235311292480,13:23:55.311,208.4600,6
48237647657379,13:23:57.647,208.5000,74
48275339889627,13:24:35.339,208.4600,6
48276475340236,13:24:36.475,208.4500,100
48298526313207,13:24:58.526,208.7200,24
48314271954661,13:25:14.271,208.4300,5
48314271954661,13:25:14.271,208.4200,1
48314271954661,13:25:14.271,208.4100,5
48314271954661,13:25:14.271,208.4100,3
48314271954661,13:25:14.271,208.3900,1
48314271954661,13:25:14.271,208.3800,5
48314271954661,13:25:14.271,208.3700,5
48314271954661,13:25:14.271,208.3600,10
48314271954661,13:25:14.271,208.3500,5
48314271954661,13:25:14.271,208.3400,1
48314271954661,13:25:14.271,208.3300,10
48314271954661,13:25:14.271,208.3300,100
48314271954661,13:25:14.271,208.3300,10
48314271954661,13:25:14.271,208.3300,29
48314271954661,13:25:14.271,208.3300,3
48314271954661,13:25:14.271,208.3300,100
48314271954661,13:25:14.271,208.3100,5
48314271954661,13:25:14.271,208.3000,10
48314277521011,13:25:14.277,208.2900,1
48314277521011,13:25:14.277,208.2900,9
48314277521011,13:25:14.277,208.2900,25
48314277521011,13:25:14.277,208.2900,73
48329202525285,13:25:29.202,208.2800,1
48329202525285,13:25:29.202,208.2700,2
48329202525285,13:25:29.202,208.2700,6
48329202525285,13:25:29.202,208.2500,2
48329202525285,13:25:29.202,208.2400,2
48329202525285,13:25:29.202,208.2300,1
48329202525285,13:25:29.202,208.2200,1
48329202525285,13:25:29.202,208.2200,9
48329202525285,13:25:29.202,208.2100,5
48329202525285,13:25:29.202,208.1900,5
48329202525285,13:25:29.202,208.1800,9
48329202525285,13:25:29.202,208.1800,1
48329202525285,13:25:29.202,208.1700,5
48329202525285,13:25:29.202,208.1600,1
48329202525285,13:25:29.202,208.1500,5
48329202525285,13:25:29.202,208.1400,5
48329202525285,13:25:29.202,208.1200,5
48329202525285,13:25:29.202,208.1100,2
48329202525285,13:25:29.202,208.1000,100
48329202525285,13:25:29.202,208.1000,100
48329202525285,13:25:29.202,208.1000,68
48329620686548,13:25:29.620,208.0600,1
48329621131799,13:25:29.621,208.0000,9
48329621133702,13:25:29.621,208.0000,20
48329621133702,13:25:29.621,208.0000,20
48329621148457,13:25:29.621,208.0000,1
48352760700705,13:25:52.760,207.9900,10
48352760862325,13:25:52.760,207.9700,1
48352761050914,13:25:52.761,207.9600,10
48352761118535,13:25:52.761,207.9500,10
48352761347597,13:25:52.761,207.9300,10
48352761347597,13:25:52.761,207.9100,10
48352761347597,13:25:52.761,207.9000,1
48352761347597,13:25:52.761,207.8900,10
48352761347597,13:25:52.761,207.8800,10
48352761418156,13:25:52.761,207.8700,10
48352761578619,13:25:52.761,207.8600,5
48352761950897,13:25:52.761,207.8500,1
48352761950897,13:25:52.761,207.8400,10
48352762364071,13:25:52.762,207.8200,2
48519843141377,13:28:39.843,207.9600,100
48519843141377,13:28:39.843,207.9600,100
48519843141377,13:28:39.843,207.9700,100
48519843178888,13:28:39.843,207.9700,15
48519843209097,13:28:39.843,207.9700,5
48519843209097,13:28:39.843,207.9700,21
48519843209097,13:28:39.843,207.9700,1
48519843789556,13:28:39.843,207.9800,11
48519843789556,13:28:39.843,207.9900,100
48519843789556,13:28:39.843,207.9900,87
48519844246233,13:28:39.844,207.9900,13
48519844246233,13:28:39.844,208.0000,87
48519844318078,13:28:39.844,208.0000,13
48519844318078,13:28:39.844,208.0300,100
48519844318078,13:28:39.844,208.0300,47
48519845489699,13:28:39.845,208.0400,35
48519845516441,13:28:39.845,208.0400,65
48519845992513,13:28:39.845,208.0700,100
48519846034205,13:28:39.846,208.0700,25
48519846060954,13:28:39.846,208.0700,35
48519846075194,13:28:39.846,208.0700,40
48519846159206,13:28:39.846,208.1300,100
48564066558518,13:29:24.066,208.0800,100
48564066612840,13:29:24.066,208.0800,100
48564066641311,13:29:24.066,208.0800,9
48564066641311,13:29:24.066,208.0800,4
48564066646497,13:29:24.066,208.0800,100
48564066646497,13:29:24.066,208.0800,24
48564066676290,13:29:24.066,208.0800,11
48564066723065,13:29:24.066,208.0800,11
48564066769598,13:29:24.066,208.0800,54
48564066838883,13:29:24.066,208.0700,11
48759252717316,13:32:39.252,208.1250,100
48895079539777,13:34:55.079,208.1300,10
48964032830450,13:36:04.032,208.1300,52
49131438616901,13:38:51.438,207.9300,12
49199433006422,13:39:59.433,208.1450,18
49253218154232,13:40:53.218,208.1450,22
49274063416537,13:41:14.063,208.1450,10
49305032728477,13:41:45.032,208.2800,20
49308688648974,13:41:48.688,208.2800,59
49314115599790,13:41:54.115,208.2800,100
49314115599790,13:41:54.115,208.2800,106
49314115599790,13:41:54.115,208.2800,13
49314115599790,13:41:54.115,208.2800,52
49314117824341,13:41:54.117,208.3800,20
49314117858730,13:41:54.117,208.3900,1
49314117858730,13:41:54.117,208.4000,23
49314117866434,13:41:54.117,208.4000,50
49314117895888,13:41:54.117,208.4000,27
49314117895888,13:41:54.117,208.4000,23
49314117927773,13:41:54.117,208.4000,1
49314117956748,13:41:54.117,208.3900,10
49314117956748,13:41:54.117,208.3800,90
49314117987213,13:41:54.117,208.3800,10
49314118155128,13:41:54.118,208.4000,76
49314118155128,13:41:54.118,208.4000,100
49314118849204,13:41:54.118,208.4100,15
49314118864511,13:41:54.118,208.3400,85
49314119105597,13:41:54.119,208.4600,1
49314119171421,13:41:54.119,208.4800,85
49314120028005,13:41:54.120,208.5100,100
49314120028005,13:41:54.120,208.5100,100
49314120066213,13:41:54.120,208.5300,31
49314120129291,13:41:54.120,208.5300,40
49314120136394,13:41:54.120,208.5300,29
49314122297448,13:41:54.122,208.4600,100
49314143881877,13:41:54.143,208.5000,17
49314143906282,13:41:54.143,208.5000,83
49314147191299,13:41:54.147,208.5400,15
49314147191299,13:41:54.147,208.5300,100
49314147592330,13:41:54.147,208.5400,100
49314322346675,13:41:54.322,208.5550,100
49315552817145,13:41:55.552,208.5500,100
49315552878192,13:41:55.552,208.5400,100
49315552901789,13:41:55.552,208.5400,47
49315553304974,13:41:55.553,208.5500,100
49315553494332,13:41:55.553,208.4700,4
49315553585991,13:41:55.553,208.4100,6
49315553795805,13:41:55.553,208.4700,100
49323576245940,13:42:03.576,208.5500,100
49323576282219,13:42:03.576,208.5500,3
49323576282219,13:42:03.576,208.5500,9
49323688550180,13:42:03.688,208.4800,100
49499571331039,13:44:59.571,208.7700,6
49499598621297,13:44:59.598,208.6200,100
49527405084237,13:45:27.405,208.9300,5
49527405084237,13:45:27.405,208.9300,85
49552881375713,13:45:52.881,208.9000,10
49612793200248,13:46:52.793,208.6100,1
49653146586788,13:47:33.146,208.6100,1
49653146586788,13:47:33.146,208.6100,3
49653146586788,13:47:33.146,208.6100,20
49653146586788,13:47:33.146,208.6000,10
49653146651806,13:47:33.146,208.6000,20
49713813505759,13:48:33.813,208.8400,1
49713813515856,13:48:33.813,208.8600,100
49713813675240,13:48:33.813,208.9100,5
49713813675240,13:48:33.813,208.9100,100
49752024850021,13:49:12.024,208.9300,11
49752024883191,13:49:12.024,209.0000,66
49777586400317,13:49:37.586,209.1000,12
49786048119660,13:49:46.048,208.7800,17
49786048184578,13:49:46.048,208.7800,32
49786048187208,13:49:46.048,208.7800,68
49786049613686,13:49:46.049,208.7600,3
49786049613686,13:49:46.049,208.7600,4
49786049613686,13:49:46.049,208.7600,3
49786049695952,13:49:46.049,208.7500,100
49786050087836,13:49:46.050,208.7500,40
49786050093639,13:49:46.050,208.7500,31
49786050107148,13:49:46.050,208.7500,11
49786052259822,13:49:46.052,208.6000,100
49856397391765,13:50:56.397,208.8900,100
49856397421859,13:50:56.397,208.9000,100
49882834962799,13:51:22.834,208.6100,3
49884452539687,13:51:24.452,208.8900,1
49962769992030,13:52:42.769,208.6700,3
49962770073316,13:52:42.770,208.6000,10
49962770073316,13:52:42.770,208.6000,10
49962770073316,13:52:42.770,208.6000,100
49962770073316,13:52:42.770,208.6000,37
49962770073316,13:52:42.770,208.6000,9
49977168701162,13:52:57.168,208.5300,1
49977168765216,13:52:57.168,208.5300,36
49977168803938,13:52:57.168,208.5300,17
49980504493743,13:53:00.504,208.4800,1
49980504799262,13:53:00.504,208.4600,1
49980504800533,13:53:00.504,208.4500,1
49980504808138,13:53:00.504,208.4500,3
49984462898068,13:53:04.462,208.4200,1
49984463783039,13:53:04.463,208.4200,100
49988401822135,13:53:08.401,208.4100,1
49995560563815,13:53:15.560,208.3900,1
49995560563815,13:53:15.560,208.3800,1
49995560563815,13:53:15.560,208.3100,2
49995560648590,13:53:15.560,208.3100,98
49995561342334,13:53:15.561,208.2700,2
50037251054945,13:53:57.251,208.2700,100
50037278554579,13:53:57.278,208.1900,1
50037278724022,13:53:57.278,208.3500,10
50049699968576,13:54:09.699,208.3500,10
50095637871914,13:54:55.637,208.5300,11
50095637876783,13:54:55.637,208.5300,10
50099764314762,13:54:59.764,208.6800,100
50120071496598,13:55:20.071,208.3900,1
50120071522809,13:55:20.071,208.3900,99
50120071522809,13:55:20.071,208.3900,3
50120071843067,13:55:20.071,208.2900,35
50149184451709,13:55:49.184,208.5800,100
50226503267139,13:57:06.503,208.6300,15
50296758031996,13:58:16.758,208.2100,3
50296758055325,13:58:16.758,208.2100,100
50296758099468,13:58:16.758,208.2000,1
50296758099468,13:58:16.758,208.1700,100
50296758099468,13:58:16.758,208.1700,34
50296758099468,13:58:16.758,208.1700,3
50296758111687,13:58:16.758,208.1300,1
50296758111687,13:58:16.758,208.1200,1
50296758111687,13:58:16.758,208.1100,1
50296759784787,13:58:16.759,208.0100,1
50296760847461,13:58:16.760,207.9800,1
50296761921153,13:58:16.761,207.9000,1
50296793038195,13:58:16.793,208.1500,34
50296793878579,13:58:16.793,208.2100,16
50369559819899,13:59:29.559,208.0000,1
50402712969460,14:00:02.712,207.6600,100
50413351467367,14:00:13.351,208.0800,50
50413351467367,14:00:13.351,208.0800,50
50447596087773,14:00:47.596,207.6600,100
50447596087773,14:00:47.596,207.6600,4
50774096261190,14:06:14.096,207.6800,117
50830577102086,14:07:10.577,207.3100,1
50859744719529,14:07:39.744,207.3900,100
50864430567602,14:07:44.430,207.3900,3
50864430567602,14:07:44.430,207.3900,24
50864430567602,14:07:44.430,207.3900,30
50864430567602,14:07:44.430,207.3900,43
50864430598138,14:07:44.430,207.3900,57
50864430598138,14:07:44.430,207.3900,5
50864430600769,14:07:44.430,207.3900,62
50864430622147,14:07:44.430,207.3900,100
50864430665428,14:07:44.430,207.3900,38
50864430881345,14:07:44.430,207.3800,8
50868124366156,14:07:48.124,207.3000,10
50868124366156,14:07:48.124,207.3000,41
50868124366156,14:07:48.124,207.2600,149
50878601320967,14:07:58.601,207.7100,1
50909827596436,14:08:29.827,207.6600,100
50911279666289,14:08:31.279,207.6700,100
50912137376743,14:08:32.137,207.6700,100
50912137406644,14:08:32.137,207.6800,100
50912137406644,14:08:32.137,207.6800,100
50912137445968,14:08:32.137,207.6700,40
50912137449489,14:08:32.137,207.6700,21
50912137501593,14:08:32.137,207.6700,39
50912176165478,14:08:32.176,207.7300,100
50989933963628,14:09:49.933,207.7200,1
51001353059555,14:10:01.353,207.8400,100
51001353089212,14:10:01.353,207.8300,100
51001353125384,14:10:01.353,207.8100,2
51001353125384,14:10:01.353,207.8000,20
51001353206293,14:10:01.353,207.8400,100
51001353779388,14:10:01.353,207.7200,2
51001353855994,14:10:01.353,207.7100,100
51024579828249,14:10:24.579,207.5700,100
51024579902364,14:10:24.579,207.5700,17
51026985509392,14:10:26.985,207.5700,83
51033355911694,14:10:33.355,207.4800,1
51033355941230,14:10:33.355,207.4800,16
51033356003908,14:10:33.356,207.4800,32
51033356022814,14:10:33.356,207.3400,30
51033356022814,14:10:33.356,207.2800,80
51033356036100,14:10:33.356,207.4800,68
51090173229990,14:11:30.173,207.5800,30
51094439219616,14:11:34.439,207.6800,100
51147652686923,14:12:27.652,207.6800,1
51148205393936,14:12:28.205,207.6800,100
51148205560470,14:12:28.205,207.7500,20
51148205587426,14:12:28.205,207.7500,80
51148205587426,14:12:28.205,207.7500,11
51148205587426,14:12:28.205,207.7500,100
51148205620931,14:12:28.205,207.7600,100
51181336281537,14:13:01.336,207.3200,1
51181336281537,14:13:01.336,207.3200,10
51181336281537,14:13:01.336,207.3200,5
51181336281537,14:13:01.336,207.3200,3
51181336396239,14:13:01.336,207.3200,16
51181336398721,14:13:01.336,207.3200,84
51208073880838,14:13:28.073,207.1500,1
51234852041768,14:13:54.852,207.6700,100
51234853092913,14:13:54.853,207.6800,100
51234853769281,14:13:54.853,207.7700,100
51234853801054,14:13:54.853,207.7700,100
51234853973355,14:13:54.853,207.7700,100
51235014302431,14:13:55.014,207.8600,100
51235014302431,14:13:55.014,207.8600,100
51235015170361,14:13:55.015,207.9300,100
51235015577452,14:13:55.015,208.0200,1
51235015603100,14:13:55.015,208.0200,99
51235015642418,14:13:55.015,208.0800,1
51235015642418,14:13:55.015,208.2100,4
51235015802315,14:13:55.015,208.0500,100
51235051163100,14:13:55.051,208.0800,100
51238875334832,14:13:58.875,208.0800,1
51306997857821,14:15:06.997,207.4900,1
51319668421622,14:15:19.668,207.4800,1
51319668499465,14:15:19.668,207.6500,15
51319668499465,14:15:19.668,207.6500,23
51319670072631,14:15:19.670,207.8200,100
51319670465394,14:15:19.670,207.6500,100
51340920336026,14:15:40.920,208.4600,1
51361711363774,14:16:01.711,208.4600,11
51458158468657,14:17:38.158,208.2400,100
51476849578398,14:17:56.849,208.2300,1
51501969747465,14:18:21.969,208.3300,109
51541722810245,14:19:01.722,208.2400,3
51541722810245,14:19:01.722,208.2400,128
51541722810245,14:19:01.722,208.2400,4
51541722854002,14:19:01.722,208.2300,46
51541722854002,14:19:01.722,208.2300,12
51541722857868,14:19:01.722,208.2300,11
51541722857868,14:19:01.722,208.2300,3
51541722877314,14:19:01.722,208.2200,20
51566444949082,14:19:26.444,207.6400,1
51599255522043,14:19:59.255,208.1800,100
51607322962022,14:20:07.322,207.6400,6
51607322962022,14:20:07.322,207.6400,2
51607323084041,14:20:07.323,207.6400,50
51607323087221,14:20:07.323,207.6400,50
51631006084991,14:20:31.006,207.5500,1
51654154159340,14:20:54.154,207.9800,9
51654157735514,14:20:54.157,207.9800,10
51665140387126,14:21:05.140,207.9800,1
51665140387126,14:21:05.140,207.9800,100
51665140387126,14:21:05.140,207.9800,100
51696791330866,14:21:36.791,208.4900,100
51696791330866,14:21:36.791,208.4900,100
51696791330866,14:21:36.791,208.4900,71
51748870042462,14:22:28.870,208.5200,100
51748870677501,14:22:28.870,208.6100,49
51751916081421,14:22:31.916,208.6000,38
51774360951970,14:22:54.360,208.3900,100
51789347108304,14:23:09.347,208.3800,1
51795819459358,14:23:15.819,208.3800,4
51802380279855,14:23:22.380,208.2900,100
51802380279855,14:23:22.380,208.2900,2
51802380279855,14:23:22.380,208.2900,98
51802380390433,14:23:22.380,208.2900,2
51802380390433,14:23:22.380,208.2800,10
51810075406477,14:23:30.075,208.1500,1
51845087098749,14:24:05.087,208.1500,15
51859508817109,14:24:19.508,208.3800,10
51859508817109,14:24:19.508,208.4000,90
51859508846439,14:24:19.508,208.4000,10
51859508956081,14:24:19.508,208.4000,100
51859509178955,14:24:19.509,208.4000,100
51867099138720,14:24:27.099,208.5500,100
51867099144756,14:24:27.099,208.5800,100
51892861635945,14:24:52.861,208.1000,1
51907432135008,14:25:07.432,208.2000,100
51908723495500,14:25:08.723,208.1900,100
51920394335044,14:25:20.394,208.1900,2
51920394335044,14:25:20.394,208.1900,98
51920394363615,14:25:20.394,208.1900,2
51920394363615,14:25:20.394,208.1900,5
51920394363615,14:25:20.394,208.1900,5
51920394363615,14:25:20.394,208.1900,78
51935152638031,14:25:35.152,207.9900,1
51975917822956,14:26:15.917,208.2000,1
52016082867835,14:26:56.082,208.6900,100
52016082945137,14:26:56.082,208.6900,78
52016082979874,14:26:56.082,208.6900,22
52016083620554,14:26:56.083,208.8300,100
52016083649713,14:26:56.083,208.8400,100
52016083687649,14:26:56.083,208.8400,100
52031255826177,14:27:11.255,209.2800,6
52031300805123,14:27:11.300,209.2800,6
52048484301075,14:27:28.484,209.0500,89
52060029947358,14:27:40.029,208.7300,3
52060029947358,14:27:40.029,208.7100,3
52060029947358,14:27:40.029,208.7100,94
52060029998719,14:27:40.029,208.7100,100
52060030027469,14:27:40.030,208.7100,6
52060030027469,14:27:40.030,208.7000,100
52060030027469,14:27:40.030,208.7000,100
52060030027469,14:27:40.030,208.7000,94
52060030053325,14:27:40.030,208.7000,6
52060030053325,14:27:40.030,208.7000,24
52060030058380,14:27:40.030,208.7000,6
52060030063670,14:27:40.030,208.7000,6
52060030073523,14:27:40.030,208.7000,4
52060030074065,14:27:40.030,208.7000,10
52060030093465,14:27:40.030,208.7000,6
52060030181615,14:27:40.030,208.7000,6
52060035084157,14:27:40.035,208.7000,88
52060035084157,14:27:40.035,208.7000,12
52134374682172,14:28:54.374,209.2700,20
52205517125766,14:30:05.517,209.2200,4
52224866943473,14:30:24.866,209.2200,10
52259145610178,14:30:59.145,209.2200,11
52289162025437,14:31:29.162,208.6600,25
52289162025437,14:31:29.162,208.6400,100
52289162025437,14:31:29.162,208.6200,75
52289162056351,14:31:29.162,208.6200,25
52289162056351,14:31:29.162,208.6200,100
52289162056351,14:31:29.162,208.6200,5
52289162104039,14:31:29.162,208.6200,38
52289162161600,14:31:29.162,208.6100,100
52289162190536,14:31:29.162,208.6000,10
52289162498064,14:31:29.162,208.5800,8
52289165371544,14:31:29.165,208.5800,20
52289186288414,14:31:29.186,208.5100,20
52289187062828,14:31:29.187,208.5200,100
52289187438880,14:31:29.187,208.5100,2
52289187463306,14:31:29.187,208.5100,8
52325218595382,14:32:05.218,208.3300,100
52325218595382,14:32:05.218,208.3300,1
52325218595382,14:32:05.218,208.3300,4
52325219410141,14:32:05.219,208.3200,100
52341347392542,14:32:21.347,208.2500,100
52456657127713,14:34:16.657,207.9700,100
52456657178673,14:34:16.657,207.9600,1
52456657178673,14:34:16.657,207.9600,51
52456657178673,14:34:16.657,207.9600,48
52456657190808,14:34:16.657,207.9600,52
52456657190808,14:34:16.657,207.9600,16
52456657190808,14:34:16.657,207.9600,5
52518675476100,14:35:18.675,207.9100,100
52541888886987,14:35:41.888,207.9100,2
52541888886987,14:35:41.888,207.9100,8
52541888886987,14:35:41.888,207.9100,71
52541888886987,14:35:41.888,207.9100,19
52541888924541,14:35:41.888,207.9100,10
52541888953225,14:35:41.888,207.9000,100
52541900848705,14:35:41.900,207.8700,100
52541900848705,14:35:41.900,207.8700,100
52561862656038,14:36:01.862,207.9600,100
52586610777105,14:36:26.610,207.8400,72
52590992532589,14:36:30.992,207.8400,72
52624879890012,14:37:04.879,207.8400,27
52624879890012,14:37:04.879,207.8400,71
52624879890012,14:37:04.879,207.8400,3
52624879890012,14:37:04.879,207.8400,100
52624879890012,14:37:04.879,207.8400,5
52628807331034,14:37:08.807,207.8400,1
52647011970605,14:37:27.011,207.8900,100
52647011970605,14:37:27.011,207.8900,100
52647012733976,14:37:27.012,208.0400,100
52647012781461,14:37:27.012,208.0900,100
52647012781461,14:37:27.012,208.0900,11
52647013093091,14:37:27.013,208.1000,100
52647013208348,14:37:27.013,208.1000,7
52647013212193,14:37:27.013,208.1000,93
52647013212193,14:37:27.013,208.1000,100
52647014023087,14:37:27.014,208.2100,100
52647014094234,14:37:27.014,208.4100,60
52647014361331,14:37:27.014,208.2100,35
52647014377149,14:37:27.014,208.2100,65
52665248371237,14:37:45.248,208.4100,40
52676397871440,14:37:56.397,208.3300,100
52709377862726,14:38:29.377,208.3300,1
52727293735839,14:38:47.293,208.1300,1
52727293735839,14:38:47.293,208.1300,2
52832289765756,14:40:32.289,208.5600,11
52832289992335,14:40:32.289,208.6000,9
52953201814173,14:42:33.201,208.6100,75
52953201814173,14:42:33.201,208.6100,100
52953719682082,14:42:33.719,208.7600,100
52953719705029,14:42:33.719,208.7600,100
52953990686783,14:42:33.990,208.7700,100
53034482096466,14:43:54.482,209.3400,1
53098574343939,14:44:58.574,209.3400,38
53122428191732,14:45:22.428,209.3400,5
53151662186976,14:45:51.662,209.3200,7
53252222423665,14:47:32.222,209.3100,100
53252222454863,14:47:32.222,209.3300,10
53252222454863,14:47:32.222,209.3300,5
53252222724857,14:47:32.222,209.3500,100
53252222724857,14:47:32.222,209.3500,100
53252222724857,14:47:32.222,209.3500,59
53252222763587,14:47:32.222,209.3500,41
53317162271168,14:48:37.162,209.8300,47
53317162271168,14:48:37.162,209.8300,43
53325684016961,14:48:45.684,209.8300,57
53325684016961,14:48:45.684,209.8300,11
53325684016961,14:48:45.684,209.8400,32
53331018695448,14:48:51.018,209.6900,80
53331018695448,14:48:51.018,209.6600,100
53331018695448,14:48:51.018,209.6500,100
53331018695448,14:48:51.018,209.6500,100
53331018695448,14:48:51.018,209.6500,20
53331020147055,14:48:51.020,209.7000,15
53331020147055,14:48:51.020,209.6500,80
53331020147055,14:48:51.020,209.6500,5
53331020173081,14:48:51.020,209.6500,95
53331020238082,14:48:51.020,209.6400,100
53331020245511,14:48:51.020,209.5100,17
53331020245511,14:48:51.020,209.5000,100
53331020245511,14:48:51.020,209.4900,13
53331020799905,14:48:51.020,209.6500,37
53331020801192,14:48:51.020,209.6500,63
53331022158877,14:48:51.022,209.6400,100
53331023367388,14:48:51.023,209.6400,100
53331301576175,14:48:51.301,209.4600,4
53412264600843,14:50:12.264,210.0300,90
53412264600843,14:50:12.264,210.0500,10
53687173816142,14:54:47.173,210.0500,1
53687173823256,14:54:47.173,210.0600,48
53687173859896,14:54:47.173,210.0600,2
53687173874370,14:54:47.173,210.0600,50
53687173874370,14:54:47.173,210.0600,50
53687173883148,14:54:47.173,210.0600,50
53687173912548,14:54:47.173,210.0500,100
53702685510706,14:55:02.685,210.5100,100
53705636242283,14:55:05.636,211.0100,25
53705636242283,14:55:05.636,210.5100,75
53705637940812,14:55:05.637,210.5100,50
53714050646367,14:55:14.050,210.5000,100
53714050646367,14:55:14.050,210.5000,10
53714050646367,14:55:14.050,210.5000,4
53714050646367,14:55:14.050,210.5000,7
53714053468602,14:55:14.053,210.4800,25
53770098403103,14:56:10.098,210.3700,1
53770098403103,14:56:10.098,210.3700,3
53772055656458,14:56:12.055,209.9800,14
53772055656458,14:56:12.055,209.9800,1
53772055687745,14:56:12.055,210.0100,100
53772055789589,14:56:12.055,209.8700,100
53772055947238,14:56:12.055,209.8700,100
53772056170379,14:56:12.056,209.8300,100
53772056303416,14:56:12.056,209.6200,1
53772056303416,14:56:12.056,209.6100,1
53772056303416,14:56:12.056,209.6000,2
53772056303416,14:56:12.056,209.5900,1
53772056646121,14:56:12.056,209.5800,4
53772059086373,14:56:12.059,209.8400,88
53772059090737,14:56:12.059,209.8400,12
53860144968393,14:57:40.144,210.4900,5
54093873534273,15:01:33.873,209.9600,4
54117780294960,15:01:57.780,209.9200,1
54128890109639,15:02:08.890,209.9200,91
54128890138245,15:02:08.890,209.9200,8
54128890138245,15:02:08.890,209.9200,100
54128890138245,15:02:08.890,209.9200,1
54128890138245,15:02:08.890,209.9200,4
54128890273389,15:02:08.890,209.9200,44
54300201376205,15:05:00.201,209.7900,3
54300201376205,15:05:00.201,209.7900,57
54300203514201,15:05:00.203,209.7900,50
54300203514201,15:05:00.203,209.7900,10
54300203514201,15:05:00.203,209.7900,40
54300203514201,15:05:00.203,209.7900,36
54301078593096,15:05:01.078,209.7900,50
54301078593096,15:05:01.078,209.7900,1
54301078593096,15:05:01.078,209.7800,49
54301989220737,15:05:01.989,209.7800,10
54301989220737,15:05:01.989,209.7800,4
54301989220737,15:05:01.989,209.7800,1
54326332780759,15:05:26.332,209.7800,5
54333839125406,15:05:33.839,209.7800,10
54357616388931,15:05:57.616,209.7800,35
54357890616609,15:05:57.890,209.6400,1
54357890616609,15:05:57.890,209.6400,5
54358127595022,15:05:58.127,209.8000,100
54358128100388,15:05:58.128,209.6800,10
54358128240296,15:05:58.128,209.8000,10
54358128500343,15:05:58.128,209.8200,100
54358128587021,15:05:58.128,209.8200,100
54358128908964,15:05:58.128,209.8200,4
54388498566510,15:06:28.498,209.9700,100
54388498566510,15:06:28.498,209.9700,100
54389344113239,15:06:29.344,209.9700,100
54389344113239,15:06:29.344,209.9700,47
54389344113239,15:06:29.344,209.9700,200
54389344155133,15:06:29.344,209.9800,100
54389344155133,15:06:29.344,209.9800,100
54653333619373,15:10:53.333,210.2300,1
54657117325915,15:10:57.117,210.2200,27
54875527226378,15:14:35.527,210.1800,5
54875527226378,15:14:35.527,210.1800,85
54908399171747,15:15:08.399,210.1800,5
54908399171747,15:15:08.399,210.1600,8
54908399171747,15:15:08.399,210.1500,10
54908399171747,15:15:08.399,210.1500,77
54908399220586,15:15:08.399,210.1500,23
54908399220586,15:15:08.399,210.1500,3
54908399220586,15:15:08.399,210.1500,41
54908399220586,15:15:08.399,210.1500,1
54908399247722,15:15:08.399,210.1500,100
54908399284637,15:15:08.399,210.1500,84
54908399300186,15:15:08.399,210.1500,16
54910819878276,15:15:10.819,210.1000,44
54911046380927,15:15:11.046,210.1000,5
54947413958134,15:15:47.413,210.0900,10
54947413958134,15:15:47.413,210.0900,22
54947413958134,15:15:47.413,210.0800,68
54947414006706,15:15:47.414,210.0800,32
54947414006706,15:15:47.414,210.0800,5
54947414006706,15:15:47.414,210.0800,6
54960933309305,15:16:00.933,210.0000,1
55044242199468,15:17:24.242,209.7200,37
55129015495785,15:18:49.015,210.1600,6
55300304966065,15:21:40.304,209.8800,5
55302683903281,15:21:42.683,209.7500,4
55380296289711,15:23:00.296,210.0400,1
55380296289711,15:23:00.296,210.0400,1
55380296289711,15:23:00.296,210.0500,100
55380296289711,15:23:00.296,210.0500,88
55380296296013,15:23:00.296,210.0500,12
55380296296013,15:23:00.296,210.0500,11
55380296296013,15:23:00.296,210.0500,99
55380296360068,15:23:00.296,210.0500,1
55380296981689,15:23:00.296,210.1200,10
55380296981689,15:23:00.296,210.1200,18
55380297011099,15:23:00.297,210.1200,82
55382260359765,15:23:02.260,210.1100,5
55514107208435,15:25:14.107,210.4200,5
55514107208435,15:25:14.107,210.4200,95
55514107235059,15:25:14.107,210.4200,5
55514107749037,15:25:14.107,210.4300,100
55514107749037,15:25:14.107,210.4300,100
55514107749037,15:25:14.107,210.4300,100
55514107749037,15:25:14.107,210.4300,100
55514107749037,15:25:14.107,210.4300,100
55514107749037,15:25:14.107,210.4300,1
55514108038802,15:25:14.108,210.3400,15
55514108038802,15:25:14.108,210.3400,15
55514108126791,15:25:14.108,210.4400,100
55586039272774,15:26:26.039,210.1500,71
55586039409277,15:26:26.039,210.1500,100
55586039762515,15:26:26.039,210.1200,13
55586039840957,15:26:26.039,210.1100,10
55586039840957,15:26:26.039,210.1100,2
55586040244839,15:26:26.040,210.1000,100
55586040246793,15:26:26.040,210.1000,100
55586040247440,15:26:26.040,210.1000,100
55586040255415,15:26:26.040,210.1000,100
55586040263540,15:26:26.040,210.1000,100
55586040264158,15:26:26.040,210.1000,100
55586040266299,15:26:26.040,210.1000,100
55586040270404,15:26:26.040,210.1000,100
55586040289315,15:26:26.040,210.1000,4
55586040312466,15:26:26.040,210.1000,76
55586040320054,15:26:26.040,210.1000,24
55586040326549,15:26:26.040,210.1000,61
55586040362112,15:26:26.040,210.1000,96
55586040378649,15:26:26.040,210.1000,39
55586040410743,15:26:26.040,210.0900,4
55586040432128,15:26:26.040,210.0900,4
55586040453593,15:26:26.040,210.0900,88
55586040538497,15:26:26.040,210.0900,4
55586040557372,15:26:26.040,209.9800,10
55586040633647,15:26:26.040,210.1000,61
55586040642876,15:26:26.040,209.9700,100
55763518147781,15:29:23.518,209.5700,5
55763518147781,15:29:23.518,209.5400,2
55763518147781,15:29:23.518,209.5400,10
55763518147781,15:29:23.518,209.5400,2
55763518147781,15:29:23.518,209.5400,81
55763518192186,15:29:23.518,209.5400,19
55763518192186,15:29:23.518,209.5300,18
55763518202481,15:29:23.518,209.5300,30
55763518906907,15:29:23.518,209.5300,52
55799791019987,15:29:59.791,209.6700,100
55799791054038,15:29:59.791,209.6800,100
55799791117957,15:29:59.791,209.6900,100
55799791117957,15:29:59.791,209.6900,100
55799791168162,15:29:59.791,209.8300,98
55799791173366,15:29:59.791,209.8300,2
55799792805104,15:29:59.792,210.0700,1
55833963572238,15:30:33.963,209.7250,3
55934972427618,15:32:14.972,210.0000,16
55938275120872,15:32:18.275,210.0100,8
55938275145967,15:32:18.275,210.0100,92
55938275145967,15:32:18.275,210.0100,100
55938275485567,15:32:18.275,210.0100,100
55938276086282,15:32:18.276,210.0700,20
55938276086282,15:32:18.276,210.0700,5
55938276086282,15:32:18.276,210.1000,1
55938276086282,15:32:18.276,210.1200,1
55938276644512,15:32:18.276,210.0100,10
55938363126149,15:32:18.363,210.0000,100
56270420371435,15:37:50.420,209.8200,2
56275554091236,15:37:55.554,209.7800,19
56275554091236,15:37:55.554,209.7800,64
56275554091236,15:37:55.554,209.7800,98
56275554091236,15:37:55.554,209.7700,19
56275554091236,15:37:55.554,209.7700,100
56275554160412,15:37:55.554,209.7600,10
56275554160412,15:37:55.554,209.7600,2
56275554160412,15:37:55.554,209.7500,100
56275554296322,15:37:55.554,209.7700,100
56275556125516,15:37:55.556,209.6200,59
56275556276174,15:37:55.556,209.6200,41
56277289159116,15:37:57.289,209.6400,100
56277289159116,15:37:57.289,209.6400,62
56277289223892,15:37:57.289,209.6400,38
56277289223892,15:37:57.289,209.6400,62
56277289231762,15:37:57.289,209.6400,38
56277290333771,15:37:57.290,209.7700,100
56641502666467,15:44:01.502,209.8700,4
56643821809500,15:44:03.821,209.8700,10
56678352094018,15:44:38.352,209.7400,10
56681544732171,15:44:41.544,210.0400,100
56752980725205,15:45:52.980,210.0800,1
56752980725205,15:45:52.980,210.0900,100
56752980725205,15:45:52.980,210.0900,99
56752980797280,15:45:52.980,210.0900,1
56752980797280,15:45:52.980,210.0900,3
56752980797280,15:45:52.980,210.1000,100
56752980799130,15:45:52.980,210.1000,68
56752981289235,15:45:52.981,210.1000,16
56752989616337,15:45:52.989,210.2100,1
56752990566593,15:45:52.990,210.2100,9
56752990566593,15:45:52.990,210.2100,9
56752990844469,15:45:52.990,210.2300,1
56754957522422,15:45:54.957,210.2500,5
56754957522422,15:45:54.957,210.2800,95
56861388988433,15:47:41.388,210.0600,100
56861388988433,15:47:41.388,210.0600,23
56861388988433,15:47:41.388,210.0600,77
56861389014571,15:47:41.389,210.0600,23
56861389014571,15:47:41.389,210.0600,77
56861389257797,15:47:41.389,210.0600,100
56861394044198,15:47:41.394,210.0000,13
56861394044198,15:47:41.394,209.9400,100
56861394044198,15:47:41.394,209.9300,87
56861394090386,15:47:41.394,209.9300,13
56861394090386,15:47:41.394,209.9300,78
56861394118857,15:47:41.394,209.9300,22
56861394138146,15:47:41.394,209.9300,22
56861398009350,15:47:41.398,209.9200,100
56960789230699,15:49:20.789,209.7400,100
56974054970922,15:49:34.054,210.0000,1
57018165999897,15:50:18.165,209.7400,5
57018166076619,15:50:18.166,209.7400,1
57018166076619,15:50:18.166,209.7400,4
57018166076619,15:50:18.166,209.7400,100
57018618697786,15:50:18.618,209.7300,10
57018618697786,15:50:18.618,209.7300,1
57022819636094,15:50:22.819,209.7300,100
57022819964287,15:50:22.819,209.7300,100
57023772623714,15:50:23.772,209.7200,61
57023772623714,15:50:23.772,209.7200,100
57023772732454,15:50:23.772,209.7200,12
57023772867322,15:50:23.772,209.7200,88
57031431784390,15:50:31.431,209.5800,54
57031431810625,15:50:31.431,209.5900,100
57032770459155,15:50:32.770,209.6600,3
57032770459155,15:50:32.770,209.6600,7
57032770459155,15:50:32.770,209.6700,90
57032770496691,15:50:32.770,209.6700,10
57032770496691,15:50:32.770,209.6700,37
57032770496691,15:50:32.770,209.6800,100
57032771682092,15:50:32.771,209.7600,100
57032771682092,15:50:32.771,209.7600,100
57032771721588,15:50:32.771,209.8200,11
57032771724741,15:50:32.771,209.9000,73
57032774496754,15:50:32.774,209.8600,100
57088269097218,15:51:28.269,209.6300,2
57116360869443,15:51:56.360,209.6500,1
57175874971871,15:52:55.874,209.6500,25
57210971349083,15:53:30.971,209.6300,5
57235720260074,15:53:55.720,209.6800,52
57256043574018,15:54:16.043,209.8900,6
57258653154815,15:54:18.653,209.6700,100
57265612141076,15:54:25.612,209.8900,100
57284320957501,15:54:44.320,209.7600,70
57284320957501,15:54:44.320,209.7600,2
57284320957501,15:54:44.320,209.7600,16
57284320957501,15:54:44.320,209.7600,62
57284320959676,15:54:44.320,209.7600,38
57284320959676,15:54:44.320,209.7600,3
57284320959676,15:54:44.320,209.7600,9
57284320960560,15:54:44.320,209.7600,7
57284320960560,15:54:44.320,209.7600,10
57284322099280,15:54:44.322,209.7500,17
57284322197402,15:54:44.322,209.7500,49
57284322969739,15:54:44.322,209.8000,15
57284322969739,15:54:44.322,209.8000,23
57284322969739,15:54:44.322,209.8000,39
57284322969739,15:54:44.322,209.8000,77
57284352329253,15:54:44.352,209.6900,10
57284447744983,15:54:44.447,209.6800,6
57284451007465,15:54:44.451,209.6700,100
57284451440482,15:54:44.451,209.6600,77
57284687190567,15:54:44.687,209.5800,10
57285050739436,15:54:45.050,209.6800,20
57285050739436,15:54:45.050,209.6800,23
57285050739436,15:54:45.050,209.6800,1
57285050866769,15:54:45.050,209.6800,76
57285050866769,15:54:45.050,209.6800,1
57285372366568,15:54:45.372,209.5700,5
57292219273532,15:54:52.219,209.5700,69
57300139803090,15:55:00.139,209.6600,100
57300277015639,15:55:00.277,209.7300,100
57300277015639,15:55:00.277,209.7300,19
57300277019272,15:55:00.277,209.7300,81
57300277019272,15:55:00.277,209.7600,100
57300277019272,15:55:00.277,209.7600,100
57300277019272,15:55:00.277,209.9100,1
57300277019272,15:55:00.277,209.9200,1
57300277019272,15:55:00.277,209.9600,1
57300281613056,15:55:00.281,209.9700,1
57300282135003,15:55:00.282,209.9800,1
57300572214515,15:55:00.572,209.7300,5
57307070890384,15:55:07.070,209.7500,28
57359913905104,15:55:59.913,209.9300,28
57359913905104,15:55:59.913,209.9300,72
57360014969482,15:56:00.014,209.9600,100
57360014969482,15:56:00.014,209.9600,34
57360015039278,15:56:00.015,209.9600,66
57360015039278,15:56:00.015,209.9600,100
57360015072276,15:56:00.015,209.9800,100
57360015199271,15:56:00.015,210.0100,1
57360015199271,15:56:00.015,210.0100,100
57360015239941,15:56:00.015,210.0300,1
57360015518685,15:56:00.015,209.9600,77
57382066670149,15:56:22.066,209.9900,1
57382066673266,15:56:22.066,210.0000,2
57382066679025,15:56:22.066,210.0200,1
57382066679025,15:56:22.066,210.0400,1
57382192360121,15:56:22.192,209.9800,25
57382845808258,15:56:22.845,210.0500,1
57382845808258,15:56:22.845,210.0500,56
57382845836563,15:56:22.845,210.0500,44
57382845836563,15:56:22.845,210.0500,80
57382845836563,15:56:22.845,210.0500,100
57382845836563,15:56:22.845,210.0500,84
57382845878423,15:56:22.845,210.0700,1
57382845878423,15:56:22.845,210.0700,1
57382845886230,15:56:22.845,210.0800,1
57382845886230,15:56:22.845,210.0900,1
57409619766500,15:56:49.619,210.1000,1
57409620539747,15:56:49.620,210.1300,1
57409621280579,15:56:49.621,210.1500,1
57409621280579,15:56:49.621,210.1500,1
57409622251048,15:56:49.622,210.1600,96
57411352429473,15:56:51.352,210.0100,1
57413376582686,15:56:53.376,210.0100,5
57434977233653,15:57:14.977,210.0100,5
57439304898461,15:57:19.304,210.1700,100
57450977489521,15:57:30.977,210.0100,5
57452870493593,15:57:32.870,210.1800,1
57452870599020,15:57:32.870,210.0800,30
57470639250813,15:57:50.639,210.1200,1
57470639250813,15:57:50.639,210.1200,99
57471378156266,15:57:51.378,210.0650,5
57480913470306,15:58:00.913,210.1200,39
57487172972696,15:58:07.172,210.1200,1
57488978701500,15:58:08.978,210.0200,5
57491856682791,15:58:11.856,210.1400,30
57497132874952,15:58:17.132,210.1700,2
57505236071604,15:58:25.236,210.1700,2
57507979319174,15:58:27.979,210.1400,5
57508784138496,15:58:28.784,210.1400,89
57508784138496,15:58:28.784,210.0800,11
57510502452940,15:58:30.502,210.2000,1
57510502479735,15:58:30.502,210.2000,70
57510502579608,15:58:30.502,210.2000,46
57510502579608,15:58:30.502,210.2200,100
57510502579608,15:58:30.502,210.2200,100
57510502579608,15:58:30.502,210.2200,54
57510502618788,15:58:30.502,210.2200,46
57510504316842,15:58:30.504,210.2200,1
57511512400151,15:58:31.512,210.2400,1
57517603876031,15:58:37.603,210.2600,2
57524381253827,15:58:44.381,210.1800,100
57524979642705,15:58:44.979,210.1800,27
57525709575594,15:58:45.709,210.2600,1
57532816321166,15:58:52.816,210.2600,2
57537121336124,15:58:57.121,210.1800,12
57537152114344,15:58:57.152,210.1800,1
57537792487817,15:58:57.792,210.1800,3
57539096885465,15:58:59.096,210.2600,1
57541181411637,15:59:01.181,210.1800,5
57543306927331,15:59:03.306,210.2600,28
57543306927331,15:59:03.306,210.2700,23
57544352791995,15:59:04.352,210.2600,86
57545738799561,15:59:05.738,210.1800,1
57545742210897,15:59:05.742,210.1800,3
57545742210897,15:59:05.742,210.1800,83
57546021301650,15:59:06.021,210.1900,65
57546021301650,15:59:06.021,210.1900,4
57546689572355,15:59:06.689,210.2600,88
57547607270415,15:59:07.607,210.2600,2
57548003302354,15:59:08.003,210.1800,1
57549346501644,15:59:09.346,210.2600,100
57550118364886,15:59:10.118,210.1800,15
57550118364886,15:59:10.118,210.1800,59
57550118364886,15:59:10.118,210.1800,26
57553794608614,15:59:13.794,210.1800,100
57554097878409,15:59:14.097,210.2700,1
57554645860412,15:59:14.645,210.2700,76
57554645860412,15:59:14.645,210.2700,24
57555822275010,15:59:15.822,210.2700,76
57555822275010,15:59:15.822,210.2700,14
57555822300916,15:59:15.822,210.2700,9
57558669667593,15:59:18.669,210.2700,15
57560078970747,15:59:20.078,210.2700,2
57561689589027,15:59:21.689,210.2700,37
57565122928301,15:59:25.122,210.2700,2
57570380246954,15:59:30.380,210.2000,5
57570549179470,15:59:30.549,210.3000,4
57570549179470,15:59:30.549,210.3200,3
57574747928247,15:59:34.747,210.2000,24
57575796462908,15:59:35.796,210.2000,100
57576689183211,15:59:36.689,210.3000,90
57578197538253,15:59:38.197,210.2000,100
57578197775981,15:59:38.197,210.2000,100
57578580364482,15:59:38.580,210.2000,5
57580211504866,15:59:40.211,210.2000,30
57580211504866,15:59:40.211,210.1800,70
57580622855908,15:59:40.622,210.1800,17
57580667081442,15:59:40.667,210.1800,32
57580798431025,15:59:40.798,210.3200,4
57581007935255,15:59:41.007,210.1800,31
57581200214799,15:59:41.200,210.1800,24
57581200214799,15:59:41.200,210.1800,58
57581200214799,15:59:41.200,210.1800,18
57581257292449,15:59:41.257,210.1800,50
57581257292449,15:59:41.257,210.1800,43
57584151396275,15:59:44.151,210.3200,17
57592491996244,15:59:52.491,210.2900,81
57593065877742,15:59:53.065,210.1100,43
57593317740585,15:59:53.317,210.2900,19
57593317740585,15:59:53.317,210.2900,42
57595209546740,15:59:55.209,210.1600,1
57595770604124,15:59:55.770,210.1700,99
57595770604124,15:59:55.770,210.1300,100
57595770604124,15:59:55.770,210.1200,1
57597093844501,15:59:57.093,210.1200,6
57598822375983,15:59:58.822,210.2400,200
57599003556065,15:59:59.003,210.1200,93
57599003556065,15:59:59.003,210.1200,7
57599225197632,15:59:59.225,210.1200,63
57599904742063,15:59:59.904,210.2700,200
57599954796160,15:59:59.954,210.1200,30
57599954796160,15:59:59.954,210.1200,70
57600406299001,16:00:00.406,210.2200,522
57600406299001,16:00:00.406,210.2200,12531
