timestamp,time,price,volume
34200563907637,09:30:00.563,0.0000,0
34347517786465,09:32:27.517,46.3400,100
34450867848280,09:34:10.867,46.3500,100
34534467262637,09:35:34.467,46.2700,1
34893769130751,09:41:33.769,46.2300,100
35079910666892,09:44:39.910,46.2600,100
35079910701355,09:44:39.910,46.2600,100
35079910714901,09:44:39.910,46.2600,100
35201443328031,09:46:41.443,46.2700,100
35201443335109,09:46:41.443,46.2800,40
35201443335109,09:46:41.443,46.2800,60
35585025123640,09:53:05.025,46.2500,58
35585025526446,09:53:05.025,46.2500,42
35585026037851,09:53:05.026,46.2500,100
35585026037851,09:53:05.026,46.2500,100
35629318709763,09:53:49.318,46.2500,100
35629318734333,09:53:49.318,46.2500,100
35630012409887,09:53:50.012,46.3100,55
35669021643990,09:54:29.021,46.2900,100
35669021643990,09:54:29.021,46.2800,100
35669021643990,09:54:29.021,46.2800,100
35669021643990,09:54:29.021,46.2800,100
35669021643990,09:54:29.021,46.2800,100
35669021697750,09:54:29.021,46.2800,200
35833323004085,09:57:13.323,46.2600,100
35833323004085,09:57:13.323,46.2600,100
35880688123634,09:58:00.688,46.2900,5
35880688134138,09:58:00.688,46.2900,22
35880688136535,09:58:00.688,46.2900,73
35880688136535,09:58:00.688,46.2900,22
35880688137507,09:58:00.688,46.2900,78
35880690612038,09:58:00.690,46.3000,1
35880690612038,09:58:00.690,46.3000,11
35891784191544,09:58:11.784,46.3100,1
36113221186181,10:01:53.221,46.4200,5
36113222769534,10:01:53.222,46.4200,200
36113515748988,10:01:53.515,46.4200,100
36113515773110,10:01:53.515,46.4200,100
36113515773110,10:01:53.515,46.4200,100
36113516282328,10:01:53.516,46.4200,100
36113516282328,10:01:53.516,46.4200,100
36113516282328,10:01:53.516,46.4200,100
36146791818020,10:02:26.791,46.4300,100
36146791818020,10:02:26.791,46.4300,5
36146791818020,10:02:26.791,46.4300,100
36146791818020,10:02:26.791,46.4300,108
36146791834459,10:02:26.791,46.4300,187
36146791836448,10:02:26.791,46.4300,133
36146791837961,10:02:26.791,46.4300,69
36146791862789,10:02:26.791,46.4300,90
36146791869950,10:02:26.791,46.4300,21
36166690181835,10:02:46.690,46.4100,65
36166690264157,10:02:46.690,46.4100,35
36166779275504,10:02:46.779,46.3800,100
36190452015747,10:03:10.452,46.3900,100
36427330975845,10:07:07.330,46.5000,100
36427330975845,10:07:07.330,46.5000,100
36427988326608,10:07:07.988,46.5200,100
36427988351744,10:07:07.988,46.5200,60
36488499930682,10:08:08.499,46.5600,11
36814375100454,10:13:34.375,46.5600,100
36814375100454,10:13:34.375,46.5600,6
36814375100454,10:13:34.375,46.5600,100
36814375100454,10:13:34.375,46.5600,2
36814375100454,10:13:34.375,46.5600,44
36814375100454,10:13:34.375,46.5600,108
37089980600203,10:18:09.980,46.5500,100
37089980600203,10:18:09.980,46.5500,16
37089983731243,10:18:09.983,46.5600,100
37136502793201,10:18:56.502,46.5400,4
37136502793201,10:18:56.502,46.5400,96
37136502821178,10:18:56.502,46.5400,4
37236092771371,10:20:36.092,46.5200,100
37276170334182,10:21:16.170,46.5400,10
37276170334182,10:21:16.170,46.5400,5
37276185729124,10:21:16.185,46.5500,100
37276185729124,10:21:16.185,46.5500,5
37283522366825,10:21:23.522,46.5700,5
37285149539028,10:21:25.149,46.5700,25
37285149567974,10:21:25.149,46.5700,70
37537221314211,10:25:37.221,46.5400,4
37537221979752,10:25:37.221,46.5400,100
37537223369121,10:25:37.223,46.5400,100
37537550998151,10:25:37.550,46.5400,100
37543031677255,10:25:43.031,46.5400,100
37543032256391,10:25:43.032,46.5300,100
37543033422692,10:25:43.033,46.5200,100
37551012363296,10:25:51.012,46.5000,100
37551012399015,10:25:51.012,46.5000,6
37561006038387,10:26:01.006,46.5100,6
37681526218401,10:28:01.526,46.5500,100
37708410817206,10:28:28.410,46.5800,100
37777601352717,10:29:37.601,46.6000,100
37780768902072,10:29:40.768,46.6000,100
37780768902072,10:29:40.768,46.6000,100
37832242234618,10:30:32.242,46.6300,6
37845287096697,10:30:45.287,46.6300,5
37892423712437,10:31:32.423,46.6200,100
37892423963961,10:31:32.423,46.6100,5
37935150747338,10:32:15.150,46.6400,100
37945017873120,10:32:25.017,46.6500,100
37996184798088,10:33:16.184,46.6500,100
38068527270285,10:34:28.527,46.6500,10
38068527270285,10:34:28.527,46.6500,61
38068527278018,10:34:28.527,46.6500,39
38068527278018,10:34:28.527,46.6500,100
38163392122813,10:36:03.392,46.6600,20
38163392146627,10:36:03.392,46.6600,10
38165393653599,10:36:05.393,46.6700,100
38166071139215,10:36:06.071,46.6600,100
38166661611270,10:36:06.661,46.6700,2
38166661635761,10:36:06.661,46.6700,98
38172033184902,10:36:12.033,46.6700,87
38172033202122,10:36:12.033,46.6700,13
38172033202122,10:36:12.033,46.6700,9
38174468685821,10:36:14.468,46.6500,37
38174468696172,10:36:14.468,46.6500,24
38174468740962,10:36:14.468,46.6500,39
38174468740962,10:36:14.468,46.6500,6
38189417318111,10:36:29.417,46.6400,100
38393774031960,10:39:53.774,46.7300,31
38393774063563,10:39:53.774,46.7300,69
38393774074043,10:39:53.774,46.7300,8
38403196410477,10:40:03.196,46.7200,100
38403196410477,10:40:03.196,46.7200,100
38403246902334,10:40:03.246,46.7200,100
38404071544962,10:40:04.071,46.7300,100
38480117019940,10:41:20.117,46.7100,100
38488134191513,10:41:28.134,46.7100,100
38550169213190,10:42:30.169,46.7300,10
38573724490316,10:42:53.724,46.7200,100
38815970269036,10:46:55.970,46.7300,100
38815970294881,10:46:55.970,46.7300,100
38815970294881,10:46:55.970,46.7300,2
38824267061730,10:47:04.267,46.7100,100
38890859158000,10:48:10.859,46.7300,100
38890859158000,10:48:10.859,46.7300,5
38921898752600,10:48:41.898,46.7600,100
38921899273276,10:48:41.899,46.7500,100
38922937943285,10:48:42.937,46.7400,3
38922937943285,10:48:42.937,46.7400,97
38922938005391,10:48:42.938,46.7400,3
38922938005391,10:48:42.938,46.7400,8
38922938005391,10:48:42.938,46.7400,100
39094750922404,10:51:34.750,46.7400,6
39120008567791,10:52:00.008,46.7400,10
39120008567791,10:52:00.008,46.7500,90
39120008648059,10:52:00.008,46.7500,4
39120008670381,10:52:00.008,46.7500,6
39154318428791,10:52:34.318,46.7400,100
39154318453733,10:52:34.318,46.7400,4
39154318453733,10:52:34.318,46.7400,32
39154318453733,10:52:34.318,46.7400,5
39155129719071,10:52:35.129,46.7200,100
39199260892216,10:53:19.260,46.7300,21
39221959274905,10:53:41.959,46.7100,100
39221959274905,10:53:41.959,46.7100,7
39228790074941,10:53:48.790,46.6800,15
39228790082560,10:53:48.790,46.6800,5
39228790100182,10:53:48.790,46.6800,80
39228790100182,10:53:48.790,46.6800,100
39228793142848,10:53:48.793,46.6800,100
39233407281124,10:53:53.407,46.6800,100
39243512774224,10:54:03.512,46.6900,25
39243512798192,10:54:03.512,46.6900,75
39243512798192,10:54:03.512,46.6900,6
39243513330709,10:54:03.513,46.6900,100
39243513330709,10:54:03.513,46.6900,100
39248149450498,10:54:08.149,46.6800,100
39330686806027,10:55:30.686,46.6600,100
39336997715927,10:55:36.997,46.6600,100
39433711435883,10:57:13.711,46.6500,100
39465248841706,10:57:45.248,46.6600,24
39480705794426,10:58:00.705,46.6400,100
39480705794426,10:58:00.705,46.6400,100
39480705794426,10:58:00.705,46.6400,76
39480705794426,10:58:00.705,46.6400,11
39493807033258,10:58:13.807,46.6200,100
39526494525200,10:58:46.494,46.6200,100
39526498328290,10:58:46.498,46.6200,3
39526498328290,10:58:46.498,46.6200,13
39596635908319,10:59:56.635,46.6200,100
39630913507670,11:00:30.913,46.6100,5
39631052690806,11:00:31.052,46.6100,7
39631052690806,11:00:31.052,46.6100,9
39661553945683,11:01:01.553,46.5900,100
39661553945683,11:01:01.553,46.5900,12
39661553958100,11:01:01.553,46.5900,34
39661553958100,11:01:01.553,46.5900,14
39663576729798,11:01:03.576,46.6100,1
39663577021112,11:01:03.577,46.6100,100
39744272550937,11:02:24.272,46.6200,50
39744272550937,11:02:24.272,46.6500,50
39805226133754,11:03:25.226,46.6500,100
39878477058355,11:04:38.477,46.6400,55
39878477071517,11:04:38.477,46.6400,45
39878477071517,11:04:38.477,46.6400,1
39878477071517,11:04:38.477,46.6400,9
39878479693774,11:04:38.479,46.6300,100
39878482947278,11:04:38.482,46.6300,17
39930724547060,11:05:30.724,46.6100,100
39930730193328,11:05:30.730,46.6000,100
39930730193328,11:05:30.730,46.6100,100
39983765082200,11:06:23.765,46.5700,100
39983767799149,11:06:23.767,46.5600,100
39983767799149,11:06:23.767,46.5600,100
39984068459808,11:06:24.068,46.5600,100
39984997685943,11:06:24.997,46.5600,100
39985026604104,11:06:25.026,46.5500,100
39992525304306,11:06:32.525,46.5600,1
40008635654191,11:06:48.635,46.5600,100
40008647236395,11:06:48.647,46.5600,104
40008647250977,11:06:48.647,46.5600,31
40077097486810,11:07:57.097,46.5800,21
40077097486810,11:07:57.097,46.5800,179
40077097512179,11:07:57.097,46.5800,221
40082555808495,11:08:02.555,46.5900,40
40082556107797,11:08:02.556,46.5900,60
40083801531040,11:08:03.801,46.5800,100
40083801531040,11:08:03.801,46.5800,100
40100223520023,11:08:20.223,46.6000,31
40109067707779,11:08:29.067,46.6100,1
40181607191383,11:09:41.607,46.6000,11
40181608406463,11:09:41.608,46.5900,100
40181618819720,11:09:41.618,46.5800,100
40181655945725,11:09:41.655,46.5700,100
40181655945725,11:09:41.655,46.5700,100
40181693179659,11:09:41.693,46.5500,100
40303603458953,11:11:43.603,46.5700,20
40303603605440,11:11:43.603,46.5500,100
40394095262109,11:13:14.095,46.5500,100
40394095262109,11:13:14.095,46.5500,10
40394095262109,11:13:14.095,46.5500,60
40394100616318,11:13:14.100,46.5100,100
40452552797971,11:14:12.552,46.5100,12
40481463901476,11:14:41.463,46.5200,35
40481463921711,11:14:41.463,46.5200,65
40481463922307,11:14:41.463,46.5200,35
40481464019716,11:14:41.464,46.5200,2
40500495315508,11:15:00.495,46.5400,1
40582402672258,11:16:22.402,46.5400,110
40582404109825,11:16:22.404,46.5400,110
40582656714449,11:16:22.656,46.5400,80
40582656714449,11:16:22.656,46.5300,10
40582656714449,11:16:22.656,46.5300,10
40592822403944,11:16:32.822,46.5400,300
40699016690197,11:18:19.016,46.5800,100
40699016722548,11:18:19.016,46.5800,21
40737740149164,11:18:57.740,46.5950,11
40771721402871,11:19:31.721,46.5800,100
40771721427646,11:19:31.721,46.5800,56
40841569961540,11:20:41.569,46.5700,8
41118530278123,11:25:18.530,46.5900,59
41118530286911,11:25:18.530,46.5900,49
41118530294570,11:25:18.530,46.5900,49
41118530318419,11:25:18.530,46.5900,108
41118530481571,11:25:18.530,46.5900,49
41118530872493,11:25:18.530,46.5900,108
41118531003983,11:25:18.531,46.5900,108
41118531203643,11:25:18.531,46.5900,91
41118531857186,11:25:18.531,46.5900,108
41118656032906,11:25:18.656,46.5900,108
41118656431016,11:25:18.656,46.5900,56
41118656493104,11:25:18.656,46.5900,44
41118656493104,11:25:18.656,46.5900,19
41118657215548,11:25:18.657,46.5800,100
41118657215548,11:25:18.657,46.5800,8
41149070817304,11:25:49.070,46.6000,25
41149089928331,11:25:49.089,46.6100,19
41176558599973,11:26:16.558,46.6000,100
41176558599973,11:26:16.558,46.6000,3
41206861887513,11:26:46.861,46.6000,100
41206861952117,11:26:46.861,46.6000,100
41206862811515,11:26:46.862,46.6000,415
41241506558027,11:27:21.506,46.5700,11
41241508166233,11:27:21.508,46.5700,89
41241508166233,11:27:21.508,46.5700,111
41241508221022,11:27:21.508,46.5700,1
41241509155307,11:27:21.509,46.5700,76
41241509212228,11:27:21.509,46.5700,12
41241510523490,11:27:21.510,46.5700,15
41243447293785,11:27:23.447,46.5900,100
41245070772463,11:27:25.070,46.5700,100
41257219510367,11:27:37.219,46.5900,35
41437212078665,11:30:37.212,46.6100,100
41616229088175,11:33:36.229,46.6100,11
41616229088175,11:33:36.229,46.6100,43
41616229089302,11:33:36.229,46.6100,58
41670248904084,11:34:30.248,46.6300,5
41670248904084,11:34:30.248,46.6300,1
41670249341855,11:34:30.249,46.6300,100
41670249341855,11:34:30.249,46.6300,17
41670249361273,11:34:30.249,46.6300,83
41670249361273,11:34:30.249,46.6400,17
41670249361273,11:34:30.249,46.6400,17
41670249377532,11:34:30.249,46.6400,83
41670351054127,11:34:30.351,46.6400,100
41670358193723,11:34:30.358,46.6400,100
41686021799468,11:34:46.021,46.6300,100
41686021799468,11:34:46.021,46.6300,100
41686021799468,11:34:46.021,46.6300,100
41686021799468,11:34:46.021,46.6300,100
41790641792352,11:36:30.641,46.6100,8
41797110351688,11:36:37.110,46.6000,3
41897420693056,11:38:17.420,46.5800,17
41906602963721,11:38:26.602,46.5700,4
41927611079126,11:38:47.611,46.5800,100
42071192796704,11:41:11.192,46.6100,4
42071197189084,11:41:11.197,46.6100,96
42071197189084,11:41:11.197,46.6100,19
42071197189084,11:41:11.197,46.6100,21
42085477564021,11:41:25.477,46.5900,100
42094052079250,11:41:34.052,46.5800,100
42094052079250,11:41:34.052,46.5800,68
42094052090689,11:41:34.052,46.5800,32
42094062322048,11:41:34.062,46.5800,4
42096224567330,11:41:36.224,46.5800,2
42096224567330,11:41:36.224,46.5800,98
42096224593631,11:41:36.224,46.5800,2
42096225956803,11:41:36.225,46.5700,100
42162511103637,11:42:42.511,46.5400,57
42162511115557,11:42:42.511,46.5400,43
42162511115557,11:42:42.511,46.5400,67
42162511116523,11:42:42.511,46.5400,5
42187968037388,11:43:07.968,46.5400,100
42238005891878,11:43:58.005,46.5300,9
42269991881310,11:44:29.991,46.5350,123
42306926516041,11:45:06.926,46.5600,1
42323383422243,11:45:23.383,46.5600,36
42328389273351,11:45:28.389,46.5500,9
42421789070314,11:47:01.789,46.5700,10
42425256377146,11:47:05.256,46.5600,100
42425295733736,11:47:05.295,46.5500,100
42433343953200,11:47:13.343,46.5500,7
42433343953200,11:47:13.343,46.5500,1
42440816536826,11:47:20.816,46.5400,100
42441100972634,11:47:21.100,46.5400,100
42493082021987,11:48:13.082,46.5500,100
42495042752350,11:48:15.042,46.5500,44
42495049952107,11:48:15.049,46.5500,44
42509259448131,11:48:29.259,46.5500,100
42613435784991,11:50:13.435,46.5600,13
42613436733758,11:50:13.436,46.5700,100
42613436733758,11:50:13.436,46.5700,100
42613436733758,11:50:13.436,46.5700,49
42613441650459,11:50:13.441,46.5700,7
42618474565028,11:50:18.474,46.5800,17
42884591447580,11:54:44.591,46.6500,100
42884591483019,11:54:44.591,46.6500,51
42884592424095,11:54:44.592,46.6400,4
42955713986883,11:55:55.713,46.6200,100
42955713986883,11:55:55.713,46.6200,100
42955713986883,11:55:55.713,46.6200,100
43001718984846,11:56:41.718,46.6300,5
43003499537661,11:56:43.499,46.6200,5
43011191562489,11:56:51.191,46.6300,100
43025892875845,11:57:05.892,46.6400,19
43056359437599,11:57:36.359,46.6400,16
43115752854599,11:58:35.752,46.6300,7
43115752854599,11:58:35.752,46.6300,21
43131025700042,11:58:51.025,46.6100,100
43211868831515,12:00:11.868,46.6000,30
43214695452720,12:00:14.695,46.6100,5
43214695452720,12:00:14.695,46.6100,15
43214695479071,12:00:14.695,46.6100,85
43217666693805,12:00:17.666,46.6100,100
43478637899232,12:04:38.637,46.6700,100
43622710915838,12:07:02.710,46.7000,10
43622710956329,12:07:02.710,46.7000,9
43632745278242,12:07:12.745,46.7100,100
43801165049383,12:10:01.165,46.7200,1
43801165049383,12:10:01.165,46.7200,1
43807406457119,12:10:07.406,46.7100,100
44002329478759,12:13:22.329,46.7100,1
44002330423387,12:13:22.330,46.7000,100
44002330423387,12:13:22.330,46.7000,100
44002330481922,12:13:22.330,46.7000,17
44002330481922,12:13:22.330,46.7000,100
44002331495106,12:13:22.331,46.6900,5
44002332096314,12:13:22.332,46.6900,100
44012337107110,12:13:32.337,46.7000,100
44027602277263,12:13:47.602,46.7200,19
44027602277263,12:13:47.602,46.7200,5
44055401438968,12:14:15.401,46.7100,100
44055401515708,12:14:15.401,46.7100,5
44110286497340,12:15:10.286,46.6900,4
44110286497340,12:15:10.286,46.6900,58
44114988352133,12:15:14.988,46.6700,100
44218578268897,12:16:58.578,46.7100,14
44222507457340,12:17:02.507,46.7100,100
44249427463333,12:17:29.427,46.7100,100
44343045859439,12:19:03.045,46.7000,12
44389174278785,12:19:49.174,46.6900,100
44389174278785,12:19:49.174,46.6800,29
44389174306278,12:19:49.174,46.6800,71
44389174306278,12:19:49.174,46.6800,29
44415235590695,12:20:15.235,46.7000,1
44472102390191,12:21:12.102,46.6900,100
44619310733801,12:23:39.310,46.6600,1
44619310733801,12:23:39.310,46.6600,9
44619310733801,12:23:39.310,46.6600,7
44646531691251,12:24:06.531,46.6700,100
44646531719675,12:24:06.531,46.6700,100
44646531719675,12:24:06.531,46.6700,7
44646606051663,12:24:06.606,46.6700,100
44656771817318,12:24:16.771,46.6900,100
44657173583443,12:24:17.173,46.6900,100
44678461138743,12:24:38.461,46.6900,100
44685896227038,12:24:45.896,46.6900,100
44685896268461,12:24:45.896,46.6900,8
44700388745027,12:25:00.388,46.6700,100
44826317384312,12:27:06.317,46.6900,47
44933007129196,12:28:53.007,46.6800,4
45082007523385,12:31:22.007,46.6600,7
45082007523385,12:31:22.007,46.6600,93
45082011486266,12:31:22.011,46.6500,100
45082011486266,12:31:22.011,46.6500,100
45159476861314,12:32:39.476,46.6400,100
45159476861314,12:32:39.476,46.6400,100
45159476890554,12:32:39.476,46.6400,9
45193501742424,12:33:13.501,46.6300,100
45193501742424,12:33:13.501,46.6300,36
45193953344908,12:33:13.953,46.6200,2
45193953800108,12:33:13.953,46.6200,100
45193953800108,12:33:13.953,46.6200,96
45193954187634,12:33:13.954,46.6300,5
45270372064749,12:34:30.372,46.6400,100
45270372064749,12:34:30.372,46.6300,13
45270372064749,12:34:30.372,46.6300,20
45287195153691,12:34:47.195,46.6400,100
45316383624395,12:35:16.383,46.6300,32
45316383642354,12:35:16.383,46.6300,55
45318219482464,12:35:18.219,46.6200,18
45322824917021,12:35:22.824,46.6100,5
45322824917021,12:35:22.824,46.6100,3
45322824917021,12:35:22.824,46.6100,2
45340882286172,12:35:40.882,46.6200,100
45365542689130,12:36:05.542,46.6050,13
45367769632465,12:36:07.769,46.6100,100
45367769669907,12:36:07.769,46.6100,29
45372168276284,12:36:12.168,46.6300,1
45372169183955,12:36:12.169,46.6300,100
45372784801317,12:36:12.784,46.6300,100
45403036250410,12:36:43.036,46.6400,100
45444773730254,12:37:24.773,46.6700,200
45447569086933,12:37:27.569,46.6900,100
45447656036916,12:37:27.656,46.7000,1
45447656036916,12:37:27.656,46.7000,99
45448762188667,12:37:28.762,46.7000,100
45449731065549,12:37:29.731,46.7000,100
45540585990712,12:39:00.585,46.7000,100
45540771429734,12:39:00.771,46.6900,100
45540771429734,12:39:00.771,46.6900,51
45540771442738,12:39:00.771,46.6900,49
45552920303891,12:39:12.920,46.6800,96
45552920323669,12:39:12.920,46.6800,4
45560831811106,12:39:20.831,46.6700,100
45560831905031,12:39:20.831,46.6700,100
45596119663046,12:39:56.119,46.6700,100
45649095096355,12:40:49.095,46.6700,100
45653451080237,12:40:53.451,46.6900,62
45708675344866,12:41:48.675,46.7000,100
45842472220898,12:44:02.472,46.7200,5
45842472220898,12:44:02.472,46.7200,95
45842472256192,12:44:02.472,46.7200,25
45842472292545,12:44:02.472,46.7200,5
45881352902491,12:44:41.352,46.7000,100
45881353550580,12:44:41.353,46.6900,100
45903387119811,12:45:03.387,46.6800,100
45903387119811,12:45:03.387,46.6800,20
45903387119811,12:45:03.387,46.6800,80
45903387162301,12:45:03.387,46.6800,20
45970244533474,12:46:10.244,46.6700,20
45970244533474,12:46:10.244,46.6700,100
46017064284804,12:46:57.064,46.6900,1
46197862036122,12:49:57.862,46.7000,47
46197862036122,12:49:57.862,46.7000,30
46197862045419,12:49:57.862,46.7000,5
46197862048921,12:49:57.862,46.7000,5
46197862051520,12:49:57.862,46.7000,5
46202425255401,12:50:02.425,46.7100,13
46306862402555,12:51:46.862,46.7100,84
46306862408217,12:51:46.862,46.7100,16
46348386720051,12:52:28.386,46.7200,3
46360936708566,12:52:40.936,46.7100,100
46360936708566,12:52:40.936,46.7100,100
46387190576021,12:53:07.190,46.7100,100
46396636436787,12:53:16.636,46.7000,100
46396636436787,12:53:16.636,46.7000,100
46482644720501,12:54:42.644,46.7000,60
46482644720501,12:54:42.644,46.7000,12
46499594523088,12:54:59.594,46.6900,100
46526459811705,12:55:26.459,46.6800,36
46546105576703,12:55:46.105,46.6800,64
46546106096517,12:55:46.106,46.6800,100
46546106096517,12:55:46.106,46.6800,100
46587226501081,12:56:27.226,46.6700,5
46830192837753,13:00:30.192,46.6600,100
46830193102411,13:00:30.193,46.6600,100
46848207604507,13:00:48.207,46.6700,100
46848207604507,13:00:48.207,46.6700,100
46848207604507,13:00:48.207,46.6700,100
46848207967915,13:00:48.207,46.6700,100
46854721854334,13:00:54.721,46.6600,100
46854771220705,13:00:54.771,46.6600,100
46854771220705,13:00:54.771,46.6600,5
46862081244207,13:01:02.081,46.6700,11
46862081249523,13:01:02.081,46.6700,7
46862081249523,13:01:02.081,46.6700,10
46892935286297,13:01:32.935,46.6700,96
46892935298509,13:01:32.935,46.6700,4
46893133777051,13:01:33.133,46.6600,100
46893133777051,13:01:33.133,46.6600,100
46893133782319,13:01:33.133,46.6600,6
46893133789234,13:01:33.133,46.6600,94
46924522296919,13:02:04.522,46.6600,48
46924522305382,13:02:04.522,46.6600,26
46927951972159,13:02:07.951,46.6700,100
46927951972159,13:02:07.951,46.6700,100
46927951986576,13:02:07.951,46.6700,15
46927951989546,13:02:07.951,46.6700,85
46927951989546,13:02:07.951,46.6700,18
46927951995634,13:02:07.951,46.6700,82
46943669585595,13:02:23.669,46.6700,100
46970188834162,13:02:50.188,46.6700,100
46982340471446,13:03:02.340,46.6400,1
46982340471446,13:03:02.340,46.6400,9
46982340471446,13:03:02.340,46.6400,100
46982340504794,13:03:02.340,46.6300,1
46982344458186,13:03:02.344,46.6300,99
46989972930969,13:03:09.972,46.6300,100
46989972930969,13:03:09.972,46.6300,98
46989972944256,13:03:09.972,46.6300,2
46989972944256,13:03:09.972,46.6300,1
47016523926006,13:03:36.523,46.6300,100
47045438071829,13:04:05.438,46.6200,4
47051469658422,13:04:11.469,46.6300,100
47051469658422,13:04:11.469,46.6300,100
47080928227443,13:04:40.928,46.6600,100
47080928809385,13:04:40.928,46.6500,100
47080929481778,13:04:40.929,46.6500,100
47080929481778,13:04:40.929,46.6500,100
47080929481778,13:04:40.929,46.6500,49
47080932661144,13:04:40.932,46.6500,51
47080932661144,13:04:40.932,46.6500,99
47098250479020,13:04:58.250,46.6300,100
47098260889158,13:04:58.260,46.6100,5
47098260889158,13:04:58.260,46.6100,100
47098316650858,13:04:58.316,46.6100,100
47099968638282,13:04:59.968,46.6100,100
47141015792576,13:05:41.015,46.6300,100
47141015792576,13:05:41.015,46.6300,64
47141017983690,13:05:41.017,46.6200,100
47141017983690,13:05:41.017,46.6200,100
47326356518581,13:08:46.356,46.6100,100
47326356604475,13:08:46.356,46.6100,108
47326361569112,13:08:46.361,46.6000,2
47326361569112,13:08:46.361,46.6000,5
47419993751006,13:10:19.993,46.6300,1
47524153462277,13:12:04.153,46.6500,7
47524169771401,13:12:04.169,46.6500,100
47573207630342,13:12:53.207,46.6400,21
47578679305551,13:12:58.679,46.6400,79
47578679305551,13:12:58.679,46.6400,21
47578679332165,13:12:58.679,46.6400,54
47578679332165,13:12:58.679,46.6400,10
47589448437872,13:13:09.448,46.6400,100
47589448516085,13:13:09.448,46.6400,5
47595914472121,13:13:15.914,46.6300,100
47605022776980,13:13:25.022,46.6300,95
47605032450630,13:13:25.032,46.6200,100
47605032450630,13:13:25.032,46.6200,100
47605032450630,13:13:25.032,46.6200,100
47609729968523,13:13:29.729,46.6200,100
47718209330189,13:15:18.209,46.6100,100
47718209355527,13:15:18.209,46.6100,100
47718209355527,13:15:18.209,46.6100,6
47718209355527,13:15:18.209,46.6100,9
47870478216839,13:17:50.478,46.6000,4
47870478216839,13:17:50.478,46.6000,7
47870478216839,13:17:50.478,46.6000,5
47870478216839,13:17:50.478,46.6000,81
47870478216839,13:17:50.478,46.6000,3
47870478245801,13:17:50.478,46.6000,20
47876825881910,13:17:56.825,46.5900,5
47876825881910,13:17:56.825,46.5900,95
47891221944687,13:18:11.221,46.5900,5
47891221944687,13:18:11.221,46.5800,95
47891229636058,13:18:11.229,46.5900,100
47891238617831,13:18:11.238,46.5900,45
47899333811300,13:18:19.333,46.5800,100
47899333835912,13:18:19.333,46.5800,28
47906024693976,13:18:26.024,46.5700,1
47911464865290,13:18:31.464,46.5600,100
47913886133454,13:18:33.886,46.5600,8
47931615081496,13:18:51.615,46.5600,100
47931619986076,13:18:51.619,46.5700,100
47931620462366,13:18:51.620,46.5600,5
47931620608906,13:18:51.620,46.5600,92
47931620613484,13:18:51.620,46.5600,3
47931620613484,13:18:51.620,46.5600,5
47931620613484,13:18:51.620,46.5600,40
47931620619070,13:18:51.620,46.5600,48
47931620628822,13:18:51.620,46.5600,12
47948755919773,13:19:08.755,46.5500,2
47948755919773,13:19:08.755,46.5500,18
47948755919773,13:19:08.755,46.5500,100
47948755919773,13:19:08.755,46.5500,100
47948755919773,13:19:08.755,46.5500,200
47948756042676,13:19:08.756,46.5400,20
47948756042676,13:19:08.756,46.5400,100
47948756808868,13:19:08.756,46.5400,100
47949786932440,13:19:09.786,46.5500,100
47949786932440,13:19:09.786,46.5500,100
47949786932440,13:19:09.786,46.5500,100
47949786932440,13:19:09.786,46.5500,200
47983483095086,13:19:43.483,46.5500,100
47983483119926,13:19:43.483,46.5500,100
47983483119926,13:19:43.483,46.5500,100
47986348187347,13:19:46.348,46.5400,100
47986348187347,13:19:46.348,46.5400,100
47996945069092,13:19:56.945,46.5300,100
47996945069092,13:19:56.945,46.5300,20
47996945069092,13:19:56.945,46.5300,100
47996948354897,13:19:56.948,46.5200,20
48045753480704,13:20:45.753,46.5100,100
48045753480704,13:20:45.753,46.5100,10
48045753480704,13:20:45.753,46.5100,170
48045753480704,13:20:45.753,46.5100,5
48045753480704,13:20:45.753,46.5100,2
48070163637590,13:21:10.163,46.4900,20
48115234110027,13:21:55.234,46.4900,100
48130130083875,13:22:10.130,46.4800,10
48130130083875,13:22:10.130,46.4800,90
48130130113587,13:22:10.130,46.4800,10
48130130113587,13:22:10.130,46.4800,100
48130130113587,13:22:10.130,46.4800,10
48130130113587,13:22:10.130,46.4800,100
48130130113587,13:22:10.130,46.4800,100
48131030956615,13:22:11.030,46.5100,100
48131038990822,13:22:11.038,46.5000,100
48131039037584,13:22:11.039,46.5000,100
48131045465008,13:22:11.045,46.5000,100
48131045465008,13:22:11.045,46.5000,100
48131045465008,13:22:11.045,46.5000,100
48131045520226,13:22:11.045,46.5000,100
48131045542051,13:22:11.045,46.5000,100
48131045561830,13:22:11.045,46.5000,100
48131045615851,13:22:11.045,46.5000,100
48131045890830,13:22:11.045,46.5000,100
48131045904211,13:22:11.045,46.4900,100
48131045904211,13:22:11.045,46.4900,100
48131045904211,13:22:11.045,46.4900,100
48131155075100,13:22:11.155,46.5000,41
48131155086430,13:22:11.155,46.5000,48
48131155102530,13:22:11.155,46.5000,11
48131155153360,13:22:11.155,46.5100,200
48131207046838,13:22:11.207,46.5400,1
48131207071099,13:22:11.207,46.5400,99
48131275727663,13:22:11.275,46.5400,100
48131325839553,13:22:11.325,46.5400,100
48131325839553,13:22:11.325,46.5400,100
48131325930198,13:22:11.325,46.5300,100
48131325930198,13:22:11.325,46.5300,100
48131325930198,13:22:11.325,46.5300,100
48132237032527,13:22:12.237,46.5200,100
48132237032527,13:22:12.237,46.5200,200
48132237032527,13:22:12.237,46.5200,100
48132240756341,13:22:12.240,46.5400,100
48136000228141,13:22:16.000,46.5400,100
48136002387282,13:22:16.002,46.5400,100
48136002387282,13:22:16.002,46.5400,100
48136002696569,13:22:16.002,46.5500,100
48137394381775,13:22:17.394,46.5400,100
48137394381775,13:22:17.394,46.5400,95
48137394398733,13:22:17.394,46.5400,5
48137399243410,13:22:17.399,46.5200,2
48137405893496,13:22:17.405,46.5100,1
48137412141597,13:22:17.412,46.5000,10
48137416989972,13:22:17.416,46.5200,2
48142006684403,13:22:22.006,46.5000,100
48142006684403,13:22:22.006,46.5000,40
48142006692936,13:22:22.006,46.5000,48
48142006695914,13:22:22.006,46.5000,12
48169478555521,13:22:49.478,46.5200,98
48169478555521,13:22:49.478,46.5200,19
48169478565472,13:22:49.478,46.5200,81
48169478904348,13:22:49.478,46.5200,100
48169478904348,13:22:49.478,46.5200,100
48169478905957,13:22:49.478,46.5200,100
48169479151334,13:22:49.479,46.5100,130
48169479289840,13:22:49.479,46.5100,100
48169479344365,13:22:49.479,46.5100,100
48169479344365,13:22:49.479,46.5100,100
48169505719521,13:22:49.505,46.5100,100
48176874358871,13:22:56.874,46.5000,100
48176874358871,13:22:56.874,46.5000,100
48176874358871,13:22:56.874,46.5000,2
48176874418828,13:22:56.874,46.5000,98
48185989174587,13:23:05.989,46.4900,100
48185989174587,13:23:05.989,46.4900,200
48186036281306,13:23:06.036,46.4800,42
48186037503670,13:23:06.037,46.4800,58
48186592304130,13:23:06.592,46.4800,15
48214730173310,13:23:34.730,46.4800,85
48214730173310,13:23:34.730,46.4800,115
48214730175235,13:23:34.730,46.4800,95
48214730189529,13:23:34.730,46.4800,90
48214730200832,13:23:34.730,46.4800,100
48215481047529,13:23:35.481,46.4900,100
48224456359097,13:23:44.456,46.5000,100
48226051093706,13:23:46.051,46.5000,90
48229561899001,13:23:49.561,46.5000,56
48229561907999,13:23:49.561,46.5000,44
48229564803369,13:23:49.564,46.4900,100
48230970322502,13:23:50.970,46.4800,100
48280689973035,13:24:40.689,46.5200,100
48305003654993,13:25:05.003,46.5100,13
48305046153172,13:25:05.046,46.5000,100
48363856559533,13:26:03.856,46.4800,100
48363856586178,13:26:03.856,46.4800,9
48373640496417,13:26:13.640,46.4800,100
48488587792424,13:28:08.587,46.4900,100
48488587817522,13:28:08.587,46.4900,100
48488587817522,13:28:08.587,46.4900,7
48489465740882,13:28:09.465,46.4800,200
48489465740882,13:28:09.465,46.4800,100
48489465770252,13:28:09.465,46.4800,42
48530807443847,13:28:50.807,46.4700,1
48530807471574,13:28:50.807,46.4700,19
48530807471574,13:28:50.807,46.4700,100
48530807471574,13:28:50.807,46.4700,13
48530807471574,13:28:50.807,46.4700,100
48566354739527,13:29:26.354,46.4600,20
48566354739527,13:29:26.354,46.4600,80
48566354764846,13:29:26.354,46.4600,100
48566358161213,13:29:26.358,46.4500,20
48566358161213,13:29:26.358,46.4500,18
48566358188912,13:29:26.358,46.4500,62
48571906660134,13:29:31.906,46.4500,1
48603199718855,13:30:03.199,46.4600,100
48603199718855,13:30:03.199,46.4600,9
48603199718855,13:30:03.199,46.4600,91
48603199757303,13:30:03.199,46.4600,9
48613504911160,13:30:13.504,46.4800,100
48632213070133,13:30:32.213,46.4700,100
48632213093932,13:30:32.213,46.4700,100
48651675380770,13:30:51.675,46.4700,100
48651675415051,13:30:51.675,46.4700,96
48663394081476,13:31:03.394,46.4700,12
48663394081476,13:31:03.394,46.4700,95
48663394081476,13:31:03.394,46.4700,93
48663394119530,13:31:03.394,46.4700,7
48676995144714,13:31:16.995,46.4700,100
48676995995501,13:31:16.995,46.4700,100
48676996554955,13:31:16.996,46.4700,28
48676996832959,13:31:16.996,46.4700,72
48712316334174,13:31:52.316,46.4600,100
48772186413598,13:32:52.186,46.4700,100
48810365802804,13:33:30.365,46.4600,10
48817009538173,13:33:37.009,46.4500,100
48817009562275,13:33:37.009,46.4500,100
48830410156680,13:33:50.410,46.4400,10
48830410156680,13:33:50.410,46.4400,90
48830410182049,13:33:50.410,46.4400,100
48830410182049,13:33:50.410,46.4400,33
48831933409502,13:33:51.933,46.4300,3
48947838223647,13:35:47.838,46.4400,100
48947838223647,13:35:47.838,46.4400,8
48954086117690,13:35:54.086,46.4600,100
48956512352059,13:35:56.512,46.4800,100
48956512352059,13:35:56.512,46.4800,100
49030896080749,13:37:10.896,46.4900,100
49143082079202,13:39:03.082,46.4800,100
49143082103893,13:39:03.082,46.4800,95
49155615182736,13:39:15.615,46.4900,47
49155615244247,13:39:15.615,46.4900,53
49244417815484,13:40:44.417,46.5100,36
49244417879586,13:40:44.417,46.5100,64
49338307506291,13:42:18.307,46.5100,3
49338368373048,13:42:18.368,46.5000,100
49338368397697,13:42:18.368,46.5000,15
49338370005164,13:42:18.370,46.5000,100
49339558499703,13:42:19.558,46.5000,100
49444308705361,13:44:04.308,46.5300,1
49444308705361,13:44:04.308,46.5300,19
49444318327224,13:44:04.318,46.5300,8
49444318327224,13:44:04.318,46.5300,35
49445372729819,13:44:05.372,46.5300,85
49470103697165,13:44:30.103,46.5300,115
49470103697165,13:44:30.103,46.5300,100
49475673590309,13:44:35.673,46.5200,100
49475674339989,13:44:35.674,46.5100,24
49475674364616,13:44:35.674,46.5100,76
49561028524480,13:46:01.028,46.5200,5
49561028524480,13:46:01.028,46.5200,42
49561028534659,13:46:01.028,46.5200,58
49589812533153,13:46:29.812,46.5200,129
49598692798737,13:46:38.692,46.5100,100
49599733898697,13:46:39.733,46.5000,100
49599733898697,13:46:39.733,46.5000,100
49599734387006,13:46:39.734,46.5000,100
49599734387006,13:46:39.734,46.5000,100
49599734387006,13:46:39.734,46.5000,100
49599734387006,13:46:39.734,46.5000,100
49654384236258,13:47:34.384,46.5000,200
49654384408391,13:47:34.384,46.5000,11
49654385152096,13:47:34.385,46.5000,25
49654385152096,13:47:34.385,46.5000,100
49663645124413,13:47:43.645,46.5000,100
49663646441489,13:47:43.646,46.5100,100
49663646984505,13:47:43.646,46.5100,100
49664877820806,13:47:44.877,46.5200,100
49664877820806,13:47:44.877,46.5200,100
49670424340939,13:47:50.424,46.5200,200
49670424340939,13:47:50.424,46.5200,100
49670424340939,13:47:50.424,46.5200,100
49691637105188,13:48:11.637,46.5000,100
49691637487873,13:48:11.637,46.5000,200
49691637535906,13:48:11.637,46.5000,100
49691637535906,13:48:11.637,46.5000,100
49691638094500,13:48:11.638,46.5000,100
49691638094500,13:48:11.638,46.5000,100
49697123124358,13:48:17.123,46.5000,300
49697123124358,13:48:17.123,46.5000,100
49713597237471,13:48:33.597,46.5100,7
49713597237471,13:48:33.597,46.5100,93
49731327598123,13:48:51.327,46.5100,100
49731327759831,13:48:51.327,46.5100,100
49731327759831,13:48:51.327,46.5100,100
49731327759831,13:48:51.327,46.5100,100
49731328720903,13:48:51.328,46.5000,100
49731329266370,13:48:51.329,46.5000,200
49731329327133,13:48:51.329,46.5000,100
49731335360439,13:48:51.335,46.5100,100
49731335360439,13:48:51.335,46.5100,100
49735011413375,13:48:55.011,46.5200,100
49738001035584,13:48:58.001,46.5200,339
49738001054091,13:48:58.001,46.5200,26
49738001054091,13:48:58.001,46.5200,58
49738001064513,13:48:58.001,46.5200,42
49748010369643,13:49:08.010,46.5100,100
49748010369643,13:49:08.010,46.5100,200
49754023336612,13:49:14.023,46.5200,83
49757011062534,13:49:17.011,46.5300,99
49757013197063,13:49:17.013,46.5300,1
49757013582059,13:49:17.013,46.5300,100
49764010949664,13:49:24.010,46.5300,100
49784453477912,13:49:44.453,46.5100,94
49784453505792,13:49:44.453,46.5100,6
49784453505792,13:49:44.453,46.5100,100
49784453505792,13:49:44.453,46.5100,100
49784456531868,13:49:44.456,46.5000,16
49784475648973,13:49:44.475,46.5000,84
49784866640206,13:49:44.866,46.5000,100
49784866642319,13:49:44.866,46.5000,10
49784866656158,13:49:44.866,46.5000,190
49784866656158,13:49:44.866,46.4900,100
49784866656158,13:49:44.866,46.4900,100
49784867031826,13:49:44.867,46.4900,100
49784867053201,13:49:44.867,46.4900,100
49784867068624,13:49:44.867,46.4900,29
49784867075552,13:49:44.867,46.4900,71
49784867075552,13:49:44.867,46.4900,100
49791698429839,13:49:51.698,46.5000,100
49796011980630,13:49:56.011,46.5100,100
49796012341565,13:49:56.012,46.5100,100
49800136886266,13:50:00.136,46.5100,100
49811009767564,13:50:11.009,46.5000,100
49811009802424,13:50:11.009,46.5000,21
49814705204288,13:50:14.705,46.5200,16
49818153376333,13:50:18.153,46.5300,1
49829488934429,13:50:29.488,46.5300,39
49829489059849,13:50:29.489,46.5300,100
49829490371383,13:50:29.490,46.5200,100
49829490371383,13:50:29.490,46.5200,100
49829490371383,13:50:29.490,46.5200,100
49829491034899,13:50:29.491,46.5200,61
49832013725303,13:50:32.013,46.5000,21
49832013725303,13:50:32.013,46.5000,79
49832013737964,13:50:32.013,46.5000,21
49832014378287,13:50:32.014,46.5000,100
49832035724289,13:50:32.035,46.5000,100
49846009282028,13:50:46.009,46.5200,100
49873975504014,13:51:13.975,46.5300,117
49882672200982,13:51:22.672,46.5200,100
49882672200982,13:51:22.672,46.5200,300
49882673081548,13:51:22.673,46.5200,100
49882675321409,13:51:22.675,46.5200,100
49886922089891,13:51:26.922,46.5100,100
49886922089891,13:51:26.922,46.5100,100
49896758091326,13:51:36.758,46.5000,100
49907807242570,13:51:47.807,46.5000,200
49913213410332,13:51:53.213,46.5000,200
49913213410332,13:51:53.213,46.5000,100
49915212408467,13:51:55.212,46.4900,55
49915212467255,13:51:55.212,46.4900,45
49917567907274,13:51:57.567,46.4900,100
49928580452382,13:52:08.580,46.5000,100
49928580452382,13:52:08.580,46.5000,13
49947014570451,13:52:27.014,46.4800,2
49953667701892,13:52:33.667,46.4800,93
49953667701892,13:52:33.667,46.4800,100
49954917463030,13:52:34.917,46.4800,100
49961745293855,13:52:41.745,46.4700,100
49966470116922,13:52:46.470,46.4900,100
49968029087288,13:52:48.029,46.5000,66
49968029087288,13:52:48.029,46.5000,100
49968029087288,13:52:48.029,46.5000,100
49968901890902,13:52:48.901,46.5100,100
49968901890902,13:52:48.901,46.5100,100
49968960592094,13:52:48.960,46.4900,200
50083663264836,13:54:43.663,46.5100,100
50083663361298,13:54:43.663,46.5100,100
50083663361298,13:54:43.663,46.5100,8
50084510857355,13:54:44.510,46.5100,100
50084511246843,13:54:44.511,46.5000,100
50084511246843,13:54:44.511,46.5000,100
50084512578638,13:54:44.512,46.5000,100
50104757752638,13:55:04.757,46.5000,100
50104761371532,13:55:04.761,46.5000,100
50105395604815,13:55:05.395,46.4900,100
50154995572419,13:55:54.995,46.4900,89
50154995723509,13:55:54.995,46.4900,11
50168389451821,13:56:08.389,46.4800,100
50168389451821,13:56:08.389,46.4800,100
50168389451821,13:56:08.389,46.4800,100
50172304209576,13:56:12.304,46.4700,11
50172304209576,13:56:12.304,46.4700,89
50172304282554,13:56:12.304,46.4700,11
50172304282554,13:56:12.304,46.4700,100
50173816775388,13:56:13.816,46.4700,10
50220743857908,13:57:00.743,46.4800,8
50220743857908,13:57:00.743,46.4800,50
50220744012655,13:57:00.744,46.4800,48
50220744109772,13:57:00.744,46.4800,2
50220744109772,13:57:00.744,46.4800,8
50234069529396,13:57:14.069,46.4800,100
50234069529396,13:57:14.069,46.4800,100
50234073239186,13:57:14.073,46.4700,100
50234073239186,13:57:14.073,46.4700,6
50238158411506,13:57:18.158,46.4600,59
50238159010160,13:57:18.159,46.4600,41
50238159010160,13:57:18.159,46.4600,100
50238160586143,13:57:18.160,46.4600,100
50245396025245,13:57:25.396,46.4700,100
50245396025245,13:57:25.396,46.4700,52
50251355506775,13:57:31.355,46.4700,100
50280846509429,13:58:00.846,46.4800,100
50291515444856,13:58:11.515,46.4900,5
50291515444856,13:58:11.515,46.4900,100
50291515444856,13:58:11.515,46.4900,6
50291516727116,13:58:11.516,46.4900,1
50332049837536,13:58:52.049,46.4500,100
50332049837536,13:58:52.049,46.4500,100
50332049837536,13:58:52.049,46.4500,100
50332049837536,13:58:52.049,46.4500,57
50332049851987,13:58:52.049,46.4500,43
50340862588839,13:59:00.862,46.4500,1
50340862639852,13:59:00.862,46.4400,100
50340862639852,13:59:00.862,46.4400,50
50340862639852,13:59:00.862,46.4400,89
50340862639852,13:59:00.862,46.4400,100
50340865465529,13:59:00.865,46.4400,1
50340865465529,13:59:00.865,46.4400,1
50340880065007,13:59:00.880,46.4400,1
50359750040181,13:59:19.750,46.4500,1
50385582108781,13:59:45.582,46.4600,100
50385582108781,13:59:45.582,46.4600,90
50388166058625,13:59:48.166,46.4600,100
50388166058625,13:59:48.166,46.4700,100
50388166058625,13:59:48.166,46.4700,100
50407811944706,14:00:07.811,46.4800,100
50407811976336,14:00:07.811,46.4800,1
50409017384156,14:00:09.017,46.5000,100
50409017384156,14:00:09.017,46.5000,100
50413165889498,14:00:13.165,46.4800,100
50416847382311,14:00:16.847,46.4800,87
50416884996623,14:00:16.884,46.4900,100
50416885178880,14:00:16.885,46.4900,100
50416885262089,14:00:16.885,46.4800,100
50416900993986,14:00:16.900,46.4700,100
50416955336642,14:00:16.955,46.4700,46
50416955348612,14:00:16.955,46.4700,45
50416955357566,14:00:16.955,46.4700,45
50416955358881,14:00:16.955,46.4700,64
50419427572862,14:00:19.427,46.5100,99
50419427581374,14:00:19.427,46.5100,1
50421781604830,14:00:21.781,46.4800,100
50421781674574,14:00:21.781,46.4800,87
50421782114775,14:00:21.782,46.4900,90
50423338118564,14:00:23.338,46.4800,100
50423338118564,14:00:23.338,46.4800,100
50423352237361,14:00:23.352,46.4700,100
50425762451994,14:00:25.762,46.4900,100
50428268640168,14:00:28.268,46.5200,100
50443524145961,14:00:43.524,46.5200,7
50443525086522,14:00:43.525,46.5200,100
50443525973407,14:00:43.525,46.5100,100
50444765044015,14:00:44.765,46.4900,100
50444765117858,14:00:44.765,46.4900,69
50444815753578,14:00:44.815,46.4900,100
50444815798917,14:00:44.815,46.4900,100
50444816067123,14:00:44.816,46.4900,96
50444816074392,14:00:44.816,46.4900,4
50445296152606,14:00:45.296,46.4900,100
50446509992133,14:00:46.509,46.4800,300
50446509992133,14:00:46.509,46.4800,100
50451063617713,14:00:51.063,46.4900,100
50452297603677,14:00:52.297,46.5000,100
50465009984551,14:01:05.009,46.5300,100
50465010252065,14:01:05.010,46.5300,100
50465010819786,14:01:05.010,46.5300,100
50465016832618,14:01:05.016,46.5100,100
50465121816783,14:01:05.121,46.5100,85
50466010212366,14:01:06.010,46.5100,415
50466010212366,14:01:06.010,46.5100,185
50466010250214,14:01:06.010,46.5100,15
50466273526179,14:01:06.273,46.5100,100
50466273526179,14:01:06.273,46.5100,100
50466273773046,14:01:06.273,46.5100,100
50466273773046,14:01:06.273,46.5100,100
50466275723163,14:01:06.275,46.5100,100
50467790956888,14:01:07.790,46.5000,100
50471390164539,14:01:11.390,46.4800,100
50471964764230,14:01:11.964,46.4900,100
50471967337043,14:01:11.967,46.5000,100
50522304071180,14:02:02.304,46.5500,100
50522304071180,14:02:02.304,46.5500,100
50522304071180,14:02:02.304,46.5600,100
50522306394565,14:02:02.306,46.5600,86
50522306394565,14:02:02.306,46.5600,100
50522306394565,14:02:02.306,46.5600,14
50522307652397,14:02:02.307,46.5600,86
50522307652397,14:02:02.307,46.5600,15
50537826208405,14:02:17.826,46.5200,100
50537826208405,14:02:17.826,46.5200,100
50537826208405,14:02:17.826,46.5200,12
50537826208405,14:02:17.826,46.5200,100
50537826208405,14:02:17.826,46.5200,84
50537826299833,14:02:17.826,46.5200,16
50537832003614,14:02:17.832,46.5000,100
50537945488461,14:02:17.945,46.5000,100
50537945488461,14:02:17.945,46.5000,100
50537945488461,14:02:17.945,46.5000,100
50537945488461,14:02:17.945,46.5000,100
50539102847247,14:02:19.102,46.5000,100
50580338486323,14:03:00.338,46.5600,100
50580340721950,14:03:00.340,46.5600,100
50580345776886,14:03:00.345,46.5300,100
50589741712052,14:03:09.741,46.5300,100
50589794153979,14:03:09.794,46.5300,100
50589794850190,14:03:09.794,46.5200,73
50593012061644,14:03:13.012,46.5200,5
50593012395780,14:03:13.012,46.5200,100
50593013026470,14:03:13.013,46.5200,100
50593013026470,14:03:13.013,46.5200,300
50593013071845,14:03:13.013,46.5200,100
50594005901766,14:03:14.005,46.5200,100
50594005901766,14:03:14.005,46.5200,200
50594005901766,14:03:14.005,46.5200,100
50594050172890,14:03:14.050,46.5200,100
50594220059297,14:03:14.220,46.5100,100
50594220059297,14:03:14.220,46.5100,100
50594522130713,14:03:14.522,46.5000,100
50594522130713,14:03:14.522,46.5000,100
50595034232965,14:03:15.034,46.5000,200
50595034232965,14:03:15.034,46.5000,100
50595034721171,14:03:15.034,46.5000,5
50595086840136,14:03:15.086,46.5000,100
50632044382275,14:03:52.044,46.5300,100
50632044452459,14:03:52.044,46.5300,4
50632044531944,14:03:52.044,46.5200,100
50663010557448,14:04:23.010,46.5500,100
50668025418139,14:04:28.025,46.5700,100
50686575773848,14:04:46.575,46.5500,6
50686577363550,14:04:46.577,46.5600,100
50686577363550,14:04:46.577,46.5600,100
50686577768038,14:04:46.577,46.5500,100
50686578610152,14:04:46.578,46.5500,100
50690006983200,14:04:50.006,46.5500,100
50690009081351,14:04:50.009,46.5500,100
50691087359213,14:04:51.087,46.5500,75
50691088799397,14:04:51.088,46.5500,25
50691088799397,14:04:51.088,46.5500,2
50693005826835,14:04:53.005,46.5500,98
50693005826835,14:04:53.005,46.5500,100
50693005826835,14:04:53.005,46.5500,2
50693005865735,14:04:53.005,46.5500,64
50693006093979,14:04:53.006,46.5500,34
50693116027531,14:04:53.116,46.5500,100
50693116027531,14:04:53.116,46.5500,50
50700180564711,14:05:00.180,46.5500,50
50700180564711,14:05:00.180,46.5500,50
50700180589724,14:05:00.180,46.5500,50
50700293824354,14:05:00.293,46.5400,100
50700293860864,14:05:00.293,46.5400,20
50700293860864,14:05:00.293,46.5400,26
50700294467409,14:05:00.294,46.5400,100
50700294514349,14:05:00.294,46.5400,100
50700294514349,14:05:00.294,46.5400,300
50704192203547,14:05:04.192,46.5400,200
50704192203547,14:05:04.192,46.5400,100
50704357537741,14:05:04.357,46.5400,100
50705007115970,14:05:05.007,46.5400,100
50705007115970,14:05:05.007,46.5400,200
50705007115970,14:05:05.007,46.5400,100
50705008804141,14:05:05.008,46.5400,100
50705008830328,14:05:05.008,46.5400,200
50705008869374,14:05:05.008,46.5400,100
50732162984657,14:05:32.162,46.5700,100
50732163679030,14:05:32.163,46.5500,100
50732163690936,14:05:32.163,46.5500,100
50733432484125,14:05:33.432,46.5600,100
50736004738648,14:05:36.004,46.5600,100
50736004738648,14:05:36.004,46.5600,100
50742231053499,14:05:42.231,46.5800,100
50762779679622,14:06:02.779,46.5600,100
50762779679622,14:06:02.779,46.5600,100
50762780134399,14:06:02.780,46.5700,100
50784014637338,14:06:24.014,46.5900,5
50784220217032,14:06:24.220,46.6000,100
50784220217032,14:06:24.220,46.6000,100
50799760275016,14:06:39.760,46.5800,100
50799760275016,14:06:39.760,46.5800,100
50799760281775,14:06:39.760,46.5800,1
50799760292756,14:06:39.760,46.5700,100
50816240624970,14:06:56.240,46.5900,100
50823899720546,14:07:03.899,46.6100,100
50823900725286,14:07:03.900,46.6000,98
50823900727835,14:07:03.900,46.6000,2
50824063576894,14:07:04.063,46.6000,100
50825015415662,14:07:05.015,46.6000,200
50825406439225,14:07:05.406,46.6000,100
50825406439225,14:07:05.406,46.6000,200
50825906976878,14:07:05.906,46.6000,200
50825906976878,14:07:05.906,46.6000,100
50826532120800,14:07:06.532,46.6000,21
50826532145192,14:07:06.532,46.6000,79
50826532145192,14:07:06.532,46.6000,200
50829073010335,14:07:09.073,46.5900,100
50839318186798,14:07:19.318,46.5600,25
50878893626583,14:07:58.893,46.5300,42
50878895108716,14:07:58.895,46.5300,58
50878895108716,14:07:58.895,46.5300,200
50878895154388,14:07:58.895,46.5200,75
50878895156220,14:07:58.895,46.5200,25
50902426494116,14:08:22.426,46.5400,200
50902426494116,14:08:22.426,46.5400,59
50902426519570,14:08:22.426,46.5400,41
50945532590197,14:09:05.532,46.5700,6
50977069343544,14:09:37.069,46.5700,100
51029312777732,14:10:29.312,46.5400,100
51029312819714,14:10:29.312,46.5400,18
51040664755716,14:10:40.664,46.5500,100
51040669988248,14:10:40.669,46.5300,43
51040670061315,14:10:40.670,46.5300,100
51040670061315,14:10:40.670,46.5300,100
51040670061315,14:10:40.670,46.5300,100
51040670061315,14:10:40.670,46.5400,100
51040670164362,14:10:40.670,46.5300,300
51040670548677,14:10:40.670,46.5400,100
51040670631239,14:10:40.670,46.5400,200
51040670775040,14:10:40.670,46.5400,100
51040684713262,14:10:40.684,46.5300,100
51040684713262,14:10:40.684,46.5300,300
51040684713262,14:10:40.684,46.5300,100
51041214762167,14:10:41.214,46.5200,100
51063917826330,14:11:03.917,46.5400,100
51063919714617,14:11:03.919,46.5500,46
51063919740170,14:11:03.919,46.5500,54
51063933488455,14:11:03.933,46.5600,100
51063933488455,14:11:03.933,46.5600,100
51063980703132,14:11:03.980,46.5600,21
51064136592182,14:11:04.136,46.5600,100
51065233288219,14:11:05.233,46.5600,100
51065658629201,14:11:05.658,46.5600,1
51067007743307,14:11:07.007,46.5600,99
51067221471958,14:11:07.221,46.5700,100
51067221471958,14:11:07.221,46.5700,100
51067221471958,14:11:07.221,46.5700,100
51067221471958,14:11:07.221,46.5700,100
51067573367843,14:11:07.573,46.5500,100
51148250632818,14:12:28.250,46.5400,300
51148250632818,14:12:28.250,46.5400,100
51148801073364,14:12:28.801,46.5400,100
51151854693440,14:12:31.854,46.5400,300
51151854693440,14:12:31.854,46.5300,1
51152171661562,14:12:32.171,46.5300,100
51152213191174,14:12:32.213,46.5300,100
51154526227137,14:12:34.526,46.5500,100
51154526617534,14:12:34.526,46.5500,100
51154526617534,14:12:34.526,46.5500,100
51154530884583,14:12:34.530,46.5500,200
51154530884583,14:12:34.530,46.5500,200
51154530884583,14:12:34.530,46.5500,162
51154530912394,14:12:34.530,46.5500,38
51154530912394,14:12:34.530,46.5500,200
51154690317960,14:12:34.690,46.5400,100
51154700225440,14:12:34.700,46.5200,27
51154700225440,14:12:34.700,46.5200,73
51154700825674,14:12:34.700,46.5300,100
51154700825674,14:12:34.700,46.5300,100
51154700825674,14:12:34.700,46.5300,300
51154700895483,14:12:34.700,46.5400,100
51154700895483,14:12:34.700,46.5400,100
51155066455505,14:12:35.066,46.5400,162
51155066804775,14:12:35.066,46.5400,100
51155066804775,14:12:35.066,46.5400,100
51155066804775,14:12:35.066,46.5400,179
51155066819460,14:12:35.066,46.5400,21
51155066819460,14:12:35.066,46.5400,100
51155169449244,14:12:35.169,46.5400,100
51155169449244,14:12:35.169,46.5400,100
51155622248549,14:12:35.622,46.5300,100
51155622248549,14:12:35.622,46.5300,100
51155622248549,14:12:35.622,46.5300,100
51155640947717,14:12:35.640,46.5200,27
51156065927838,14:12:36.065,46.5200,200
51156065927838,14:12:36.065,46.5200,200
51156909196024,14:12:36.909,46.5300,100
51176938934145,14:12:56.938,46.5500,100
51176941233450,14:12:56.941,46.5500,100
51176943481698,14:12:56.943,46.5400,200
51176952148793,14:12:56.952,46.5400,100
51176965055832,14:12:56.965,46.5500,100
51176970734792,14:12:56.970,46.5600,100
51176970734792,14:12:56.970,46.5600,100
51176970898568,14:12:56.970,46.5600,100
51176970898568,14:12:56.970,46.5600,100
51176970898568,14:12:56.970,46.5600,100
51176971676509,14:12:56.971,46.5600,100
51176974118204,14:12:56.974,46.5600,100
51176974118204,14:12:56.974,46.5600,100
51177028118333,14:12:57.028,46.5600,200
51177028118333,14:12:57.028,46.5700,100
51177092047587,14:12:57.092,46.5700,100
51182754268890,14:13:02.754,46.5600,73
51182754282012,14:13:02.754,46.5600,27
51182754282012,14:13:02.754,46.5600,100
51182754282012,14:13:02.754,46.5600,1
51185827180663,14:13:05.827,46.5500,100
51185827180663,14:13:05.827,46.5500,200
51185827180663,14:13:05.827,46.5500,100
51185827512990,14:13:05.827,46.5500,100
51185827537450,14:13:05.827,46.5500,100
51185827537450,14:13:05.827,46.5500,200
51185827568640,14:13:05.827,46.5500,100
51185827568640,14:13:05.827,46.5500,100
51186975413960,14:13:06.975,46.5500,200
51186975413960,14:13:06.975,46.5500,100
51186975453155,14:13:06.975,46.5500,61
51186975479533,14:13:06.975,46.5500,30
51186991986653,14:13:06.991,46.5500,99
51200011040201,14:13:20.011,46.5500,200
51200011040201,14:13:20.011,46.5500,300
51200011098135,14:13:20.011,46.5600,100
51200543403108,14:13:20.543,46.5700,100
51256463300078,14:14:16.463,46.5800,100
51256837690755,14:14:16.837,46.6000,100
51265830180027,14:14:25.830,46.5950,6
51267295099249,14:14:27.295,46.5900,100
51273070250234,14:14:33.070,46.5900,100
51273136546577,14:14:33.136,46.5700,100
51294918751867,14:14:54.918,46.6000,100
51294918751867,14:14:54.918,46.6000,188
51295017699215,14:14:55.017,46.6000,100
51299390203116,14:14:59.390,46.6000,100
51300163872369,14:15:00.163,46.5900,100
51300163872369,14:15:00.163,46.5900,200
51300164529843,14:15:00.164,46.5800,15
51303570753240,14:15:03.570,46.5800,84
51303570774254,14:15:03.570,46.5800,16
51349365165342,14:15:49.365,46.6100,5
51349365206078,14:15:49.365,46.5900,100
51353469122080,14:15:53.469,46.6400,100
51363036802654,14:16:03.036,46.6500,100
51381566363479,14:16:21.566,46.6300,11
51382231832085,14:16:22.231,46.6000,100
51396328812247,14:16:36.328,46.6100,100
51396329718219,14:16:36.329,46.6100,100
51400629064912,14:16:40.629,46.6100,100
51406068855236,14:16:46.068,46.6000,100
51429723043653,14:17:09.723,46.6200,10
51429723129890,14:17:09.723,46.6150,100
51429723129890,14:17:09.723,46.6200,100
51429723155384,14:17:09.723,46.6200,100
51429723210402,14:17:09.723,46.6200,100
51429723302018,14:17:09.723,46.6100,100
51429723611272,14:17:09.723,46.6200,100
51429723665588,14:17:09.723,46.6200,100
51429727355349,14:17:09.727,46.6300,100
51429727767056,14:17:09.727,46.6300,200
51429727823013,14:17:09.727,46.6300,100
51429727884780,14:17:09.727,46.6300,200
51429772185959,14:17:09.772,46.6300,100
51429772185959,14:17:09.772,46.6300,100
51429772213878,14:17:09.772,46.6300,100
51430149731623,14:17:10.149,46.6300,100
51430149731623,14:17:10.149,46.6300,100
51434228558106,14:17:14.228,46.6100,100
51434228558106,14:17:14.228,46.6100,100
51439344003223,14:17:19.344,46.6000,100
51439344003223,14:17:19.344,46.6000,100
51439622607987,14:17:19.622,46.5800,100
51453685187075,14:17:33.685,46.5950,100
51453861976102,14:17:33.861,46.6000,100
51474761063472,14:17:54.761,46.6300,100
51484398173134,14:18:04.398,46.6300,100
51516804206173,14:18:36.804,46.6500,100
51572551268330,14:19:32.551,46.6400,5
51581039112411,14:19:41.039,46.6600,100
51581039125400,14:19:41.039,46.6700,27
51581049496471,14:19:41.049,46.6700,1
51581049632178,14:19:41.049,46.6800,100
51601371234056,14:20:01.371,46.6500,20
51619149023100,14:20:19.149,46.6500,80
51619149023100,14:20:19.149,46.6500,20
51624421869388,14:20:24.421,46.6500,116
51624421896014,14:20:24.421,46.6500,64
51635025096170,14:20:35.025,46.6400,13
51635076333891,14:20:35.076,46.6400,200
51635076333891,14:20:35.076,46.6400,100
51668140627725,14:21:08.140,46.7000,9
51668140651775,14:21:08.140,46.7000,91
51692254041365,14:21:32.254,46.7100,83
51692254041365,14:21:32.254,46.7100,100
51692254074293,14:21:32.254,46.7200,100
51695073955734,14:21:35.073,46.7300,25
51695073955734,14:21:35.073,46.7400,75
51695074040802,14:21:35.074,46.7400,25
51695075568619,14:21:35.075,46.7500,100
51695079457555,14:21:35.079,46.7400,100
51695079457555,14:21:35.079,46.7400,100
51695079532030,14:21:35.079,46.7400,10
51695079556813,14:21:35.079,46.7400,90
51695079556813,14:21:35.079,46.7400,100
51695311669946,14:21:35.311,46.7500,100
51735131678123,14:22:15.131,46.7400,85
51759232309185,14:22:39.232,46.7700,79
51759232345030,14:22:39.232,46.7700,20
51792294568514,14:23:12.294,46.7600,5
51804038862866,14:23:24.038,46.8000,100
51817689843364,14:23:37.689,46.7700,100
51848882007761,14:24:08.882,46.7700,1
51848882007761,14:24:08.882,46.7700,100
51871466068668,14:24:31.466,46.7500,7
51877280663964,14:24:37.280,46.7500,8
51877280741576,14:24:37.280,46.7500,85
51912747611010,14:25:12.747,46.7700,6
51912747611010,14:25:12.747,46.7700,100
51930822988262,14:25:30.822,46.7700,100
51961043674871,14:26:01.043,46.7400,15
52016852583373,14:26:56.852,46.7000,4
52016852583373,14:26:56.852,46.7000,2
52021573283546,14:27:01.573,46.7000,44
52055359276940,14:27:35.359,46.6800,100
52057232035910,14:27:37.232,46.6700,4
52135250694990,14:28:55.250,46.6400,100
52135250694990,14:28:55.250,46.6400,10
52201667671078,14:30:01.667,46.6100,100
52211025492713,14:30:11.025,46.6300,100
52215345559141,14:30:15.345,46.6200,4
52250237539756,14:30:50.237,46.6500,43
52250237875428,14:30:50.237,46.6500,57
52250237875428,14:30:50.237,46.6500,61
52250237889601,14:30:50.237,46.6500,39
52252315875094,14:30:52.315,46.6600,100
52252315875094,14:30:52.315,46.6600,100
52252359750616,14:30:52.359,46.6600,18
52252419551077,14:30:52.419,46.6600,18
52252419551077,14:30:52.419,46.6600,100
52254656788564,14:30:54.656,46.6600,100
52254970749270,14:30:54.970,46.6600,43
52261872466898,14:31:01.872,46.6500,3
52293345059197,14:31:33.345,46.6500,97
52293345059197,14:31:33.345,46.6500,3
52293345084339,14:31:33.345,46.6500,3
52316811145888,14:31:56.811,46.6200,4
52327902265010,14:32:07.902,46.6400,42
52336638944557,14:32:16.638,46.6100,100
52336775902999,14:32:16.775,46.6100,100
52336775949645,14:32:16.775,46.6100,100
52339880135078,14:32:19.880,46.6400,85
52372094603774,14:32:52.094,46.6000,100
52387682475657,14:33:07.682,46.6000,100
52387690682617,14:33:07.690,46.6000,42
52387770989875,14:33:07.770,46.6000,43
52441822200731,14:34:01.822,46.6000,4
52445289355745,14:34:05.289,46.6200,23
52445716254745,14:34:05.716,46.6100,16
52445716280109,14:34:05.716,46.6100,26
52445887069796,14:34:05.887,46.6100,25
52446003728361,14:34:06.003,46.6200,77
52446003728361,14:34:06.003,46.6200,7
52446003728361,14:34:06.003,46.6200,16
52446004497271,14:34:06.004,46.6000,2
52446097947474,14:34:06.097,46.6000,43
52446108010088,14:34:06.108,46.6000,142
52446188475141,14:34:06.188,46.6000,15
52446188475141,14:34:06.188,46.6000,85
52446311081192,14:34:06.311,46.6000,57
52446542538821,14:34:06.542,46.6100,43
52454678984477,14:34:14.678,46.6200,100
52454678984477,14:34:14.678,46.6200,100
52454843690308,14:34:14.843,46.6200,43
52454927844905,14:34:14.927,46.6200,57
52454927844905,14:34:14.927,46.6200,43
52455112265411,14:34:15.112,46.6200,57
52455112604978,14:34:15.112,46.6100,100
52455112604978,14:34:15.112,46.6100,100
52455261175880,14:34:15.261,46.6100,100
52455261175880,14:34:15.261,46.6100,43
52455270697094,14:34:15.270,46.6100,57
52455270697094,14:34:15.270,46.6100,85
52455733826676,14:34:15.733,46.6100,15
52455835348598,14:34:15.835,46.6200,100
52457821262716,14:34:17.821,46.6300,9
52457821262716,14:34:17.821,46.6300,39
52459132693888,14:34:19.132,46.6200,100
52459135980402,14:34:19.135,46.6100,100
52459135980402,14:34:19.135,46.6100,100
52459543849467,14:34:19.543,46.6100,43
52460611620695,14:34:20.611,46.6100,55
52460683353675,14:34:20.683,46.6100,43
52460784413488,14:34:20.784,46.6100,57
52460784413488,14:34:20.784,46.6100,43
52460784447685,14:34:20.784,46.6100,57
52462064754114,14:34:22.064,46.6200,100
52462064754114,14:34:22.064,46.6200,35
52462065608280,14:34:22.065,46.6200,50
52462080416247,14:34:22.080,46.6200,15
52462080416247,14:34:22.080,46.6200,155
52462080428637,14:34:22.080,46.6200,8
52549767200978,14:35:49.767,46.6100,43
52549775150075,14:35:49.775,46.6100,57
52549775150075,14:35:49.775,46.6100,85
52555073521218,14:35:55.073,46.6200,100
52556501374010,14:35:56.501,46.6200,43
52572435330927,14:36:12.435,46.6000,100
52579087844662,14:36:19.087,46.6000,100
52604045901853,14:36:44.045,46.6100,100
52604045937800,14:36:44.045,46.6100,2
52604045937800,14:36:44.045,46.6100,51
52604137837888,14:36:44.137,46.6200,100
52604137837888,14:36:44.137,46.6200,43
52604149450758,14:36:44.149,46.6200,57
52637459709309,14:37:17.459,46.6100,4
52637459709309,14:37:17.459,46.6100,96
52637459748183,14:37:17.459,46.6100,4
52638762973020,14:37:18.762,46.6200,100
52638762973020,14:37:18.762,46.6200,43
52638762998096,14:37:18.762,46.6200,57
52707538742978,14:38:27.538,46.6500,2
52707538752156,14:38:27.538,46.6500,2
52707548801966,14:38:27.548,46.6600,100
52709530372035,14:38:29.530,46.6700,6
52709530372035,14:38:29.530,46.6700,36
52730490554403,14:38:50.490,46.6800,21
52730490554403,14:38:50.490,46.6800,1
52730490922672,14:38:50.490,46.6900,62
52730490922672,14:38:50.490,46.6900,100
52730501620589,14:38:50.501,46.6900,100
52730501620589,14:38:50.501,46.6900,100
52731834025259,14:38:51.834,46.6800,100
52732476274845,14:38:52.476,46.6800,42
52733748514965,14:38:53.748,46.6800,1
52789172191687,14:39:49.172,46.6600,100
52789172191687,14:39:49.172,46.6600,42
52790903734556,14:39:50.903,46.6700,100
52799464755307,14:39:59.464,46.6800,57
52800314602340,14:40:00.314,46.7000,100
52800749295356,14:40:00.749,46.7000,66
52800749407910,14:40:00.749,46.7000,34
52800867218563,14:40:00.867,46.7000,100
52903214675236,14:41:43.214,46.6600,100
52952158565654,14:42:32.158,46.6600,8
52956166197813,14:42:36.166,46.6600,61
52956166215276,14:42:36.166,46.6600,31
52956166215276,14:42:36.166,46.6600,100
52957865399184,14:42:37.865,46.6500,10
52957865399184,14:42:37.865,46.6500,90
52957865424241,14:42:37.865,46.6500,10
52958535940258,14:42:38.535,46.6400,100
52966686418371,14:42:46.686,46.6400,6
52966686418371,14:42:46.686,46.6400,94
52966686454609,14:42:46.686,46.6400,6
52968724402783,14:42:48.724,46.6500,85
52973482910896,14:42:53.482,46.6500,5
52981095754472,14:43:01.095,46.6400,55
52981095766071,14:43:01.095,46.6400,45
52981096648308,14:43:01.096,46.6300,100
52985548265241,14:43:05.548,46.6100,20
52990409279837,14:43:10.409,46.6000,10
52990409279837,14:43:10.409,46.6000,90
52996097432137,14:43:16.097,46.5900,100
53006795143501,14:43:26.795,46.6000,4
53007189038680,14:43:27.189,46.6000,68
53007189063147,14:43:27.189,46.6000,32
53007189063147,14:43:27.189,46.6000,100
53028322492392,14:43:48.322,46.6200,42
53028322512566,14:43:48.322,46.6200,58
53028357590836,14:43:48.357,46.6200,100
53028357590836,14:43:48.357,46.6200,100
53028357590836,14:43:48.357,46.6200,100
53028645334764,14:43:48.645,46.6100,100
53032017227331,14:43:52.017,46.6200,100
53032018767905,14:43:52.018,46.6200,100
53033854310588,14:43:53.854,46.6200,100
53036645773610,14:43:56.645,46.6300,1
53058511971975,14:44:18.511,46.6200,100
53078381041299,14:44:38.381,46.6400,3
53090279233832,14:44:50.279,46.6500,5
53090284281152,14:44:50.284,46.6500,103
53090284288230,14:44:50.284,46.6500,50
53090284489714,14:44:50.284,46.6500,58
53090288520530,14:44:50.288,46.6500,19
53190295930072,14:46:30.295,46.6500,6
53206602587549,14:46:46.602,46.6600,5
53206602587549,14:46:46.602,46.6600,37
53206602589056,14:46:46.602,46.6600,71
53240393810458,14:47:20.393,46.6900,100
53252506975366,14:47:32.506,46.6800,86
53252506986663,14:47:32.506,46.6800,14
53331863442064,14:48:51.863,46.6800,100
53333899751847,14:48:53.899,46.6800,80
53362650543386,14:49:22.650,46.6800,1
53362650543386,14:49:22.650,46.6800,7
53362650543386,14:49:22.650,46.6800,47
53362650543386,14:49:22.650,46.6800,45
53362650571501,14:49:22.650,46.6800,55
53428190913682,14:50:28.190,46.6800,4
53428190913682,14:50:28.190,46.6800,96
53439515327933,14:50:39.515,46.6700,100
53439515972927,14:50:39.515,46.6700,70
53446760400237,14:50:46.760,46.6700,70
53456905657770,14:50:56.905,46.6400,100
53470329105897,14:51:10.329,46.6300,48
53470329105897,14:51:10.329,46.6300,10
53470329105897,14:51:10.329,46.6300,42
53470330378105,14:51:10.330,46.6200,100
53470330378105,14:51:10.330,46.6200,100
53470343462885,14:51:10.343,46.6100,100
53470343462885,14:51:10.343,46.6100,100
53470344248166,14:51:10.344,46.6100,48
53505045199914,14:51:45.045,46.6200,100
53505045199914,14:51:45.045,46.6200,9
53523010297027,14:52:03.010,46.6400,100
53523010297027,14:52:03.010,46.6400,19
53525184662746,14:52:05.184,46.6400,9
53526925498456,14:52:06.925,46.6600,100
53526925498456,14:52:06.925,46.6600,81
53526925503115,14:52:06.925,46.6600,19
53533387776220,14:52:13.387,46.6300,1
53567435284671,14:52:47.435,46.6800,100
53574549710235,14:52:54.549,46.6900,73
53574549720119,14:52:54.549,46.6900,27
53574549720119,14:52:54.549,46.6900,127
53578536931194,14:52:58.536,46.6800,100
53691019209796,14:54:51.019,46.7000,100
53691019209796,14:54:51.019,46.7000,100
53695928230665,14:54:55.928,46.7100,100
53695928230665,14:54:55.928,46.7100,48
53695928247423,14:54:55.928,46.7100,15
53730805148231,14:55:30.805,46.7100,57
53730805164024,14:55:30.805,46.7100,43
53730805164024,14:55:30.805,46.7100,100
53730805164024,14:55:30.805,46.7100,51
53730805176945,14:55:30.805,46.7100,49
53789830229161,14:56:29.830,46.7400,100
53789830229161,14:56:29.830,46.7400,17
53789830229161,14:56:29.830,46.7400,5
53790069782927,14:56:30.069,46.7500,100
53793085980064,14:56:33.085,46.7700,100
53793085980064,14:56:33.085,46.7700,5
53812501515144,14:56:52.501,46.7800,100
53812574938860,14:56:52.574,46.7700,44
53812583785261,14:56:52.583,46.7800,56
53843864394650,14:57:23.864,46.7900,43
53843864589863,14:57:23.864,46.7900,9
53843864589863,14:57:23.864,46.7900,100
53856785940056,14:57:36.785,46.8000,1
53856785940056,14:57:36.785,46.8100,94
53877240615209,14:57:57.240,46.8050,100
53878364347351,14:57:58.364,46.8200,42
53878364609891,14:57:58.364,46.8200,58
53878424543230,14:57:58.424,46.8400,100
53878424543230,14:57:58.424,46.8300,40
53878425216576,14:57:58.425,46.8300,60
53878425216576,14:57:58.425,46.8300,100
53878442078693,14:57:58.442,46.8300,100
53884090317257,14:58:04.090,46.8100,55
53884090326723,14:58:04.090,46.8100,45
53896226149221,14:58:16.226,46.8000,100
53896680250658,14:58:16.680,46.8200,100
53907595055600,14:58:27.595,46.8300,9
53940929229844,14:59:00.929,46.8300,16
53940929229844,14:59:00.929,46.8300,100
53940929229844,14:59:00.929,46.8300,100
53940929229844,14:59:00.929,46.8300,84
53941632918446,14:59:01.632,46.8350,100
53941632918446,14:59:01.632,46.8300,100
53941632918446,14:59:01.632,46.8300,100
53941632987077,14:59:01.632,46.8300,100
53941632992549,14:59:01.632,46.8300,42
53941717589155,14:59:01.717,46.8200,100
53941831965125,14:59:01.831,46.8300,100
53941832080043,14:59:01.832,46.8300,26
53942133471991,14:59:02.133,46.8350,74
53942133471991,14:59:02.133,46.8300,100
53942133471991,14:59:02.133,46.8300,26
53942133499191,14:59:02.133,46.8300,74
53942262901264,14:59:02.262,46.8300,43
53942275215912,14:59:02.275,46.8300,42
53942367628304,14:59:02.367,46.8300,15
53942367628304,14:59:02.367,46.8300,85
53942442568089,14:59:02.442,46.8300,15
53942442568089,14:59:02.442,46.8300,128
53943939630723,14:59:03.939,46.8300,72
53949773547814,14:59:09.773,46.8300,100
53949773995473,14:59:09.773,46.8200,100
53949773995473,14:59:09.773,46.8200,40
53949774003458,14:59:09.774,46.8200,60
53949837405405,14:59:09.837,46.8100,100
53949837498892,14:59:09.837,46.8100,100
53949962640100,14:59:09.962,46.8200,100
53949962669874,14:59:09.962,46.8200,100
53950077359894,14:59:10.077,46.8200,100
53950198600527,14:59:10.198,46.8300,100
53950198600527,14:59:10.198,46.8300,43
53950209789324,14:59:10.209,46.8300,100
53952192123774,14:59:12.192,46.8400,42
53952192152486,14:59:12.192,46.8400,58
53952192152486,14:59:12.192,46.8400,34
53952192152486,14:59:12.192,46.8400,66
53964420838760,14:59:24.420,46.8400,100
53987537050385,14:59:47.537,46.8700,6
53987537740296,14:59:47.537,46.8700,100
54012227781214,15:00:12.227,46.8200,100
54046160524653,15:00:46.160,46.8400,7
54046160746601,15:00:46.160,46.8400,93
54046160746601,15:00:46.160,46.8400,7
54076326316719,15:01:16.326,46.8000,10
54076864452808,15:01:16.864,46.7900,100
54108212076956,15:01:48.212,46.7800,1
54108212076956,15:01:48.212,46.7800,37
54165341252261,15:02:45.341,46.7800,63
54177766722212,15:02:57.766,46.7700,10
54177766722212,15:02:57.766,46.7700,36
54177766736141,15:02:57.766,46.7700,48
54177766737401,15:02:57.766,46.7700,6
54177766737401,15:02:57.766,46.7700,100
54177766737401,15:02:57.766,46.7700,100
54235065403949,15:03:55.065,46.7600,100
54235065785265,15:03:55.065,46.7600,100
54241367947924,15:04:01.367,46.7500,11
54260030936607,15:04:20.030,46.7400,100
54265413540552,15:04:25.413,46.7400,100
54266055375599,15:04:26.055,46.7400,100
54266055375599,15:04:26.055,46.7400,100
54267226697159,15:04:27.226,46.7300,89
54270431129474,15:04:30.431,46.7400,100
54270431129474,15:04:30.431,46.7400,100
54270431129474,15:04:30.431,46.7400,26
54270431519984,15:04:30.431,46.7500,100
54270543733934,15:04:30.543,46.7500,100
54270543733934,15:04:30.543,46.7500,100
54333308296333,15:05:33.308,46.7300,20
54355213857505,15:05:55.213,46.7200,20
54355213857505,15:05:55.213,46.7200,12
54360988881975,15:06:00.988,46.7300,100
54360988881975,15:06:00.988,46.7300,100
54360988964623,15:06:00.988,46.7400,5
54428093031422,15:07:08.093,46.7200,100
54433088347810,15:07:13.088,46.7100,17
54433088431728,15:07:13.088,46.7100,3
54437594541570,15:07:17.594,46.7000,20
54437595124233,15:07:17.595,46.7000,100
54437595148481,15:07:17.595,46.7000,100
54437598210059,15:07:17.598,46.7100,68
54451065698340,15:07:31.065,46.7300,100
54451065698340,15:07:31.065,46.7300,21
54451065698340,15:07:31.065,46.7300,100
54451065698340,15:07:31.065,46.7300,42
54480356629541,15:08:00.356,46.7500,100
54480356642540,15:08:00.356,46.7600,49
54480356650183,15:08:00.356,46.7600,51
54542471920083,15:09:02.471,46.7300,100
54542471920083,15:09:02.471,46.7300,100
54542471920083,15:09:02.471,46.7300,100
54542472424093,15:09:02.472,46.7300,100
54542472433901,15:09:02.472,46.7300,100
54542511095813,15:09:02.511,46.7200,100
54542511095813,15:09:02.511,46.7200,100
54548667337175,15:09:08.667,46.7100,100
54548667337175,15:09:08.667,46.7100,14
54548667337175,15:09:08.667,46.7100,86
54548667377106,15:09:08.667,46.7100,14
54560200122357,15:09:20.200,46.7100,48
54560201651273,15:09:20.201,46.7100,52
54560201651273,15:09:20.201,46.7100,146
54563171409213,15:09:23.171,46.7200,28
54563171409213,15:09:23.171,46.7200,100
54591845405714,15:09:51.845,46.7100,48
54591845478351,15:09:51.845,46.7100,100
54633592348726,15:10:33.592,46.6900,20
54633595004862,15:10:33.595,46.6900,100
54633610993518,15:10:33.610,46.6900,100
54636923572788,15:10:36.923,46.6900,100
54637257487659,15:10:37.257,46.6800,5
54637257487659,15:10:37.257,46.6800,100
54655688679075,15:10:55.688,46.6700,100
54655688679075,15:10:55.688,46.6700,20
54662176243145,15:11:02.176,46.6600,20
54670910582347,15:11:10.910,46.6400,20
54670910582347,15:11:10.910,46.6400,80
54684529568173,15:11:24.529,46.6600,100
54684529568173,15:11:24.529,46.6600,100
54684529568173,15:11:24.529,46.6600,1
54689060060513,15:11:29.060,46.6700,100
54689060060513,15:11:29.060,46.6700,100
54689255119988,15:11:29.255,46.6700,100
54695544953420,15:11:35.544,46.6700,100
54695545360493,15:11:35.545,46.6700,100
54695545439086,15:11:35.545,46.6700,100
54695545439086,15:11:35.545,46.6700,100
54695548859141,15:11:35.548,46.6700,100
54695597644941,15:11:35.597,46.6700,100
54699791002753,15:11:39.791,46.6600,100
54705101794527,15:11:45.101,46.6600,100
54705102908927,15:11:45.102,46.6700,100
54705102908927,15:11:45.102,46.6700,100
54705102908927,15:11:45.102,46.6700,100
54714968776402,15:11:54.968,46.6600,100
54732923821911,15:12:12.923,46.6500,100
54732923821911,15:12:12.923,46.6500,26
54732923838851,15:12:12.923,46.6500,48
54732923842305,15:12:12.923,46.6500,26
54732923842305,15:12:12.923,46.6500,100
54739823077816,15:12:19.823,46.6500,5
54741873920792,15:12:21.873,46.6600,12
54741873920792,15:12:21.873,46.6600,24
54742494660400,15:12:22.494,46.6600,52
54742494726219,15:12:22.494,46.6600,12
54766570226699,15:12:46.570,46.6500,100
54767239461293,15:12:47.239,46.6600,100
54806987490258,15:13:26.987,46.6900,43
54807015126591,15:13:27.015,46.6900,42
54811663207914,15:13:31.663,46.6900,85
54811664558166,15:13:31.664,46.6900,115
54821701383244,15:13:41.701,46.6900,100
54836401473467,15:13:56.401,46.6900,100
54847416536373,15:14:07.416,46.6900,42
54847416854137,15:14:07.416,46.6900,58
54847416854137,15:14:07.416,46.6900,90
54847417298414,15:14:07.417,46.6900,10
54847417298414,15:14:07.417,46.6900,10
54851617794923,15:14:11.617,46.7000,85
54851617794923,15:14:11.617,46.7000,1
54851617820179,15:14:11.617,46.7000,99
54854384994619,15:14:14.384,46.7100,42
54876596577486,15:14:36.596,46.7100,100
54876596577486,15:14:36.596,46.7100,69
54921902351946,15:15:21.902,46.7300,64
54921902384156,15:15:21.902,46.7300,36
54947401994189,15:15:47.401,46.7600,7
54947402563657,15:15:47.402,46.7600,100
54947402563657,15:15:47.402,46.7600,100
54947402563657,15:15:47.402,46.7600,100
54947403933182,15:15:47.403,46.7600,100
54947404001001,15:15:47.404,46.7600,100
54947404051101,15:15:47.404,46.7600,100
54947404066345,15:15:47.404,46.7600,7
54947407644010,15:15:47.407,46.7600,30
54947892828631,15:15:47.892,46.7400,100
54948190629277,15:15:48.190,46.7500,70
54954131149691,15:15:54.131,46.7500,100
54954175116022,15:15:54.175,46.7500,100
54954222831744,15:15:54.222,46.7500,100
54955029159746,15:15:55.029,46.7600,100
54973383713872,15:16:13.383,46.7500,100
54998457389237,15:16:38.457,46.7200,2
54998457389237,15:16:38.457,46.7200,100
55035068967356,15:17:15.068,46.7100,1
55035068967356,15:17:15.068,46.7100,9
55035087140974,15:17:15.087,46.7000,20
55035095463489,15:17:15.095,46.6900,7
55035095463489,15:17:15.095,46.6900,36
55035138447493,15:17:15.138,46.7000,100
55035138447493,15:17:15.138,46.7000,100
55040787298217,15:17:20.787,46.7200,95
55040787332596,15:17:20.787,46.7200,5
55040787332596,15:17:20.787,46.7200,14
55040788946964,15:17:20.788,46.7200,100
55040788946964,15:17:20.788,46.7200,100
55049167900698,15:17:29.167,46.7000,100
55049995141132,15:17:29.995,46.7000,100
55068423052859,15:17:48.423,46.6800,100
55089513027118,15:18:09.513,46.6800,3
55093100077333,15:18:13.100,46.6800,97
55098059253525,15:18:18.059,46.6800,100
55098127923614,15:18:18.127,46.6800,43
55098136338997,15:18:18.136,46.6800,57
55098136364289,15:18:18.136,46.6800,100
55098136364289,15:18:18.136,46.6800,100
55098963698923,15:18:18.963,46.6900,100
55098963698923,15:18:18.963,46.6900,40
55098964068671,15:18:18.964,46.6900,60
55098964068671,15:18:18.964,46.6900,69
55098964097291,15:18:18.964,46.6900,31
55098964097291,15:18:18.964,46.6900,100
55098964097291,15:18:18.964,46.6900,45
55098964106961,15:18:18.964,46.6900,55
55100350357975,15:18:20.350,46.6900,14
55101385072289,15:18:21.385,46.7000,78
55104705570122,15:18:24.705,46.6900,100
55121347397010,15:18:41.347,46.6800,6
55128006806546,15:18:48.006,46.6800,73
55128006817038,15:18:48.006,46.6800,21
55172213822243,15:19:32.213,46.6900,100
55172213822243,15:19:32.213,46.6900,54
55172786417836,15:19:32.786,46.6900,100
55173003087071,15:19:33.003,46.6900,100
55195858507149,15:19:55.858,46.7100,47
55195858521720,15:19:55.858,46.7100,153
55195893219703,15:19:55.893,46.7100,100
55195893219703,15:19:55.893,46.7100,100
55206582795545,15:20:06.582,46.7200,12
55233813927282,15:20:33.813,46.7000,100
55237518677605,15:20:37.518,46.7100,5
55237518677605,15:20:37.518,46.7100,100
55289723354586,15:21:29.723,46.6900,1
55289723354586,15:21:29.723,46.6900,99
55289723393785,15:21:29.723,46.6900,1
55289723393785,15:21:29.723,46.6900,43
55289723419645,15:21:29.723,46.6900,45
55328398345151,15:22:08.398,46.6600,20
55328399650934,15:22:08.399,46.6600,100
55330006714773,15:22:10.006,46.6600,100
55335674823189,15:22:15.674,46.6500,100
55335813105130,15:22:15.813,46.6500,100
55335813105130,15:22:15.813,46.6500,43
55335813131058,15:22:15.813,46.6500,57
55337805645812,15:22:17.805,46.6600,44
55338682877307,15:22:18.682,46.6600,56
55338682877307,15:22:18.682,46.6600,13
55338682877307,15:22:18.682,46.6600,6
55386005836323,15:23:06.005,46.6400,100
55391966799806,15:23:11.966,46.6200,10
55391966799806,15:23:11.966,46.6200,12
55391966893144,15:23:11.966,46.6200,62
55413951620106,15:23:33.951,46.6300,100
55425893319500,15:23:45.893,46.6400,43
55425893343734,15:23:45.893,46.6400,1
55426233397769,15:23:46.233,46.6300,100
55426370808590,15:23:46.370,46.6300,43
55426379535732,15:23:46.379,46.6300,57
55428364938204,15:23:48.364,46.6400,56
55428364938204,15:23:48.364,46.6400,29
55444287990706,15:24:04.287,46.6100,20
55449986405635,15:24:09.986,46.6000,20
55449986405635,15:24:09.986,46.6000,80
55449986444808,15:24:09.986,46.6000,20
55452873964626,15:24:12.873,46.6000,37
55455233385743,15:24:15.233,46.6000,2
55455233385743,15:24:15.233,46.6000,13
55458058189624,15:24:18.058,46.6000,106
55464012805252,15:24:24.012,46.6100,100
55491132209217,15:24:51.132,46.6000,100
55491132209217,15:24:51.132,46.6000,100
55491132255052,15:24:51.132,46.6000,85
55497064331366,15:24:57.064,46.5900,55
55497066977089,15:24:57.066,46.5900,6
55569239580484,15:26:09.239,46.5700,100
55569239580484,15:26:09.239,46.5700,20
55569239580484,15:26:09.239,46.5700,1
55578744423245,15:26:18.744,46.5800,100
55578744423245,15:26:18.744,46.5800,40
55578744434970,15:26:18.744,46.5800,58
55612983719365,15:26:52.983,46.5700,100
55618788580885,15:26:58.788,46.5600,20
55644220833963,15:27:24.220,46.5600,42
55644295449791,15:27:24.295,46.5600,58
55644295449791,15:27:24.295,46.5600,22
55644295449791,15:27:24.295,46.5600,20
55644841291961,15:27:24.841,46.5600,30
55673121319458,15:27:53.121,46.5700,100
55673121319458,15:27:53.121,46.5700,3
55673121319458,15:27:53.121,46.5700,100
55673327636567,15:27:53.327,46.5800,14
55673327657199,15:27:53.327,46.5800,5
55675208757086,15:27:55.208,46.5800,100
55697506889727,15:28:17.506,46.6100,4
55697506889727,15:28:17.506,46.6100,100
55707454210585,15:28:27.454,46.6300,100
55707454210585,15:28:27.454,46.6300,185
55741831620940,15:29:01.831,46.6100,5
55741831640691,15:29:01.831,46.6100,10
55790304237022,15:29:50.304,46.5700,100
55791359684959,15:29:51.359,46.5700,100
55791462471128,15:29:51.462,46.5700,100
55826034602180,15:30:26.034,46.5800,100
55828015489839,15:30:28.015,46.5800,26
55828016424159,15:30:28.016,46.5800,32
55828237268937,15:30:28.237,46.5800,68
55828237268937,15:30:28.237,46.5800,32
55833000043066,15:30:33.000,46.6000,100
55833000099334,15:30:33.000,46.6000,100
55849575663317,15:30:49.575,46.5900,100
55872263488566,15:31:12.263,46.6000,31
55872286521199,15:31:12.286,46.6000,69
55872895557378,15:31:12.895,46.6100,200
55878959266837,15:31:18.959,46.6200,100
55879875656199,15:31:19.875,46.6100,100
55879875656199,15:31:19.875,46.6100,100
55879875656199,15:31:19.875,46.6100,53
55879875666222,15:31:19.875,46.6100,47
55885201638118,15:31:25.201,46.6000,4
55885201638118,15:31:25.201,46.6000,96
55885202062089,15:31:25.202,46.6000,4
55887503287949,15:31:27.503,46.6100,47
55888535370120,15:31:28.535,46.6200,95
55898864532311,15:31:38.864,46.6100,100
55898864532311,15:31:38.864,46.6100,100
55915775617900,15:31:55.775,46.6000,43
55915776083271,15:31:55.776,46.6000,57
55915776083271,15:31:55.776,46.6000,43
55915776107631,15:31:55.776,46.6000,1
55915776569062,15:31:55.776,46.6000,53
55915776601246,15:31:55.776,46.6000,3
55946710732801,15:32:26.710,46.6100,100
55946711356591,15:32:26.711,46.6100,9
55967893596319,15:32:47.893,46.6100,100
55967909552714,15:32:47.909,46.6100,61
55993520785880,15:33:13.520,46.6000,13
55993520785880,15:33:13.520,46.6000,9
55993520785880,15:33:13.520,46.6000,78
55993520797331,15:33:13.520,46.6000,22
55993520797331,15:33:13.520,46.6000,78
55993520798990,15:33:13.520,46.6000,22
56001047370354,15:33:21.047,46.5800,100
56001047370354,15:33:21.047,46.5800,43
56007879134656,15:33:27.879,46.5800,57
56007879134656,15:33:27.879,46.5800,43
56007879382277,15:33:27.879,46.5800,57
56011021443200,15:33:31.021,46.6000,42
56029374696726,15:33:49.374,46.5800,100
56032266236465,15:33:52.266,46.5700,100
56032266861071,15:33:52.266,46.5700,5
56054184630546,15:34:14.184,46.5600,5
56054184630546,15:34:14.184,46.5600,4
56054186188008,15:34:14.186,46.5500,20
56054186188008,15:34:14.186,46.5500,100
56054186590428,15:34:14.186,46.5500,9
56054364491919,15:34:14.364,46.5500,9
56054364491919,15:34:14.364,46.5500,91
56055228474333,15:34:15.228,46.5500,9
56057127511498,15:34:17.127,46.5600,43
56064727326513,15:34:24.727,46.5500,100
56064727947261,15:34:24.727,46.5500,7
56064798677516,15:34:24.798,46.5500,7
56064798677516,15:34:24.798,46.5500,100
56064798677516,15:34:24.798,46.5500,76
56064799495780,15:34:24.799,46.5500,24
56064799495780,15:34:24.799,46.5500,43
56064822527370,15:34:24.822,46.5500,100
56064822527370,15:34:24.822,46.5500,42
56071273684377,15:34:31.273,46.5600,100
56071425162683,15:34:31.425,46.5700,51
56092296359538,15:34:52.296,46.5600,13
56102209576083,15:35:02.209,46.5700,100
56104197094627,15:35:04.197,46.5800,11
56114891273581,15:35:14.891,46.5700,19
56114891318156,15:35:14.891,46.5700,81
56114891318156,15:35:14.891,46.5700,5
56115822193663,15:35:15.822,46.5700,100
56125194480021,15:35:25.194,46.5800,43
56125200800243,15:35:25.200,46.5800,57
56125200800243,15:35:25.200,46.5800,85
56125200836819,15:35:25.200,46.5800,15
56127308153268,15:35:27.308,46.5900,55
56143475247501,15:35:43.475,46.6000,15
56149328435941,15:35:49.328,46.6000,12
56160368770650,15:36:00.368,46.6100,43
56160378154941,15:36:00.378,46.6100,57
56160378154941,15:36:00.378,46.6100,85
56238674866836,15:37:18.674,46.5800,100
56238706816736,15:37:18.706,46.5700,30
56238706816736,15:37:18.706,46.5700,100
56240951697255,15:37:20.951,46.5700,100
56244647474761,15:37:24.647,46.5700,28
56256984399866,15:37:36.984,46.5900,100
56266027651313,15:37:46.027,46.5800,100
56266028258868,15:37:46.028,46.5800,2
56289347410663,15:38:09.347,46.5800,2
56295710878810,15:38:15.710,46.5800,100
56295710878810,15:38:15.710,46.5800,43
56295718741421,15:38:15.718,46.5800,57
56316934695936,15:38:36.934,46.5900,43
56317371498203,15:38:37.371,46.5900,57
56317371498203,15:38:37.371,46.5900,22
56317371498203,15:38:37.371,46.5900,21
56317371708101,15:38:37.371,46.5900,79
56317371708101,15:38:37.371,46.5900,100
56319411000165,15:38:39.411,46.6000,42
56319411520285,15:38:39.411,46.6000,12
56323535260373,15:38:43.535,46.6100,10
56323582830988,15:38:43.582,46.6100,90
56325572414102,15:38:45.572,46.6200,6
56325574825162,15:38:45.574,46.6200,94
56326081541149,15:38:46.081,46.6200,48
56326165290136,15:38:46.165,46.6200,40
56326174090574,15:38:46.174,46.6200,100
56326174090574,15:38:46.174,46.6200,45
56326249271739,15:38:46.249,46.6200,55
56326249271739,15:38:46.249,46.6200,100
56326249271739,15:38:46.249,46.6200,45
56327721321556,15:38:47.721,46.6100,100
56327721321556,15:38:47.721,46.6100,100
56327721321556,15:38:47.721,46.6100,40
56328089313657,15:38:48.089,46.6100,100
56332158255075,15:38:52.158,46.6200,55
56332433721782,15:38:52.433,46.6200,100
56332498748230,15:38:52.498,46.6200,43
56333006127748,15:38:53.006,46.6200,100
56333006127748,15:38:53.006,46.6200,43
56333034235029,15:38:53.034,46.6200,1
56333036800173,15:38:53.036,46.6200,56
56333036800173,15:38:53.036,46.6200,100
56333149028487,15:38:53.149,46.6200,43
56333160768661,15:38:53.160,46.6200,100
56335158650400,15:38:55.158,46.6300,42
56350628185893,15:39:10.628,46.6200,100
56362969506012,15:39:22.969,46.6100,100
56362997137446,15:39:22.997,46.6050,100
56381564282988,15:39:41.564,46.6100,100
56385987188982,15:39:45.987,46.6150,43
56385995114643,15:39:45.995,46.6200,42
56417796382941,15:40:17.796,46.6000,100
56417796995871,15:40:17.796,46.6000,18
56426592292884,15:40:26.592,46.6000,52
56426592646220,15:40:26.592,46.6000,48
56426592646220,15:40:26.592,46.6000,18
56429866915087,15:40:29.866,46.6000,55
56442830938975,15:40:42.830,46.6100,100
56442830938975,15:40:42.830,46.6100,24
56443356040642,15:40:43.356,46.6100,11
56444805781399,15:40:44.805,46.6150,8
56450002223980,15:40:50.002,46.6200,56
56450099917066,15:40:50.099,46.6200,2
56450099917066,15:40:50.099,46.6200,41
56451818501001,15:40:51.818,46.6200,59
56451818501001,15:40:51.818,46.6200,41
56454905181330,15:40:54.905,46.6200,1
56463187861459,15:41:03.187,46.6100,57
56463187866104,15:41:03.187,46.6100,43
56475035824405,15:41:15.035,46.6100,100
56475337446952,15:41:15.337,46.6100,100
56475338132191,15:41:15.338,46.6100,16
56479226098722,15:41:19.226,46.6100,16
56480462249291,15:41:20.462,46.6000,5
56480463043666,15:41:20.463,46.6000,5
56480463602212,15:41:20.463,46.6000,6
56480484392412,15:41:20.484,46.5800,100
56480486117112,15:41:20.486,46.5800,4
56481780568651,15:41:21.780,46.5800,143
56481780616090,15:41:21.780,46.5800,57
56482015012485,15:41:22.015,46.5900,100
56482015012485,15:41:22.015,46.5900,8
56483761149149,15:41:23.761,46.5900,27
56483761149149,15:41:23.761,46.5900,16
56498866007509,15:41:38.866,46.5700,100
56499166477772,15:41:39.166,46.5700,100
56503116736918,15:41:43.116,46.5600,71
56503116820716,15:41:43.116,46.5600,29
56503183937442,15:41:43.183,46.5600,44
56503194856852,15:41:43.194,46.5600,43
56505913872431,15:41:45.913,46.5600,113
56505913872431,15:41:45.913,46.5600,87
56505913879674,15:41:45.913,46.5600,13
56505913879674,15:41:45.913,46.5600,24
56505913891730,15:41:45.913,46.5600,99
56505913912292,15:41:45.913,46.5600,60
56508245802072,15:41:48.245,46.5700,65
56510001229644,15:41:50.001,46.5700,35
56510001229644,15:41:50.001,46.5700,9
56510001355959,15:41:50.001,46.5700,40
56510001376672,15:41:50.001,46.5700,16
56510001392114,15:41:50.001,46.5700,35
56519398704729,15:41:59.398,46.5800,44
56520305999507,15:42:00.305,46.5800,44
56523069992124,15:42:03.069,46.5800,100
56525145070294,15:42:05.145,46.5900,84
56525145070294,15:42:05.145,46.5900,16
56525145678395,15:42:05.145,46.5900,2
56525145891954,15:42:05.145,46.5900,41
56544545995477,15:42:24.545,46.5900,100
56544545995477,15:42:24.545,46.5900,20
56544546005894,15:42:24.546,46.5900,80
56544546907997,15:42:24.546,46.5900,15
56557804229931,15:42:37.804,46.5900,46
56557804229931,15:42:37.804,46.5900,54
56557804260307,15:42:37.804,46.5900,46
56567644046532,15:42:47.644,46.6100,44
56567644637007,15:42:47.644,46.6100,2
56567741438473,15:42:47.741,46.6050,12
56568163056629,15:42:48.163,46.6100,43
56568163333835,15:42:48.163,46.6100,57
56568163362077,15:42:48.163,46.6100,100
56568163362077,15:42:48.163,46.6100,10
56568163392013,15:42:48.163,46.6100,49
56568163398255,15:42:48.163,46.6100,41
56568187042831,15:42:48.187,46.6100,15
56568187042831,15:42:48.187,46.6100,100
56568187042831,15:42:48.187,46.6100,7
56568503266549,15:42:48.503,46.6100,100
56570488091370,15:42:50.488,46.6200,43
56573863440322,15:42:53.863,46.6200,13
56573863853410,15:42:53.863,46.6200,45
56573869401605,15:42:53.869,46.6200,42
56573869401605,15:42:53.869,46.6200,100
56580475266670,15:43:00.475,46.6400,100
56596524843409,15:43:16.524,46.6400,44
56597008101894,15:43:17.008,46.6400,43
56597091629038,15:43:17.091,46.6400,113
56597091629038,15:43:17.091,46.6400,31
56604497164267,15:43:24.497,46.6400,40
56604497371221,15:43:24.497,46.6400,29
56611928376109,15:43:31.928,46.6500,44
56611938990063,15:43:31.938,46.6500,43
56612012928458,15:43:32.012,46.6500,44
56612022631530,15:43:32.022,46.6500,69
56612022631530,15:43:32.022,46.6500,74
56612106196628,15:43:32.106,46.6500,26
56612106196628,15:43:32.106,46.6500,100
56613959955689,15:43:33.959,46.6550,2
56615713103325,15:43:35.713,46.6500,100
56617010729464,15:43:37.010,46.6450,44
56620001225563,15:43:40.001,46.6450,43
56652219769044,15:44:12.219,46.6300,6
56652256435251,15:44:12.256,46.6300,100
56652565317784,15:44:12.565,46.6300,17
56652566291855,15:44:12.566,46.6300,12
56652611598780,15:44:12.611,46.6300,88
56652611598780,15:44:12.611,46.6300,100
56652611598780,15:44:12.611,46.6300,12
56652611630365,15:44:12.611,46.6300,88
56657544801222,15:44:17.544,46.6300,100
56685015217678,15:44:45.015,46.6400,44
56696550008355,15:44:56.550,46.6400,43
56696560803827,15:44:56.560,46.6400,13
56696560803827,15:44:56.560,46.6400,44
56696690563169,15:44:56.690,46.6400,44
56696698050224,15:44:56.698,46.6400,56
56696698050224,15:44:56.698,46.6400,87
56700890662742,15:45:00.890,46.6200,100
56700895612987,15:45:00.895,46.6200,100
56704458076969,15:45:04.458,46.6400,13
56704458076969,15:45:04.458,46.6400,100
56704458076969,15:45:04.458,46.6400,31
56704458457054,15:45:04.458,46.6400,69
56713603388554,15:45:13.603,46.6200,5
56717707745917,15:45:17.707,46.6200,51
56717707757753,15:45:17.707,46.6200,49
56734998175111,15:45:34.998,46.6500,44
56737419771143,15:45:37.419,46.6500,147
56737419786334,15:45:37.419,46.6500,9
56737833940798,15:45:37.833,46.6500,44
56737843251762,15:45:37.843,46.6500,100
56739729734851,15:45:39.729,46.6550,1
56739827754432,15:45:39.827,46.6600,43
56741682475580,15:45:41.682,46.6600,44
56747146580579,15:45:47.146,46.6600,43
56755874064541,15:45:55.874,46.6600,100
56757835958383,15:45:57.835,46.6700,50
56757845758451,15:45:57.845,46.6700,50
56757845758451,15:45:57.845,46.6700,93
56759177974884,15:45:59.177,46.6600,100
56761566856183,15:46:01.566,46.6500,5
56761566939819,15:46:01.566,46.6500,95
56763501881131,15:46:03.501,46.6400,100
56763577482173,15:46:03.577,46.6400,100
56765573527456,15:46:05.573,46.6500,29
56765591684473,15:46:05.591,46.6500,62
56766603515035,15:46:06.603,46.6600,96
56773379643896,15:46:13.379,46.6400,52
56773379662487,15:46:13.379,46.6400,48
56776374534732,15:46:16.374,46.6400,35
56783883451781,15:46:23.883,46.6400,12
56783883451781,15:46:23.883,46.6400,88
56817185510202,15:46:57.185,46.6400,49
56821216513213,15:47:01.216,46.6500,100
56821216577632,15:47:01.216,46.6500,6
56821996570519,15:47:01.996,46.6500,44
56852243218832,15:47:32.243,46.6400,100
56858939460106,15:47:38.939,46.6200,100
56868337154997,15:47:48.337,46.6150,76
56881152038767,15:48:01.152,46.6100,100
56882673975051,15:48:02.673,46.6000,100
56882674796343,15:48:02.674,46.5900,12
56882674844494,15:48:02.674,46.5900,34
56910373161568,15:48:30.373,46.5800,99
56910373307317,15:48:30.373,46.5800,1
56910862509723,15:48:30.862,46.5800,43
56929836479210,15:48:49.836,46.5800,57
56929836479210,15:48:49.836,46.5800,100
56929836479210,15:48:49.836,46.5800,43
56929836480256,15:48:49.836,46.5800,57
56929836480256,15:48:49.836,46.5800,43
56929836491859,15:48:49.836,46.5800,57
56931876962029,15:48:51.876,46.5850,143
56939130255264,15:48:59.130,46.5900,86
56939130267002,15:48:59.130,46.5900,14
56939144763199,15:48:59.144,46.5900,50
56939144831111,15:48:59.144,46.5900,50
56941206216132,15:49:01.206,46.6000,44
56941737641022,15:49:01.737,46.6000,1
56948367761320,15:49:08.367,46.6000,49
56949335793838,15:49:09.335,46.5900,13
56949335793838,15:49:09.335,46.5900,100
56949336970130,15:49:09.336,46.5800,14
56963549589880,15:49:23.549,46.5900,6
56965889737839,15:49:25.889,46.5900,44
56965904876613,15:49:25.904,46.5900,43
56967691320964,15:49:27.691,46.5900,100
56967691488638,15:49:27.691,46.5900,43
56967768890245,15:49:27.768,46.5850,100
56970024843531,15:49:30.024,46.5800,144
56977802402177,15:49:37.802,46.5800,2
56986023708553,15:49:46.023,46.5800,93
57001639654033,15:50:01.639,46.5700,100
57001639654033,15:50:01.639,46.5700,100
57008214581769,15:50:08.214,46.5600,100
57016399761637,15:50:16.399,46.5600,5
57016399761637,15:50:16.399,46.5600,100
57016461462254,15:50:16.461,46.5600,100
57016461462254,15:50:16.461,46.5600,100
57018136576954,15:50:18.136,46.5800,15
57023503571240,15:50:23.503,46.5700,100
57023909730451,15:50:23.909,46.5800,43
57025988373561,15:50:25.988,46.5800,42
57025988373561,15:50:25.988,46.5800,7
57026022118832,15:50:26.022,46.5700,100
57026060993602,15:50:26.060,46.5700,43
57033029625746,15:50:33.029,46.5700,106
57033029638913,15:50:33.029,46.5700,76
57033029638913,15:50:33.029,46.5700,24
57033029639684,15:50:33.029,46.5700,76
57050242835115,15:50:50.242,46.5600,100
57050242835115,15:50:50.242,46.5600,100
57050242835115,15:50:50.242,46.5600,100
57068319568832,15:51:08.319,46.5700,85
57068319568832,15:51:08.319,46.5700,65
57068319587742,15:51:08.319,46.5700,35
57068319587742,15:51:08.319,46.5700,100
57069030521927,15:51:09.030,46.5800,1
57096483520269,15:51:36.483,46.5700,44
57096877017284,15:51:36.877,46.5700,56
57096877017284,15:51:36.877,46.5700,44
57096877051433,15:51:36.877,46.5700,56
57104500900682,15:51:44.500,46.5800,100
57106512802234,15:51:46.512,46.5800,43
57106512802234,15:51:46.512,46.5800,100
57106973042165,15:51:46.973,46.5800,100
57142646995275,15:52:22.646,46.5700,44
57143430985706,15:52:23.430,46.5700,56
57143430985706,15:52:23.430,46.5700,44
57143431020204,15:52:23.431,46.5700,56
57144640166205,15:52:24.640,46.5700,6
57144640166205,15:52:24.640,46.5700,26
57160714229068,15:52:40.714,46.5600,83
57160714229068,15:52:40.714,46.5600,17
57160714356300,15:52:40.714,46.5600,83
57161030053789,15:52:41.030,46.5500,100
57161030728726,15:52:41.030,46.5500,100
57161030728726,15:52:41.030,46.5500,100
57161253104554,15:52:41.253,46.5500,43
57169866430602,15:52:49.866,46.5600,100
57173212597713,15:52:53.212,46.5500,56
57173212597713,15:52:53.212,46.5500,44
57173287504664,15:52:53.287,46.5600,100
57176250989924,15:52:56.250,46.5600,100
57176250989924,15:52:56.250,46.5600,100
57176318679382,15:52:56.318,46.5600,43
57176328918774,15:52:56.328,46.5600,100
57178321711286,15:52:58.321,46.5700,43
57184287141777,15:53:04.287,46.5600,100
57186125868596,15:53:06.125,46.5600,100
57186125868596,15:53:06.125,46.5600,100
57190518098829,15:53:10.518,46.5700,43
57190528851001,15:53:10.528,46.5700,43
57190530487021,15:53:10.530,46.5700,14
57190530487021,15:53:10.530,46.5700,86
57190530516468,15:53:10.530,46.5700,14
57191060169506,15:53:11.060,46.5800,43
57192744510383,15:53:12.744,46.5800,43
57199434476354,15:53:19.434,46.5800,57
57199434476354,15:53:19.434,46.5800,78
57212661303758,15:53:32.661,46.5800,44
57215254609807,15:53:35.254,46.5800,56
57217886763932,15:53:37.886,46.5900,6
57217886763932,15:53:37.886,46.5900,44
57217886763932,15:53:37.886,46.5900,100
57217886763932,15:53:37.886,46.5900,50
57217886806185,15:53:37.886,46.5900,50
57217886812485,15:53:37.886,46.5900,43
57221416472324,15:53:41.416,46.5800,100
57223435128547,15:53:43.435,46.5800,100
57223435128547,15:53:43.435,46.5800,43
57224355591339,15:53:44.355,46.5700,100
57224355643395,15:53:44.355,46.5700,100
57224355643395,15:53:44.355,46.5700,84
57226428442529,15:53:46.428,46.5700,44
57247872968264,15:54:07.872,46.5700,43
57249426989358,15:54:09.426,46.5700,92
57249542038118,15:54:09.542,46.5800,100
57249542038118,15:54:09.542,46.5800,100
57270717114420,15:54:30.717,46.5800,2
57270720808246,15:54:30.720,46.5800,65
57270721336253,15:54:30.721,46.5800,33
57284333948238,15:54:44.333,46.5800,100
57284333953892,15:54:44.333,46.5800,10
57284333953892,15:54:44.333,46.5800,31
57285038042963,15:54:45.038,46.5700,6
57285038042963,15:54:45.038,46.5700,94
57285038091276,15:54:45.038,46.5700,6
57318883820176,15:55:18.883,46.6300,100
57345744590857,15:55:45.744,46.6400,8
57355593329747,15:55:55.593,46.6600,4
57355593329747,15:55:55.593,46.6600,1
57355594817570,15:55:55.594,46.6600,6
57360102953909,15:56:00.102,46.6600,100
57370138477840,15:56:10.138,46.6600,100
57370138477840,15:56:10.138,46.6600,174
57370286209120,15:56:10.286,46.6700,9
57370286209120,15:56:10.286,46.6700,91
57437011646185,15:57:17.011,46.6500,100
57437011646185,15:57:17.011,46.6500,14
57437011646185,15:57:17.011,46.6500,6
57437012660223,15:57:17.012,46.6500,100
57462168044540,15:57:42.168,46.6400,80
57462168046018,15:57:42.168,46.6400,20
57467436496417,15:57:47.436,46.6300,6
57468782891387,15:57:48.782,46.6300,100
57480154534538,15:58:00.154,46.6200,100
57480161058864,15:58:00.161,46.6200,11
57490120615713,15:58:10.120,46.6200,48
57490120615713,15:58:10.120,46.6200,142
57490120615713,15:58:10.120,46.6200,10
57490120743491,15:58:10.120,46.6200,90
57493397317608,15:58:13.397,46.6300,93
57493397326697,15:58:13.397,46.6300,7
57493397326697,15:58:13.397,46.6300,8
57520363663797,15:58:40.363,46.6500,18
57537116844462,15:58:57.116,46.6650,33
57539003303510,15:58:59.003,46.6700,100
57539160718840,15:58:59.160,46.6800,13
57539162099067,15:58:59.162,46.6800,4
57539164140230,15:58:59.164,46.6800,83
57539325860244,15:58:59.325,46.6800,100
57541225848566,15:59:01.225,46.6900,54
57549139121386,15:59:09.139,46.6850,2
57551435657184,15:59:11.435,46.6800,100
57567005357834,15:59:27.005,46.6700,62
57569468100599,15:59:29.468,46.6700,200
57569468100599,15:59:29.468,46.6700,100
57569468100599,15:59:29.468,46.6700,100
57572236832960,15:59:32.236,46.6700,57
57580592358744,15:59:40.592,46.6700,100
57580592388350,15:59:40.592,46.6700,100
57581579899596,15:59:41.579,46.6600,57
57590841115213,15:59:50.841,46.6500,39
57590841138691,15:59:50.841,46.6500,61
57596196629799,15:59:56.196,46.6600,29
57599939851320,15:59:59.939,46.6500,100
57600329360457,16:00:00.329,0.0000,0
