timestamp,time,price,volume
33148846660849,09:12:28.846,128.3900,1
34200819511931,09:30:00.819,0.0000,0
34201690056055,09:30:01.690,127.7400,100
34381737568714,09:33:01.737,127.9250,100
34521414096502,09:35:21.414,128.2000,200
34521414107956,09:35:21.414,128.2000,200
34521414239610,09:35:21.414,128.2300,50
34521414399070,09:35:21.414,128.2000,1100
34521414399070,09:35:21.414,128.2000,50
34521417149519,09:35:21.417,128.2100,10
34521417149519,09:35:21.417,128.2200,10
34521417149519,09:35:21.417,128.2400,80
34523769987204,09:35:23.769,128.2000,10
34523779065982,09:35:23.779,128.1900,100
34530516149257,09:35:30.516,128.1800,40
34530516149257,09:35:30.516,128.1900,100
34530518045466,09:35:30.518,128.2000,66
34530518058347,09:35:30.518,128.2000,134
34562915157661,09:36:02.915,128.2000,66
34562915157661,09:36:02.915,128.2000,134
34666315974737,09:37:46.315,128.0500,200
34666315974737,09:37:46.315,128.0500,100
34826098706224,09:40:26.098,128.1400,100
34840617701294,09:40:40.617,128.1300,100
34840617701294,09:40:40.617,128.1400,100
34840617748609,09:40:40.617,128.1400,200
34840617757954,09:40:40.617,128.1400,100
34886589376043,09:41:26.589,128.0000,100
35288772013290,09:48:08.772,127.7100,100
35290494601672,09:48:10.494,127.7000,100
35333357339839,09:48:53.357,127.5900,100
35421566095248,09:50:21.566,127.7700,400
35423517852447,09:50:23.517,127.8200,200
35423517878347,09:50:23.517,127.8200,300
35748002227384,09:55:48.002,127.7700,1
36010866427958,10:00:10.866,127.5000,6
36010866427958,10:00:10.866,127.5000,94
36010866563756,10:00:10.866,127.5000,106
36010866563756,10:00:10.866,127.5000,1
36166689252591,10:02:46.689,127.5100,100
36321090569311,10:05:21.090,127.2700,167
36655301249960,10:10:55.301,127.3800,140
37093082444466,10:18:13.082,127.3000,100
37251539140361,10:20:51.539,127.5300,100
37373868272184,10:22:53.868,127.5200,100
37509122263298,10:25:09.122,127.5500,3
38112919650355,10:35:12.919,127.6650,200
38156733095819,10:35:56.733,127.7000,2
38230533012475,10:37:10.533,127.7000,20
38240754734128,10:37:20.754,127.6400,48
38375288793580,10:39:35.288,127.6300,100
38539370426477,10:42:19.370,127.6500,100
38713361972114,10:45:13.361,127.7900,132
38713471677323,10:45:13.471,127.7900,5
38713474630776,10:45:13.474,127.7900,63
39015273722248,10:50:15.273,127.7500,5
39278174138298,10:54:38.174,127.6300,100
39605214864995,11:00:05.214,127.7100,18
39663314926007,11:01:03.314,127.8200,100
39663477980271,11:01:03.477,127.8800,50
39663478372036,11:01:03.478,127.8800,62
39663479199068,11:01:03.479,127.8800,61
39663479591668,11:01:03.479,127.8800,62
39664316963060,11:01:04.316,127.9200,100
39738799595184,11:02:18.799,128.0000,200
39738801331265,11:02:18.801,128.0200,100
40124935173074,11:08:44.935,127.7800,69
40124935196921,11:08:44.935,127.7800,1
40134789165419,11:08:54.789,127.7800,200
40134789213651,11:08:54.789,127.7800,200
40134789255779,11:08:54.789,127.7800,200
40135333236394,11:08:55.333,127.7800,100
40148331397200,11:09:08.331,127.7800,49
40148331427633,11:09:08.331,127.7800,447
40288459337375,11:11:28.459,127.8400,100
40288459780288,11:11:28.459,127.8300,100
40492070196833,11:14:52.070,127.8800,100
40531504498855,11:15:31.504,127.8600,100
40531504498855,11:15:31.504,127.8600,100
40640503769461,11:17:20.503,127.8300,100
40680714818822,11:18:00.714,127.8300,100
40728368951987,11:18:48.368,127.8300,24
40728369024859,11:18:48.369,127.8300,76
40731744040173,11:18:51.744,127.8500,100
40810591235106,11:20:10.591,127.7900,100
40810591357074,11:20:10.591,127.7900,100
40825361580189,11:20:25.361,127.7800,100
40867694450181,11:21:07.694,127.7600,100
40867694510520,11:21:07.694,127.7600,100
40930220089941,11:22:10.220,127.7300,24
40933014936644,11:22:13.014,127.7300,76
41028207595614,11:23:48.207,127.7400,100
41101732762908,11:25:01.732,127.7100,100
41102725773531,11:25:02.725,127.7300,100
41110378951906,11:25:10.378,127.7100,100
41140736043675,11:25:40.736,127.7100,100
41141373607303,11:25:41.373,127.7100,100
41148542211847,11:25:48.542,127.6900,100
41150040569594,11:25:50.040,127.6800,100
41150040595567,11:25:50.040,127.6800,100
41150046933070,11:25:50.046,127.6600,41
41167809086556,11:26:07.809,127.6900,100
41172986465430,11:26:12.986,127.6900,100
41252639211190,11:27:32.639,127.6900,100
41252731270745,11:27:32.731,127.6900,100
41277960551554,11:27:57.960,127.7000,100
41283864783434,11:28:03.864,127.7000,100
41283864826582,11:28:03.864,127.7000,100
41315743336849,11:28:35.743,127.6300,27
41398476060862,11:29:58.476,127.6600,400
41634441825172,11:33:54.441,127.7300,200
41634441843793,11:33:54.441,127.7300,200
42520175379124,11:48:40.175,127.8300,200
42520175429557,11:48:40.175,127.8300,100
42520175787885,11:48:40.175,127.8300,200
42870122067006,11:54:30.122,127.7600,100
43111045957892,11:58:31.045,127.8600,151
43111046421302,11:58:31.046,127.8600,100
43111046472780,11:58:31.046,127.8600,49
43167712414922,11:59:27.712,127.8400,200
43338782252895,12:02:18.782,127.8500,100
43625837552906,12:07:05.837,127.9100,100
43625837552906,12:07:05.837,127.9100,200
43629790698979,12:07:09.790,127.9100,14
43629790985814,12:07:09.790,127.9100,86
43629790985814,12:07:09.790,127.9100,14
43629791132930,12:07:09.791,127.9100,86
43629791132930,12:07:09.791,127.9100,14
43629791329363,12:07:09.791,127.9100,86
43698706178391,12:08:18.706,127.9400,100
43805741658795,12:10:05.741,127.9800,56
43805742062303,12:10:05.742,127.9800,200
43810504192472,12:10:10.504,128.0100,100
43879008270968,12:11:19.008,128.0100,100
44026097335002,12:13:46.097,128.0300,200
44058922169182,12:14:18.922,128.0600,185
44058927410972,12:14:18.927,128.0700,100
44088190959737,12:14:48.190,128.0600,100
44376091144424,12:19:36.091,128.2100,52
44376092331139,12:19:36.092,128.2100,48
44541036596825,12:22:21.036,128.4000,12
44706712088776,12:25:06.712,128.3100,52
44706712508230,12:25:06.712,128.3100,41
44780062174802,12:26:20.062,128.3200,100
45012075894473,12:30:12.075,128.2900,100
45136276965361,12:32:16.276,128.2500,1
45197244120754,12:33:17.244,128.2500,100
45202635501193,12:33:22.635,128.2700,84
45234829430243,12:33:54.829,128.2500,100
45234829827617,12:33:54.829,128.2500,98
45321438599718,12:35:21.438,128.2200,13
45523880349594,12:38:43.880,128.1900,100
45523880349594,12:38:43.880,128.1800,35
45523883641726,12:38:43.883,128.1800,17
45544777361688,12:39:04.777,128.1800,100
45579437231142,12:39:39.437,128.1600,100
45613440937417,12:40:13.440,128.1800,40
45694283295187,12:41:34.283,128.2100,51
46534367711639,12:55:34.367,128.2400,100
46934034805387,13:02:14.034,128.3000,1
46934034805387,13:02:14.034,128.3100,299
47143073300890,13:05:43.073,128.3200,70
47143073686361,13:05:43.073,128.3200,29
47241406512987,13:07:21.406,128.3300,200
47444783301038,13:10:44.783,128.2700,100
47444785474031,13:10:44.785,128.2700,100
47444786539528,13:10:44.786,128.2700,100
47731542675322,13:15:31.542,128.2800,40
47731542675322,13:15:31.542,128.2900,60
47823510732370,13:17:03.510,128.2700,100
48521806276522,13:28:41.806,128.2300,42
48949613327932,13:35:49.613,128.2700,97
49027966292025,13:37:07.966,128.2700,87
49232433594727,13:40:32.433,128.3100,500
50154998926575,13:55:54.998,128.3200,28
50154999424392,13:55:54.999,128.3200,172
50156097571652,13:55:56.097,128.2900,171
50279268041739,13:57:59.268,128.3300,10
50330778529301,13:58:50.778,128.3000,30
50402706567159,14:00:02.706,128.3200,100
50407980492323,14:00:07.980,128.5000,100
50423321957083,14:00:23.321,128.6100,100
50537835900128,14:02:17.835,128.5000,200
51176938249703,14:12:56.938,129.1600,100
51176939364319,14:12:56.939,129.1600,100
51234293311302,14:13:54.293,129.1900,2
51234463706084,14:13:54.463,129.2000,101
51234463706084,14:13:54.463,129.2000,100
51272592228183,14:14:32.592,129.2500,250
51286625550230,14:14:46.625,129.2800,41
51286625607514,14:14:46.625,129.2800,59
51300160248832,14:15:00.160,129.2500,71
51300186733518,14:15:00.186,129.2400,2
51300186967464,14:15:00.186,129.2400,98
51300297823600,14:15:00.297,129.1500,11
51307010165712,14:15:07.010,129.2100,100
51307016002124,14:15:07.016,129.2100,50
51307016037829,14:15:07.016,129.2100,148
51400228101396,14:16:40.228,129.2800,22
51400228101396,14:16:40.228,129.2800,50
51472198600964,14:17:52.198,129.2300,19
51709500989432,14:21:49.500,129.3300,100
51759079938652,14:22:39.079,129.3800,80
51759224811817,14:22:39.224,129.4000,100
51942706835295,14:25:42.706,129.5000,2
51942706835295,14:25:42.706,129.5100,268
51971206950190,14:26:11.206,129.4600,100
52442640910413,14:34:02.640,129.3900,2
52579176861031,14:36:19.176,129.3400,100
52579176861031,14:36:19.176,129.3500,100
52709734925736,14:38:29.734,129.4000,100
52728232227997,14:38:48.232,129.5100,200
52808752992944,14:40:08.752,129.3100,100
52939605636441,14:42:19.605,129.4500,200
52981058374717,14:43:01.058,129.4200,100
52986732749832,14:43:06.732,129.4100,100
52986750952760,14:43:06.750,129.4100,100
52996098424076,14:43:16.098,129.3000,100
52996101339875,14:43:16.101,129.3000,100
53110616764163,14:45:10.616,129.4500,100
53167068606121,14:46:07.068,129.5000,300
53167068631181,14:46:07.068,129.5000,1300
53189255858528,14:46:29.255,129.5800,100
53189256327925,14:46:29.256,129.5800,100
53252387499254,14:47:32.387,129.6900,100
53446759396432,14:50:46.759,129.7000,100
53536178510739,14:52:16.178,129.7700,200
53536568248997,14:52:16.568,129.7800,200
53542003910646,14:52:22.003,129.8100,100
53630277990933,14:53:50.277,129.9800,200
53632238532175,14:53:52.238,129.9600,100
53772666434612,14:56:12.666,129.8800,100
53772666788342,14:56:12.666,129.8800,8
53772666802003,14:56:12.666,129.8800,92
53772666802003,14:56:12.666,129.8800,8
53772666815340,14:56:12.666,129.8800,92
53772666818311,14:56:12.666,129.8800,100
53772667037825,14:56:12.667,129.8800,54
53772816549800,14:56:12.816,129.8900,100
53772816575281,14:56:12.816,129.8900,100
53772816575281,14:56:12.816,129.8900,46
53772816575281,14:56:12.816,129.8900,8
53772816575281,14:56:12.816,129.8900,14
53772816586128,14:56:12.816,129.8900,32
53772816600928,14:56:12.816,129.8900,60
53772816600928,14:56:12.816,129.8900,40
53772816626234,14:56:12.816,129.8900,46
53789773741354,14:56:29.773,129.9400,200
53798796492192,14:56:38.796,129.9700,100
53798796492192,14:56:38.796,129.9700,100
53798796492192,14:56:38.796,129.9700,100
53800131113643,14:56:40.131,129.9900,200
53800936702880,14:56:40.936,130.0000,100
53800938755669,14:56:40.938,130.0000,100
53801742908504,14:56:41.742,130.0100,200
53801952496502,14:56:41.952,130.0100,100
53801953487314,14:56:41.953,130.0100,100
53801956024854,14:56:41.956,130.0100,100
53801956353085,14:56:41.956,130.0100,14
53801956353085,14:56:41.956,130.0100,86
53801957464394,14:56:41.957,130.0100,14
53801957464394,14:56:41.957,130.0100,86
53802329829584,14:56:42.329,130.0100,14
53802329829584,14:56:42.329,130.0100,86
53803581376637,14:56:43.581,129.9800,100
53803581725074,14:56:43.581,129.9800,100
53803582899107,14:56:43.582,129.9800,100
53803582899107,14:56:43.582,129.9800,100
53804128178770,14:56:44.128,129.9600,100
53804128178770,14:56:44.128,129.9600,100
53804128178770,14:56:44.128,129.9600,100
53804128178770,14:56:44.128,129.9600,200
53804605863754,14:56:44.605,129.9900,100
53806769461039,14:56:46.769,130.0100,100
53806769874655,14:56:46.769,130.0100,100
53806769901969,14:56:46.769,130.0100,100
53806769901969,14:56:46.769,130.0100,100
53809306686505,14:56:49.306,130.0100,100
53809325938770,14:56:49.325,130.0100,200
53823978649291,14:57:03.978,130.0000,100
53823985739841,14:57:03.985,130.0000,100
53925290871708,14:58:45.290,129.9900,100
53953807550658,14:59:13.807,130.0400,100
54053325281345,15:00:53.325,130.0300,300
54053325353401,15:00:53.325,130.0300,200
54053325431968,15:00:53.325,130.0300,100
54162981705307,15:02:42.981,130.0000,100
54189664681620,15:03:09.664,129.9700,100
54268567428395,15:04:28.567,129.8900,67
54268837351456,15:04:28.837,129.9000,100
54306463845808,15:05:06.463,129.8500,100
54320260698664,15:05:20.260,129.8600,100
54349771890247,15:05:49.771,129.7800,21
54358771823187,15:05:58.771,129.7700,100
54358772296507,15:05:58.772,129.7700,100
54360209356039,15:06:00.209,129.7700,4
54361311457385,15:06:01.311,129.7800,100
54361311801781,15:06:01.311,129.7800,400
54451189552711,15:07:31.189,129.7400,200
54485510560059,15:08:05.510,129.7900,300
54560201045058,15:09:20.201,129.7200,100
54560383887232,15:09:20.383,129.7200,100
54643468173270,15:10:43.468,129.5800,100
54643471699924,15:10:43.471,129.5800,100
54691285025404,15:11:31.285,129.5400,100
54739820765667,15:12:19.820,129.5800,100
54739820805111,15:12:19.820,129.5800,100
54742835791252,15:12:22.835,129.5900,100
54763790666206,15:12:43.790,129.6100,100
54786988736277,15:13:06.988,129.6400,100
54823206908299,15:13:43.206,129.6600,100
54823206908299,15:13:43.206,129.6600,66
54823206934103,15:13:43.206,129.6600,34
54852341974282,15:14:12.341,129.6800,100
54947270277966,15:15:47.270,129.7000,65
54962615184887,15:16:02.615,129.7200,20
54993371329754,15:16:33.371,129.7200,44
54993371378819,15:16:33.371,129.7200,56
54993371378819,15:16:33.371,129.7200,44
54993371405302,15:16:33.371,129.7200,56
55007924155164,15:16:47.924,129.7300,200
55059063767828,15:17:39.063,129.6300,91
55092336251507,15:18:12.336,129.6600,100
55092336311697,15:18:12.336,129.6600,200
55092336346864,15:18:12.336,129.6600,100
55092336359410,15:18:12.336,129.6600,100
55092336568574,15:18:12.336,129.6600,99
55237541889005,15:20:37.541,129.8100,100
55327680237487,15:22:07.680,129.7400,29
55382974684787,15:23:02.974,129.6500,225
55460440729141,15:24:20.440,129.6600,100
55505274020073,15:25:05.274,129.6600,100
55524508467994,15:25:24.508,129.6300,84
55591560849835,15:26:31.560,129.6300,100
55593995171369,15:26:33.995,129.6300,100
55600889344245,15:26:40.889,129.6200,200
55602325938874,15:26:42.325,129.6200,118
55602325966430,15:26:42.325,129.6200,182
55614622166655,15:26:54.622,129.6300,61
55673111118708,15:27:53.111,129.6600,186
55673122091808,15:27:53.122,129.6700,100
55726380004249,15:28:46.380,129.7100,100
55751391888267,15:29:11.391,129.6900,100
55802173912640,15:30:02.173,129.6000,1
55802173912640,15:30:02.173,129.6000,1
55803498542702,15:30:03.498,129.6000,26
55803498542702,15:30:03.498,129.5900,74
55803500082236,15:30:03.500,129.5900,26
55804543406627,15:30:04.543,129.5600,300
55804543651622,15:30:04.543,129.5600,100
55804543663122,15:30:04.543,129.5600,500
55804543777745,15:30:04.543,129.5600,100
55927668616633,15:32:07.668,129.6300,100
55929750132031,15:32:09.750,129.6500,400
55929863612980,15:32:09.863,129.6600,500
55929863612980,15:32:09.863,129.6600,300
55929863680330,15:32:09.863,129.6500,100
55929863697917,15:32:09.863,129.6500,10
55929863805449,15:32:09.863,129.6500,100
55929864660218,15:32:09.864,129.6500,10
55929864660218,15:32:09.864,129.6500,100
55929865622133,15:32:09.865,129.6600,500
55929866357804,15:32:09.866,129.6600,100
55929965956755,15:32:09.965,129.6600,200
55929965956755,15:32:09.965,129.6600,300
55929996650199,15:32:09.996,129.6500,100
55929996650199,15:32:09.996,129.6500,500
55929996650199,15:32:09.996,129.6500,15
55962736757222,15:32:42.736,129.6300,100
56040898095966,15:34:00.898,129.5800,75
56054319650694,15:34:14.319,129.5500,100
56054319675094,15:34:14.319,129.5500,200
56093833603460,15:34:53.833,129.5100,100
56103360099282,15:35:03.360,129.5600,100
56132471152141,15:35:32.471,129.5900,300
56132914539091,15:35:32.914,129.6000,300
56133335813907,15:35:33.335,129.6100,300
56143922423528,15:35:43.922,129.6000,26
56166175948479,15:36:06.175,129.5900,100
56323526051409,15:38:43.526,129.5200,49
56323528248512,15:38:43.528,129.5200,51
56323528248512,15:38:43.528,129.5200,49
56323530664069,15:38:43.530,129.5200,51
56327707618329,15:38:47.707,129.5100,100
56363195017257,15:39:23.195,129.4500,100
56383293147836,15:39:43.293,129.4400,10
56383293181629,15:39:43.293,129.4400,90
56403549100950,15:40:03.549,129.4100,100
56426620534369,15:40:26.620,129.4200,50
56426620609921,15:40:26.620,129.4200,7
56427394646157,15:40:27.394,129.4200,43
56439127788655,15:40:39.127,129.4200,100
56439128203655,15:40:39.128,129.4200,100
56463194668940,15:41:03.194,129.4000,100
56474935082755,15:41:14.935,129.4300,19
56480686979969,15:41:20.686,129.4000,100
56580109428018,15:43:00.109,129.4000,39
56580111627812,15:43:00.111,129.4000,39
56580113975085,15:43:00.113,129.4000,61
56580119292168,15:43:00.119,129.4000,4
56649962005359,15:44:09.962,129.4600,1
56697789075779,15:44:57.789,129.4300,100
56701715721525,15:45:01.715,129.4400,100
56816404670941,15:46:56.404,129.5400,100
56945026282693,15:49:05.026,129.5600,51
56952793092961,15:49:12.793,129.5500,1
56954525162298,15:49:14.525,129.5500,200
56965691658097,15:49:25.691,129.5700,100
57000843986891,15:50:00.843,129.5400,100
57000844626608,15:50:00.844,129.5400,100
57035842784376,15:50:35.842,129.5600,90
57056685658327,15:50:56.685,129.5200,2
57056685693853,15:50:56.685,129.5200,98
57066789813948,15:51:06.789,129.5000,20
57076022368542,15:51:16.022,129.5300,100
57077843067091,15:51:17.843,129.5200,1
57129336748569,15:52:09.336,129.5000,175
57129336785813,15:52:09.336,129.5000,25
57130115452778,15:52:10.115,129.4900,100
57130146551014,15:52:10.146,129.4900,100
57130146551014,15:52:10.146,129.4900,11
57195923681252,15:53:15.923,129.4500,100
57203968067686,15:53:23.968,129.4300,9
57241572695045,15:54:01.572,129.4300,190
57300043481951,15:55:00.043,129.4500,100
57300050892316,15:55:00.050,129.4500,100
57310123681044,15:55:10.123,129.5600,51
57310124441379,15:55:10.124,129.5600,49
57310129207429,15:55:10.129,129.5700,49
57310129884164,15:55:10.129,129.5700,51
57418351409259,15:56:58.351,129.6200,116
57438383290908,15:57:18.383,129.6300,5
57455071169105,15:57:35.071,129.6300,59
57483079958573,15:58:03.079,129.5700,1100
57547172130526,15:59:07.172,129.6600,44
57549171475013,15:59:09.171,129.6600,40
57549171475013,15:59:09.171,129.6500,44
57564082146622,15:59:24.082,129.6300,300
57564082146622,15:59:24.082,129.6300,64
57564082146622,15:59:24.082,129.6300,100
57569454312926,15:59:29.454,129.6400,100
57570020501841,15:59:30.020,129.6400,200
57570020649464,15:59:30.020,129.6400,100
57590140640423,15:59:50.140,129.6300,87
57596021123920,15:59:56.021,129.6600,8
57596295548664,15:59:56.295,129.6600,1
57600314717069,16:00:00.314,0.0000,0
