timestamp,time,price,volume
34199785616543,09:29:59.785,14.7300,100
34200600476488,09:30:00.600,14.6300,15155
34292086942291,09:31:32.086,14.6900,6
34292086987286,09:31:32.086,14.6900,3
34292089625126,09:31:32.089,14.6900,400
34292098118815,09:31:32.098,14.7100,934
34292103961667,09:31:32.103,14.7250,100
34309047522324,09:31:49.047,14.7400,200
34309105305007,09:31:49.105,14.7500,200
34309105305007,09:31:49.105,14.7500,1
34325090771832,09:32:05.090,14.7500,1
34325090798738,09:32:05.090,14.7700,100
34448181541222,09:34:08.181,14.7800,100
34448234552817,09:34:08.234,14.7100,100
34451125031836,09:34:11.125,14.7000,23
34470257696258,09:34:30.257,14.7100,100
34470257817074,09:34:30.257,14.7000,177
34516641490284,09:35:16.641,14.6900,100
34547181582500,09:35:47.181,14.7450,100
34547181588896,09:35:47.181,14.7000,75
34547182031790,09:35:47.182,14.7000,25
34547182031790,09:35:47.182,14.7000,100
34547187670292,09:35:47.187,14.6900,60
34547188001218,09:35:47.188,14.6900,60
34547188211658,09:35:47.188,14.6900,40
34547188211658,09:35:47.188,14.6800,60
34547188238620,09:35:47.188,14.6800,40
34554198286293,09:35:54.198,14.6600,100
34642061676687,09:37:22.061,14.7300,2
34731018304997,09:38:51.018,14.7500,37
34731018330005,09:38:51.018,14.7500,63
34731018496150,09:38:51.018,14.7700,35
34731019460104,09:38:51.019,14.7700,63
34731049622621,09:38:51.049,14.7700,2
34731049622621,09:38:51.049,14.7800,98
34731052370139,09:38:51.052,14.7800,2
34731052370139,09:38:51.052,14.7800,98
34841003917341,09:40:41.003,14.7900,100
34841009831364,09:40:41.009,14.7800,100
34841009831364,09:40:41.009,14.7700,100
34843478245024,09:40:43.478,14.7600,100
34843478245024,09:40:43.478,14.7600,100
34843478779670,09:40:43.478,14.7300,100
34858590581937,09:40:58.590,14.7400,100
34909019205956,09:41:49.019,14.7250,100
34909019336574,09:41:49.019,14.7700,50
34922628358496,09:42:02.628,14.7200,100
34924074277353,09:42:04.074,14.6900,100
34924074277353,09:42:04.074,14.6800,100
34924074277353,09:42:04.074,14.6700,100
34924074277353,09:42:04.074,14.6700,100
34924074837636,09:42:04.074,14.6500,22
34924074950717,09:42:04.074,14.6500,28
34924074954290,09:42:04.074,14.6500,50
34924075559923,09:42:04.075,14.6500,200
34924075596383,09:42:04.075,14.6500,85
34924075609717,09:42:04.075,14.6500,200
34924075616933,09:42:04.075,14.6500,100
34924075619650,09:42:04.075,14.6500,15
34924075705869,09:42:04.075,14.6500,300
34924076468961,09:42:04.076,14.6400,1
34924136642376,09:42:04.136,14.6400,100
34928854866253,09:42:08.854,14.6100,100
34928854866253,09:42:08.854,14.6100,300
34949734063479,09:42:29.734,14.5700,100
34999276762267,09:43:19.276,14.5700,100
35006553059472,09:43:26.553,14.6200,4
35035654256929,09:43:55.654,14.6300,100
35035654256929,09:43:55.654,14.6300,100
35035654256929,09:43:55.654,14.6300,100
35035654256929,09:43:55.654,14.6300,100
35035654256929,09:43:55.654,14.6300,2
35035654256929,09:43:55.654,14.6300,98
35048063670115,09:44:08.063,14.6450,100
35068822835342,09:44:28.822,14.6000,100
35068824779940,09:44:28.824,14.5900,100
35068839606408,09:44:28.839,14.5700,80
35068878769760,09:44:28.878,14.5700,100
35070343254097,09:44:30.343,14.5500,10
35106595619017,09:45:06.595,14.5500,8
35128167860768,09:45:28.167,14.5700,100
35128174678630,09:45:28.174,14.5500,92
35128174678630,09:45:28.174,14.5500,100
35132321616523,09:45:32.321,14.5000,100
35132321626317,09:45:32.321,14.5000,37
35132321633417,09:45:32.321,14.5000,63
35146166921163,09:45:46.166,14.4500,100
35146166921163,09:45:46.166,14.4500,100
35146166921163,09:45:46.166,14.4500,38
35146167263258,09:45:46.167,14.4400,100
35146167264939,09:45:46.167,14.4400,100
35146167646476,09:45:46.167,14.4800,22
35146167650227,09:45:46.167,14.4800,50
35146167673542,09:45:46.167,14.4800,28
35146168580022,09:45:46.168,14.4700,7
35146192863168,09:45:46.192,14.4900,100
35146192863168,09:45:46.192,14.4900,100
35146211493787,09:45:46.211,14.5000,25
35146228633141,09:45:46.228,14.5300,200
35146228633141,09:45:46.228,14.5400,200
35146250894492,09:45:46.250,14.5400,200
35146251312628,09:45:46.251,14.5200,100
35146271380172,09:45:46.271,14.5400,100
35146271380172,09:45:46.271,14.5400,100
35146271380172,09:45:46.271,14.5400,100
35146281443272,09:45:46.281,14.5100,100
35146281700317,09:45:46.281,14.5100,100
35146281700317,09:45:46.281,14.5100,100
35146290700958,09:45:46.290,14.5200,100
35146290700958,09:45:46.290,14.5200,100
35146290700958,09:45:46.290,14.5200,7
35146290700958,09:45:46.290,14.5200,93
35146290728639,09:45:46.290,14.5200,7
35146291238523,09:45:46.291,14.5100,100
35146310804858,09:45:46.310,14.5200,100
35146310804858,09:45:46.310,14.5200,100
35146331214624,09:45:46.331,14.5400,100
35146331214624,09:45:46.331,14.5400,100
35146331735152,09:45:46.331,14.5200,100
35146331735152,09:45:46.331,14.5200,100
35146332014128,09:45:46.332,14.5300,100
35146333770127,09:45:46.333,14.5200,100
35146339398778,09:45:46.339,14.5300,100
35146356686568,09:45:46.356,14.5400,100
35146357745696,09:45:46.357,14.5300,100
35146357745696,09:45:46.357,14.5300,100
35186884967350,09:46:26.884,14.4500,282
35186885023927,09:46:26.885,14.4500,18
35197816073810,09:46:37.816,14.4500,6
35221105673970,09:47:01.105,14.4500,7
35221105681766,09:47:01.105,14.4500,8
35221105681766,09:47:01.105,14.4500,42
35221105725578,09:47:01.105,14.4500,58
35221105725578,09:47:01.105,14.4500,142
35221105729689,09:47:01.105,14.4500,53
35221105729689,09:47:01.105,14.4500,47
35221105755964,09:47:01.105,14.4500,53
35221105829538,09:47:01.105,14.4500,300
35221106054011,09:47:01.106,14.4500,200
35221106184664,09:47:01.106,14.4600,100
35221111127701,09:47:01.111,14.4600,200
35221111561604,09:47:01.111,14.4600,13
35221111778302,09:47:01.111,14.4600,87
35221116152711,09:47:01.116,14.4600,13
35292304797271,09:48:12.304,14.4600,100
35332892399967,09:48:52.892,14.4550,100
35370048406697,09:49:30.048,14.4400,100
35378213970399,09:49:38.213,14.4400,100
35378214014131,09:49:38.214,14.4400,100
35378214280968,09:49:38.214,14.4400,100
35380158221050,09:49:40.158,14.4200,100
35382075597334,09:49:42.075,14.4300,100
35385123604897,09:49:45.123,14.4300,100
35385196000049,09:49:45.196,14.4200,100
35388167283575,09:49:48.167,14.4300,100
35423224589635,09:50:23.224,14.4100,100
35423225837237,09:50:23.225,14.4000,700
35423225861280,09:50:23.225,14.4000,4300
35423226005506,09:50:23.226,14.4000,100
35423226299628,09:50:23.226,14.4000,200
35423226299628,09:50:23.226,14.4000,100
35423226435752,09:50:23.226,14.4000,62
35423226471702,09:50:23.226,14.4000,38
35424422909199,09:50:24.422,14.4000,100
35424422909199,09:50:24.422,14.4000,100
35424422964330,09:50:24.422,14.4000,100
35424423865345,09:50:24.423,14.4000,100
35424424333656,09:50:24.424,14.4100,100
35434100281667,09:50:34.100,14.4100,100
35434100281667,09:50:34.100,14.4100,100
35440280040472,09:50:40.280,14.4000,100
35440281144401,09:50:40.281,14.4000,100
35443418186016,09:50:43.418,14.4100,100
35443418263868,09:50:43.418,14.4200,100
35443418288532,09:50:43.418,14.4200,100
35443468402745,09:50:43.468,14.4300,2
35443468428684,09:50:43.468,14.4300,98
35443468428684,09:50:43.468,14.4300,102
35443518538150,09:50:43.518,14.4400,100
35443518538150,09:50:43.518,14.4400,2
35445573743211,09:50:45.573,14.4500,100
35481758280897,09:51:21.758,14.4700,100
35481758346553,09:51:21.758,14.4700,100
35502261225375,09:51:42.261,14.4900,100
35502261225375,09:51:42.261,14.4900,100
35527599705220,09:52:07.599,14.5050,100
35527599705220,09:52:07.599,14.5000,100
35527599741303,09:52:07.599,14.5000,100
35539533512808,09:52:19.533,14.4800,100
35593505670685,09:53:13.505,14.4700,30
35593505670685,09:53:13.505,14.4700,70
35593506024025,09:53:13.506,14.4700,50
35593506031054,09:53:13.506,14.4700,27
35593525857509,09:53:13.525,14.4600,100
35593525857509,09:53:13.525,14.4600,84
35593525952312,09:53:13.525,14.4600,16
35593556192775,09:53:13.556,14.4600,100
35607050555015,09:53:27.050,14.4500,100
35643363836008,09:54:03.363,14.3500,100
35681126471337,09:54:41.126,14.3000,100
35681126471337,09:54:41.126,14.2900,100
35685274800399,09:54:45.274,14.3100,100
35707694880804,09:55:07.694,14.3200,100
35718292385564,09:55:18.292,14.3200,100
35718292853813,09:55:18.292,14.3300,100
35718293457904,09:55:18.293,14.3300,100
35718293457904,09:55:18.293,14.3300,100
35718489834842,09:55:18.489,14.3300,100
35718618209759,09:55:18.618,14.3300,100
35719240187795,09:55:19.240,14.3300,100
35719241142565,09:55:19.241,14.3400,100
35719241142565,09:55:19.241,14.3400,100
35719241439876,09:55:19.241,14.3400,70
35719241945821,09:55:19.241,14.3500,100
35719241970780,09:55:19.241,14.3500,100
35719242094337,09:55:19.242,14.3500,100
35719454600906,09:55:19.454,14.3500,200
35719575599842,09:55:19.575,14.3500,30
35719575599842,09:55:19.575,14.3500,70
35719576028089,09:55:19.576,14.3500,30
35719576028089,09:55:19.576,14.3500,100
35719680000291,09:55:19.680,14.3500,100
35733344217769,09:55:33.344,14.3400,100
35733344362577,09:55:33.344,14.3400,100
35774608374866,09:56:14.608,14.3400,100
35774664486156,09:56:14.664,14.3600,100
35774749343172,09:56:14.749,14.3600,100
35775085952805,09:56:15.085,14.3600,100
35776057493692,09:56:16.057,14.3300,100
35807337660689,09:56:47.337,14.3300,100
35810022712107,09:56:50.022,14.3400,100
35810023133834,09:56:50.023,14.3500,100
35810023133834,09:56:50.023,14.3500,100
35810023273738,09:56:50.023,14.3500,100
35815304683334,09:56:55.304,14.3200,200
35825294768447,09:57:05.294,14.3300,100
35825294768447,09:57:05.294,14.3300,44
35825347175992,09:57:05.347,14.3200,300
35904049295701,09:58:24.049,14.3200,4
35920723990802,09:58:40.723,14.3000,100
35920723990802,09:58:40.723,14.2800,100
35920723990802,09:58:40.723,14.2800,100
35920723990802,09:58:40.723,14.2800,200
35920724892435,09:58:40.724,14.2800,500
35920724892435,09:58:40.724,14.2800,100
35920725064437,09:58:40.725,14.2900,100
35920725064437,09:58:40.725,14.2900,100
35920817715228,09:58:40.817,14.2900,100
35920856073371,09:58:40.856,14.2900,100
35920856073371,09:58:40.856,14.2900,100
35925080011579,09:58:45.080,14.2500,200
35925080011579,09:58:45.080,14.2500,2000
35925095177365,09:58:45.095,14.2400,100
35925095177365,09:58:45.095,14.2400,100
35931544094698,09:58:51.544,14.2100,86
35931544165102,09:58:51.544,14.2100,14
35943844668297,09:59:03.844,14.2000,100
35943845080285,09:59:03.845,14.2000,100
35943845373322,09:59:03.845,14.2000,100
35943845373322,09:59:03.845,14.2100,100
35943845816523,09:59:03.845,14.2000,100
35943845816523,09:59:03.845,14.2000,100
35943847719339,09:59:03.847,14.1800,100
35943847719339,09:59:03.847,14.1800,100
35943847909287,09:59:03.847,14.1900,26
35943847926526,09:59:03.847,14.1900,74
35943848143895,09:59:03.848,14.2000,200
35943850177295,09:59:03.850,14.1900,100
35944537463252,09:59:04.537,14.1900,200
35944537463252,09:59:04.537,14.2000,100
35944539316477,09:59:04.539,14.2000,100
35944539611883,09:59:04.539,14.2100,100
35944550372763,09:59:04.550,14.2200,100
35944550541424,09:59:04.550,14.2300,200
35944550541424,09:59:04.550,14.2300,100
35944550541424,09:59:04.550,14.2300,100
35944551933373,09:59:04.551,14.2200,100
35944559393935,09:59:04.559,14.2100,100
35944615172180,09:59:04.615,14.2100,100
35944616649945,09:59:04.616,14.2000,100
35965406604094,09:59:25.406,14.2000,100
35965406604094,09:59:25.406,14.2000,400
35965407297508,09:59:25.407,14.2000,100
35965407473866,09:59:25.407,14.2000,100
35965407473866,09:59:25.407,14.2000,100
35965410248867,09:59:25.410,14.2000,100
35965410248867,09:59:25.410,14.2000,200
35965410327456,09:59:25.410,14.2100,100
35965411189563,09:59:25.411,14.2000,100
35965411189563,09:59:25.411,14.2000,200
35965420173301,09:59:25.420,14.2000,100
35965420340347,09:59:25.420,14.2000,100
35965481098617,09:59:25.481,14.2000,100
35970313672471,09:59:30.313,14.2100,100
35970314145177,09:59:30.314,14.2000,100
35972781674052,09:59:32.781,14.2200,300
35975217573716,09:59:35.217,14.2300,100
35975217573716,09:59:35.217,14.2300,100
36015021371724,10:00:15.021,14.2300,100
36015021371724,10:00:15.021,14.2300,100
36019447574255,10:00:19.447,14.2300,28
36019448156961,10:00:19.448,14.2400,20
36019448179971,10:00:19.448,14.2400,80
36019448179971,10:00:19.448,14.2400,9
36019498313464,10:00:19.498,14.2600,100
36118012433235,10:01:58.012,14.2900,100
36118012433235,10:01:58.012,14.2900,100
36118012603813,10:01:58.012,14.2900,100
36118012603813,10:01:58.012,14.2900,100
36118012603813,10:01:58.012,14.2900,100
36123215586931,10:02:03.215,14.3000,100
36129741140761,10:02:09.741,14.2900,100
36130022965698,10:02:10.022,14.3000,100
36135488556213,10:02:15.488,14.3200,61
36137237220325,10:02:17.237,14.3000,1
36165052991311,10:02:45.052,14.3000,100
36165053005938,10:02:45.053,14.2900,100
36165053046717,10:02:45.053,14.2800,100
36165053051478,10:02:45.053,14.2800,137
36165053160518,10:02:45.053,14.2800,37
36165053253588,10:02:45.053,14.2800,100
36165053289886,10:02:45.053,14.2800,126
36187851595461,10:03:07.851,14.2500,13
36187851598491,10:03:07.851,14.2500,50
36187852010695,10:03:07.852,14.2500,37
36187852010695,10:03:07.852,14.2500,100
36187854979229,10:03:07.854,14.2500,100
36187855952297,10:03:07.855,14.2500,100
36254372167292,10:04:14.372,14.2200,100
36255021102987,10:04:15.021,14.2300,8
36255321202197,10:04:15.321,14.2200,100
36255321242110,10:04:15.321,14.2200,3
36262547302696,10:04:22.547,14.2100,100
36262547302696,10:04:22.547,14.2100,100
36273752843121,10:04:33.752,14.2100,1
36273752843121,10:04:33.752,14.2100,99
36280080923878,10:04:40.080,14.2100,1
36280095141475,10:04:40.095,14.2100,100
36280095141475,10:04:40.095,14.2100,100
36280095141475,10:04:40.095,14.2100,100
36280095141475,10:04:40.095,14.2100,100
36280112815046,10:04:40.112,14.2000,100
36280113698309,10:04:40.113,14.1900,100
36280113989495,10:04:40.113,14.1900,100
36285291065153,10:04:45.291,14.1900,100
36290023329836,10:04:50.023,14.2000,100
36290023329836,10:04:50.023,14.2000,200
36290023621438,10:04:50.023,14.2000,100
36290024781880,10:04:50.024,14.2000,100
36290026595131,10:04:50.026,14.2200,7
36290037167027,10:04:50.037,14.2200,93
36290037167027,10:04:50.037,14.2200,7
36290037218125,10:04:50.037,14.2200,93
36311309161562,10:05:11.309,14.1800,1100
36311309483158,10:05:11.309,14.1800,800
36311309490067,10:05:11.309,14.1800,766
36311309503598,10:05:11.309,14.1800,200
36311309509329,10:05:11.309,14.1800,200
36311309528707,10:05:11.309,14.1800,100
36311309536483,10:05:11.309,14.1800,100
36311309605951,10:05:11.309,14.1800,634
36311310499314,10:05:11.310,14.1700,100
36312031967304,10:05:12.031,14.1600,100
36321504288100,10:05:21.504,14.1600,100
36341873446715,10:05:41.873,14.1900,100
36341873446715,10:05:41.873,14.1900,100
36341873446715,10:05:41.873,14.1900,100
36341873446715,10:05:41.873,14.1900,100
36341924302324,10:05:41.924,14.2100,700
36341924326511,10:05:41.924,14.2100,200
36341925063145,10:05:41.925,14.2300,37
36341925087869,10:05:41.925,14.2300,63
36341925087869,10:05:41.925,14.2300,37
36341925258429,10:05:41.925,14.2300,63
36341925258429,10:05:41.925,14.2300,37
36341925465128,10:05:41.925,14.2300,63
36342299949493,10:05:42.299,14.2300,100
36342536414628,10:05:42.536,14.2300,3
36342567079392,10:05:42.567,14.2400,100
36342567079392,10:05:42.567,14.2400,100
36342567100634,10:05:42.567,14.2400,100
36343382799220,10:05:43.382,14.2500,100
36343382799220,10:05:43.382,14.2500,100
36360305744839,10:06:00.305,14.3000,100
36375958974002,10:06:15.958,14.2900,100
36375959203402,10:06:15.959,14.2800,1
36375959203402,10:06:15.959,14.2800,100
36388904740901,10:06:28.904,14.2900,100
36388904882400,10:06:28.904,14.2900,100
36388955144037,10:06:28.955,14.3000,500
36394068252054,10:06:34.068,14.3400,100
36394068709231,10:06:34.068,14.3500,39
36394069026463,10:06:34.069,14.3500,100
36394069622417,10:06:34.069,14.3500,100
36394071394363,10:06:34.071,14.3700,100
36394071394363,10:06:34.071,14.3700,100
36394072253854,10:06:34.072,14.3800,100
36394074215445,10:06:34.074,14.3800,100
36394088170581,10:06:34.088,14.3800,300
36394088170581,10:06:34.088,14.3800,100
36394088170581,10:06:34.088,14.3800,100
36394088170581,10:06:34.088,14.3800,100
36395036337220,10:06:35.036,14.3900,100
36395036337220,10:06:35.036,14.3900,100
36395037263457,10:06:35.037,14.3900,100
36395037263457,10:06:35.037,14.3900,100
36395037388746,10:06:35.037,14.3800,400
36395037835756,10:06:35.037,14.3800,100
36395037835756,10:06:35.037,14.3800,100
36395037905435,10:06:35.037,14.3800,100
36395037922244,10:06:35.037,14.3800,100
36395037954436,10:06:35.037,14.3800,200
36395037988010,10:06:35.037,14.3800,100
36395038578445,10:06:35.038,14.3800,200
36395038578445,10:06:35.038,14.3800,100
36421771790790,10:07:01.771,14.3100,100
36421771790790,10:07:01.771,14.3100,100
36421872647203,10:07:01.872,14.3200,100
36463879173191,10:07:43.879,14.3000,100
36463879173191,10:07:43.879,14.3000,100
36463879589073,10:07:43.879,14.3000,65
36463879589073,10:07:43.879,14.3000,77
36500267721522,10:08:20.267,14.3100,100
36500267721522,10:08:20.267,14.3100,1
36500267721522,10:08:20.267,14.3100,100
36500267721522,10:08:20.267,14.3100,41
36502336964935,10:08:22.336,14.3400,100
36502336964935,10:08:22.336,14.3400,100
36502337381558,10:08:22.337,14.3500,13
36502337399452,10:08:22.337,14.3500,50
36502337659315,10:08:22.337,14.3500,24
36502337683638,10:08:22.337,14.3500,13
36505014769294,10:08:25.014,14.3800,100
36505014769294,10:08:25.014,14.3800,100
36517773094151,10:08:37.773,14.3600,100
36517773740030,10:08:37.773,14.3500,100
36597332051841,10:09:57.332,14.3500,100
36607234937377,10:10:07.234,14.3400,50
36607240578167,10:10:07.240,14.3400,50
36607240578167,10:10:07.240,14.3300,50
36607240613572,10:10:07.240,14.3300,50
36607240619145,10:10:07.240,14.3300,1
36618977087522,10:10:18.977,14.3300,100
36618977087522,10:10:18.977,14.3300,1
36618977371909,10:10:18.977,14.3300,39
36620444205253,10:10:20.444,14.3450,100
36620444205253,10:10:20.444,14.3600,100
36620444205253,10:10:20.444,14.3600,300
36620444997431,10:10:20.444,14.3700,5
36620445023759,10:10:20.445,14.3700,95
36620445023759,10:10:20.445,14.3700,100
36673158670816,10:11:13.158,14.3600,20
36673222717525,10:11:13.222,14.3600,100
36708840172966,10:11:48.840,14.3700,100
36742654994205,10:12:22.654,14.3800,100
36742654994205,10:12:22.654,14.3800,100
36742654994205,10:12:22.654,14.3800,100
36742654994205,10:12:22.654,14.3800,100
36742654994205,10:12:22.654,14.3800,1
36742656023504,10:12:22.656,14.4100,26
36775524237759,10:12:55.524,14.4000,100
36787122456113,10:13:07.122,14.4100,3
36929427404709,10:15:29.427,14.3800,4
36960022712205,10:16:00.022,14.3800,100
36960022712205,10:16:00.022,14.3800,200
36960022712205,10:16:00.022,14.3800,100
36960022739208,10:16:00.022,14.3800,1
36960023917075,10:16:00.023,14.4000,70
36960023957723,10:16:00.023,14.4000,30
36967499872157,10:16:07.499,14.3850,100
36967499961465,10:16:07.499,14.3800,500
36967500103736,10:16:07.500,14.3700,10
37063575087367,10:17:43.575,14.3400,100
37063575395588,10:17:43.575,14.3500,100
37063575395588,10:17:43.575,14.3500,1
37063575395588,10:17:43.575,14.3500,100
37091159747222,10:18:11.159,14.3400,100
37093221455523,10:18:13.221,14.3300,100
37093221803858,10:18:13.221,14.3300,80
37093221841943,10:18:13.221,14.3300,20
37101223562787,10:18:21.223,14.3300,100
37101223676518,10:18:21.223,14.3300,10
37101224052675,10:18:21.224,14.3300,90
37101224052675,10:18:21.224,14.3300,100
37101224241297,10:18:21.224,14.3300,100
37101224241297,10:18:21.224,14.3300,100
37101224241297,10:18:21.224,14.3300,100
37101224241297,10:18:21.224,14.3300,100
37109185959288,10:18:29.185,14.3400,1
37109185959288,10:18:29.185,14.3400,100
37109186030980,10:18:29.186,14.3400,100
37109186030980,10:18:29.186,14.3400,100
37109186036312,10:18:29.186,14.3400,100
37109186786683,10:18:29.186,14.3500,100
37109186786683,10:18:29.186,14.3500,100
37109186830006,10:18:29.186,14.3500,100
37109189227011,10:18:29.189,14.3500,100
37140028593649,10:19:00.028,14.3400,100
37140028612834,10:19:00.028,14.3500,100
37225025555481,10:20:25.025,14.3700,100
37225025596446,10:20:25.025,14.3700,100
37225025672400,10:20:25.025,14.3700,100
37225025672400,10:20:25.025,14.3700,1
37225027246959,10:20:25.027,14.3800,100
37225028119104,10:20:25.028,14.3800,100
37239501174908,10:20:39.501,14.3900,100
37254237970150,10:20:54.237,14.3900,20
37267974832631,10:21:07.974,14.3800,100
37268223692010,10:21:08.223,14.3800,100
37275121010688,10:21:15.121,14.3750,100
37275121188486,10:21:15.121,14.3700,100
37275121938602,10:21:15.121,14.3600,100
37275122401126,10:21:15.122,14.3600,35
37275122422829,10:21:15.122,14.3600,65
37275122422829,10:21:15.122,14.3600,100
37275577695097,10:21:15.577,14.3600,45
37275967391439,10:21:15.967,14.3600,100
37303997804344,10:21:43.997,14.3500,100
37303997829817,10:21:43.997,14.3500,1400
37305124351204,10:21:45.124,14.3400,100
37305124439986,10:21:45.124,14.3300,100
37319320252177,10:21:59.320,14.3400,90
37319320293873,10:21:59.320,14.3400,10
37323954386344,10:22:03.954,14.3500,100
37323954399028,10:22:03.954,14.3500,1
37323955310942,10:22:03.955,14.3600,100
37323955414450,10:22:03.955,14.3600,7
37406462328299,10:23:26.462,14.3500,4
37415260251470,10:23:35.260,14.3500,100
37415260251470,10:23:35.260,14.3500,200
37415260251470,10:23:35.260,14.3500,200
37415260251470,10:23:35.260,14.3500,100
37415260639323,10:23:35.260,14.3500,100
37429148225757,10:23:49.148,14.3500,50
37447209223073,10:24:07.209,14.3550,100
37447209223073,10:24:07.209,14.3400,100
37447214197874,10:24:07.214,14.3400,1
37447281367521,10:24:07.281,14.3400,40
37528118948117,10:25:28.118,14.3500,100
37528118948117,10:25:28.118,14.3500,100
37528118948117,10:25:28.118,14.3500,100
37532833684873,10:25:32.833,14.3700,100
37569281025362,10:26:09.281,14.3700,100
37623475606667,10:27:03.475,14.3500,100
37623507739653,10:27:03.507,14.3500,100
37624433140835,10:27:04.433,14.3600,100
37624483263856,10:27:04.483,14.3700,100
37624483642242,10:27:04.483,14.3800,100
37651509250037,10:27:31.509,14.3800,3
37653165246355,10:27:33.165,14.3800,97
37732867873043,10:28:52.867,14.3800,100
37732867879488,10:28:52.867,14.3800,136
37732867893547,10:28:52.867,14.3800,64
37778192215169,10:29:38.192,14.4000,100
37778192215169,10:29:38.192,14.4000,1
37778192215169,10:29:38.192,14.4000,100
37778193670179,10:29:38.193,14.4100,100
37778193670179,10:29:38.193,14.4100,100
37778195024983,10:29:38.195,14.4200,100
37778195024983,10:29:38.195,14.4200,100
37778196415112,10:29:38.196,14.4300,100
37792470841465,10:29:52.470,14.4400,100
37801561236210,10:30:01.561,14.4300,265
37801561424923,10:30:01.561,14.4300,134
37801563290222,10:30:01.563,14.4300,34
37801566868063,10:30:01.566,14.4300,66
37801566868063,10:30:01.566,14.4300,83
37802791287593,10:30:02.791,14.4300,100
37804779006232,10:30:04.779,14.4300,1
37820023429216,10:30:20.023,14.4400,100
37881309849290,10:31:21.309,14.4700,178
37881309849290,10:31:21.309,14.4700,100
37881309849290,10:31:21.309,14.4800,2200
37881310273763,10:31:21.310,14.4900,37
37881310282925,10:31:21.310,14.4900,63
37909753394440,10:31:49.753,14.4800,100
37923479510999,10:32:03.479,14.4900,100
37923479510999,10:32:03.479,14.4900,100
37923479537168,10:32:03.479,14.4900,100
37923479537168,10:32:03.479,14.4900,100
37923479537168,10:32:03.479,14.4900,1
37932363242399,10:32:12.363,14.5000,100
37932363242399,10:32:12.363,14.5000,100
37932365678222,10:32:12.365,14.5100,100
37932365678222,10:32:12.365,14.5100,100
37932366099703,10:32:12.366,14.5200,100
37942588309637,10:32:22.588,14.5400,100
37942588380349,10:32:22.588,14.5500,100
37942612815691,10:32:22.612,14.5600,100
37942612815691,10:32:22.612,14.5600,100
37942613933994,10:32:22.613,14.5600,100
37942613933994,10:32:22.613,14.5600,200
37942626210374,10:32:22.626,14.5600,100
38012880663299,10:33:32.880,14.5300,100
38012880663299,10:33:32.880,14.5300,100
38012880663299,10:33:32.880,14.5300,100
38016335503449,10:33:36.335,14.5100,200
38016335539506,10:33:36.335,14.5100,906
38016335552126,10:33:36.335,14.5100,200
38016335562132,10:33:36.335,14.5100,37
38016335580007,10:33:36.335,14.5100,157
38016336835002,10:33:36.336,14.5000,100
38024219324595,10:33:44.219,14.4900,200
38049207946303,10:34:09.207,14.5000,100
38049207946303,10:34:09.207,14.5000,1
38049207946303,10:34:09.207,14.5000,100
38049321945409,10:34:09.321,14.5100,100
38110059318033,10:35:10.059,14.4800,100
38110059318033,10:35:10.059,14.4800,100
38110059738987,10:35:10.059,14.4800,100
38110060346223,10:35:10.060,14.4700,100
38110063009198,10:35:10.063,14.4700,100
38110075489742,10:35:10.075,14.4700,100
38110075489742,10:35:10.075,14.4550,100
38110075489742,10:35:10.075,14.4400,200
38110226694378,10:35:10.226,14.4400,200
38111026695929,10:35:11.026,14.4400,100
38111026730401,10:35:11.026,14.4400,66
38111027131160,10:35:11.027,14.4400,34
38196306640076,10:36:36.306,14.4200,100
38196307027667,10:36:36.307,14.4300,100
38196307027667,10:36:36.307,14.4300,100
38196307027667,10:36:36.307,14.4300,1
38266071965695,10:37:46.071,14.4400,100
38266071965695,10:37:46.071,14.4300,100
38266071965695,10:37:46.071,14.4300,100
38266072018442,10:37:46.072,14.4300,100
38266075360593,10:37:46.075,14.4200,100
38266075360593,10:37:46.075,14.4300,500
38266075531294,10:37:46.075,14.4300,100
38266075613502,10:37:46.075,14.4300,300
38266078056774,10:37:46.078,14.4300,100
38266078056774,10:37:46.078,14.4300,100
38269278723770,10:37:49.278,14.4400,100
38269279687671,10:37:49.279,14.4500,100
38269279687671,10:37:49.279,14.4500,100
38269279687671,10:37:49.279,14.4500,100
38269279726803,10:37:49.279,14.4500,25
38269279739598,10:37:49.279,14.4500,75
38333323042875,10:38:53.323,14.4600,100
38333323042875,10:38:53.323,14.4600,100
38333323042875,10:38:53.323,14.4600,1
38333323763538,10:38:53.323,14.4800,1
38333323789256,10:38:53.323,14.4800,99
38333323789256,10:38:53.323,14.4800,100
38333325604277,10:38:53.325,14.4700,100
38333325667636,10:38:53.325,14.4700,100
38342105930271,10:39:02.105,14.4800,100
38352863380557,10:39:12.863,14.4900,100
38352863380557,10:39:12.863,14.4900,100
38362260821823,10:39:22.260,14.5000,100
38367058472369,10:39:27.058,14.4900,100
38367058889558,10:39:27.058,14.4900,100
38368731433384,10:39:28.731,14.4900,100
38384638545725,10:39:44.638,14.4800,100
38470653368888,10:41:10.653,14.4700,100
38470653403995,10:41:10.653,14.4700,100
38470653403995,10:41:10.653,14.4700,69
38470653408091,10:41:10.653,14.4700,31
38470653408091,10:41:10.653,14.4700,100
38470656478187,10:41:10.656,14.4600,100
38470675886382,10:41:10.675,14.4600,100
38470675911897,10:41:10.675,14.4600,100
38470680891049,10:41:10.680,14.4700,100
38470680891049,10:41:10.680,14.4700,100
38545179938893,10:42:25.179,14.4600,100
38552440618608,10:42:32.440,14.4500,100
38587351361899,10:43:07.351,14.4350,100
38587351450551,10:43:07.351,14.4350,100
38587351533336,10:43:07.351,14.4500,100
38587352259065,10:43:07.352,14.4600,1
38610462341239,10:43:30.462,14.4800,3
38693594458143,10:44:53.594,14.4900,100
38693594458143,10:44:53.594,14.4900,100
38693594458143,10:44:53.594,14.4900,100
38693595211431,10:44:53.595,14.5000,100
38693623560278,10:44:53.623,14.5100,100
38693624309601,10:44:53.624,14.5200,100
38693624309601,10:44:53.624,14.5200,100
38693624309601,10:44:53.624,14.5200,100
38693624343541,10:44:53.624,14.5200,100
38693625016316,10:44:53.625,14.5200,100
38694095052649,10:44:54.095,14.5300,100
38694095052649,10:44:54.095,14.5300,100
38694095085887,10:44:54.095,14.5300,100
38694095945749,10:44:54.095,14.5300,100
38698945939668,10:44:58.945,14.5500,100
38698979907717,10:44:58.979,14.5300,100
38709118922259,10:45:09.118,14.5200,100
38743562318038,10:45:43.562,14.5350,100
38743562417496,10:45:43.562,14.5200,100
38743562417496,10:45:43.562,14.5200,1
38765158482318,10:46:05.158,14.5100,1
38765158482318,10:46:05.158,14.5100,100
38765161859843,10:46:05.161,14.4900,100
38765246658887,10:46:05.246,14.5000,100
38788162341309,10:46:28.162,14.5000,100
38788766572582,10:46:28.766,14.5100,100
38817963179745,10:46:57.963,14.5000,100
38860025491520,10:47:40.025,14.5100,100
38860025491520,10:47:40.025,14.5100,100
38860030759302,10:47:40.030,14.5100,100
38860030840927,10:47:40.030,14.5100,100
38860030840927,10:47:40.030,14.5100,100
38860030840927,10:47:40.030,14.5100,100
38891114129500,10:48:11.114,14.5300,4
38897413064070,10:48:17.413,14.5000,100
38905647145497,10:48:25.647,14.5000,200
38907470269534,10:48:27.470,14.5000,100
38935556535603,10:48:55.556,14.5150,100
38935557751700,10:48:55.557,14.5000,100
38946292752495,10:49:06.292,14.5000,1
38946292752495,10:49:06.292,14.5000,99
38946292798919,10:49:06.292,14.5000,1
38947252684108,10:49:07.252,14.4900,100
38975398494971,10:49:35.398,14.4800,100
38976942419680,10:49:36.942,14.4800,10
39047936803285,10:50:47.936,14.4700,100
39047936803285,10:50:47.936,14.4700,100
39047936803285,10:50:47.936,14.4600,100
39047936803285,10:50:47.936,14.4600,1
39047936803285,10:50:47.936,14.4600,200
39047939096628,10:50:47.939,14.4600,100
39047939096628,10:50:47.939,14.4600,100
39048436909582,10:50:48.436,14.4600,100
39048436909582,10:50:48.436,14.4600,200
39123087409445,10:52:03.087,14.4500,10
39123087409445,10:52:03.087,14.4500,90
39127491715685,10:52:07.491,14.4600,29
39127492080038,10:52:07.492,14.4600,100
39127493370129,10:52:07.493,14.4700,51
39127493891794,10:52:07.493,14.4600,100
39127494043312,10:52:07.494,14.4600,100
39149016217299,10:52:29.016,14.4500,20
39167471785658,10:52:47.471,14.4500,80
39167471785658,10:52:47.471,14.4500,1
39167471785658,10:52:47.471,14.4500,19
39167471835635,10:52:47.471,14.4500,81
39194096807163,10:53:14.096,14.4200,100
39194096807163,10:53:14.096,14.4200,100
39194096807163,10:53:14.096,14.4200,100
39194096807163,10:53:14.096,14.4200,100
39194096807163,10:53:14.096,14.4200,300
39194096966373,10:53:14.096,14.4300,100
39194098145902,10:53:14.098,14.4200,100
39194100056257,10:53:14.100,14.4200,100
39194100056257,10:53:14.100,14.4200,200
39194100086819,10:53:14.100,14.4200,100
39194101734070,10:53:14.101,14.4100,400
39194882187554,10:53:14.882,14.4200,100
39194882187554,10:53:14.882,14.4200,100
39252417706290,10:54:12.417,14.4300,100
39277154681679,10:54:37.154,14.4400,100
39284229454035,10:54:44.229,14.4300,100
39284229454035,10:54:44.229,14.4300,100
39284252400891,10:54:44.252,14.4300,100
39284269399415,10:54:44.269,14.4400,100
39284269424166,10:54:44.269,14.4400,100
39285427626904,10:54:45.427,14.4500,100
39285442376607,10:54:45.442,14.4500,300
39285442376607,10:54:45.442,14.4500,100
39285443466488,10:54:45.443,14.4500,100
39285478698071,10:54:45.478,14.4500,100
39295670722352,10:54:55.670,14.4400,100
39295671855656,10:54:55.671,14.4400,100
39337204843712,10:55:37.204,14.4600,100
39337204882981,10:55:37.204,14.4600,100
39337224035757,10:55:37.224,14.4700,100
39354031326673,10:55:54.031,14.4800,100
39366916044986,10:56:06.916,14.4700,1
39366916044986,10:56:06.916,14.4700,24
39366916044986,10:56:06.916,14.4700,75
39366916421069,10:56:06.916,14.4700,1
39366916421069,10:56:06.916,14.4700,24
39366919746189,10:56:06.919,14.4700,100
39435726577312,10:57:15.726,14.4600,100
39435726577312,10:57:15.726,14.4600,100
39435726619532,10:57:15.726,14.4600,100
39435729734136,10:57:15.729,14.4500,100
39465253534074,10:57:45.253,14.4300,97
39465253602993,10:57:45.253,14.4300,3
39480337005654,10:58:00.337,14.4200,100
39504495217105,10:58:24.495,14.4200,100
39539624915791,10:58:59.624,14.4100,100
39552009270540,10:59:12.009,14.4200,100
39552009270540,10:59:12.009,14.4200,100
39552009270540,10:59:12.009,14.4200,100
39552009270540,10:59:12.009,14.4200,1
39552009680736,10:59:12.009,14.4300,36
39552009682066,10:59:12.009,14.4300,64
39552009682066,10:59:12.009,14.4300,45
39552009685078,10:59:12.009,14.4300,55
39552009691246,10:59:12.009,14.4300,55
39552010086517,10:59:12.010,14.4300,45
39569260874448,10:59:29.260,14.4250,100
39601836162682,11:00:01.836,14.4300,100
39601836171966,11:00:01.836,14.4300,14
39601836203450,11:00:01.836,14.4300,86
39601836203450,11:00:01.836,14.4300,7
39601837729137,11:00:01.837,14.4300,100
39657999179904,11:00:57.999,14.4350,100
39663391798537,11:01:03.391,14.4400,100
39663914333305,11:01:03.914,14.4500,50
39663914333939,11:01:03.914,14.4500,14
39663914414022,11:01:03.914,14.4500,36
39663914414022,11:01:03.914,14.4500,14
39667746419883,11:01:07.746,14.4500,200
39667746438825,11:01:07.746,14.4500,200
39667746476728,11:01:07.746,14.4500,126
39667746478106,11:01:07.746,14.4500,100
39667746479868,11:01:07.746,14.4500,100
39667746493683,11:01:07.746,14.4500,100
39667746502573,11:01:07.746,14.4500,74
39723246645088,11:02:03.246,14.4600,100
39723246687597,11:02:03.246,14.4600,100
39723246687597,11:02:03.246,14.4600,100
39723247208265,11:02:03.247,14.4600,800
39723248399786,11:02:03.248,14.4600,100
39723248399786,11:02:03.248,14.4600,100
39723248950942,11:02:03.248,14.4600,30
39723251222815,11:02:03.251,14.4600,70
39723251222815,11:02:03.251,14.4600,100
39723251222815,11:02:03.251,14.4600,100
39736638123439,11:02:16.638,14.4600,8
39740914404475,11:02:20.914,14.4700,72
39740916982346,11:02:20.916,14.4700,100
39745710601476,11:02:25.710,14.4650,100
39746258208619,11:02:26.258,14.4600,200
39755158614671,11:02:35.158,14.4600,100
39755158614671,11:02:35.158,14.4600,1
39755158614671,11:02:35.158,14.4600,100
39755158743736,11:02:35.158,14.4500,100
39755158743736,11:02:35.158,14.4500,100
39755158743736,11:02:35.158,14.4500,100
39755159839404,11:02:35.159,14.4400,200
39755260265273,11:02:35.260,14.4300,100
39755260265273,11:02:35.260,14.4300,100
39755261317346,11:02:35.261,14.4200,100
39755261317346,11:02:35.261,14.4200,200
39755262400067,11:02:35.262,14.4200,100
39780195618990,11:03:00.195,14.4100,52
39795638914913,11:03:15.638,14.4000,100
39795638925186,11:03:15.638,14.4000,100
39795638952423,11:03:15.638,14.4000,50
39795638952913,11:03:15.638,14.4000,250
39795641527907,11:03:15.641,14.3900,100
39796360490489,11:03:16.360,14.3900,11
39869015757053,11:04:29.015,14.4000,88
39869015759224,11:04:29.015,14.4000,12
39869015759224,11:04:29.015,14.4000,38
39869015760913,11:04:29.015,14.4000,50
39869015809550,11:04:29.015,14.4000,12
39869015822743,11:04:29.015,14.4000,26
39869015822743,11:04:29.015,14.4000,37
39869016110771,11:04:29.016,14.4000,63
39869017979532,11:04:29.017,14.4200,100
39869019107332,11:04:29.019,14.4100,100
39870615805541,11:04:30.615,14.4000,1
39870615805541,11:04:30.615,14.4000,11
39870615836721,11:04:30.615,14.4000,5
39870615838113,11:04:30.615,14.4000,84
39885091388895,11:04:45.091,14.3900,16
39905059485101,11:05:05.059,14.3900,100
39905059485101,11:05:05.059,14.3800,100
39905059574771,11:05:05.059,14.3800,100
39905059842043,11:05:05.059,14.3800,100
40050361739064,11:07:30.361,14.3700,50
40050361741672,11:07:30.361,14.3800,100
40050361750746,11:07:30.361,14.3700,251
40050361760037,11:07:30.361,14.3700,62
40050361782002,11:07:30.361,14.3700,63
40050361795663,11:07:30.361,14.3700,74
40050361795663,11:07:30.361,14.3700,100
40050361795663,11:07:30.361,14.3700,1
40050361795663,11:07:30.361,14.3700,100
40050361795663,11:07:30.361,14.3700,25
40050361895228,11:07:30.361,14.3700,75
40050361895228,11:07:30.361,14.3700,97
40050361937361,11:07:30.361,14.3700,3
40050475243239,11:07:30.475,14.3600,200
40050475243239,11:07:30.475,14.3600,100
40050498969072,11:07:30.498,14.3600,100
40059740544802,11:07:39.740,14.3600,100
40079962797990,11:07:59.962,14.3600,9
40087691232244,11:08:07.691,14.3600,100
40087691232244,11:08:07.691,14.3600,100
40087692397704,11:08:07.692,14.3600,100
40087692397704,11:08:07.692,14.3600,1
40129693328594,11:08:49.693,14.3700,200
40129693328594,11:08:49.693,14.3700,35
40129693328594,11:08:49.693,14.3700,100
40129693328594,11:08:49.693,14.3700,100
40129693328594,11:08:49.693,14.3700,65
40129693373891,11:08:49.693,14.3700,35
40146215379034,11:09:06.215,14.3600,100
40146215379034,11:09:06.215,14.3600,100
40146215379034,11:09:06.215,14.3600,100
40153062923040,11:09:13.062,14.3600,80
40160025401546,11:09:20.025,14.3800,100
40160858018206,11:09:20.858,14.3900,100
40160858044201,11:09:20.858,14.3900,100
40160858044201,11:09:20.858,14.3900,100
40161513447818,11:09:21.513,14.4000,100
40226154695041,11:10:26.154,14.4000,100
40243009107898,11:10:43.009,14.4100,100
40243009107898,11:10:43.009,14.4100,100
40259407899825,11:10:59.407,14.4000,1
40273629888873,11:11:13.629,14.3900,100
40273645937137,11:11:13.645,14.3900,100
40273645937137,11:11:13.645,14.3900,100
40274463934287,11:11:14.463,14.3900,100
40281382461535,11:11:21.382,14.3800,100
40281382461535,11:11:21.382,14.3800,100
40289750463555,11:11:29.750,14.3800,100
40289750463555,11:11:29.750,14.3800,25
40289750512328,11:11:29.750,14.3800,50
40289750548599,11:11:29.750,14.3800,25
40369798566536,11:12:49.798,14.3600,100
40369798566536,11:12:49.798,14.3600,1
40369798566536,11:12:49.798,14.3600,400
40369798566536,11:12:49.798,14.3600,100
40371374866657,11:12:51.374,14.3700,100
40376624293052,11:12:56.624,14.3800,100
40376624293052,11:12:56.624,14.3800,28
40376624293052,11:12:56.624,14.3800,100
40376624293052,11:12:56.624,14.3800,72
40376624293052,11:12:56.624,14.3800,6
40376624293052,11:12:56.624,14.3800,100
40385572321514,11:13:05.572,14.3900,100
40385572321514,11:13:05.572,14.3900,100
40385576280482,11:13:05.576,14.4000,100
40385576280482,11:13:05.576,14.4000,100
40385593889018,11:13:05.593,14.4000,98
40405259405830,11:13:25.259,14.4000,100
40415699071615,11:13:35.699,14.4000,3
40440042225323,11:14:00.042,14.4100,100
40440042330357,11:14:00.042,14.4100,100
40440042330357,11:14:00.042,14.4100,100
40440042330357,11:14:00.042,14.4100,100
40461324270747,11:14:21.324,14.4100,100
40461324270747,11:14:21.324,14.4100,1
40461324270747,11:14:21.324,14.4100,100
40461324270747,11:14:21.324,14.4100,100
40461346523748,11:14:21.346,14.4100,100
40500022838588,11:15:00.022,14.4200,100
40524855288753,11:15:24.855,14.4000,100
40533968125418,11:15:33.968,14.4000,100
40545021687187,11:15:45.021,14.4100,100
40545021687187,11:15:45.021,14.4100,100
40545021687187,11:15:45.021,14.4100,100
40619020943747,11:16:59.020,14.4100,100
40621407760567,11:17:01.407,14.4000,100
40621407818116,11:17:01.407,14.4000,1
40625479038560,11:17:05.479,14.3900,100
40665104112406,11:17:45.104,14.3600,100
40671210822563,11:17:51.210,14.3600,100
40673019228861,11:17:53.019,14.3600,100
40673019228861,11:17:53.019,14.3600,100
40673019228861,11:17:53.019,14.3600,100
40674217452620,11:17:54.217,14.3600,100
40674222506852,11:17:54.222,14.3600,100
40681231868475,11:18:01.231,14.3400,100
40681231868475,11:18:01.231,14.3400,100
40682221931407,11:18:02.221,14.3400,100
40686897759612,11:18:06.897,14.3300,50
40686897764125,11:18:06.897,14.3300,50
40686897767519,11:18:06.897,14.3300,1
40757005625176,11:19:17.005,14.3000,100
40757005625176,11:19:17.005,14.3000,30
40757005625176,11:19:17.005,14.3000,100
40757005625176,11:19:17.005,14.3000,70
40757005667022,11:19:17.005,14.3000,2
40757005692294,11:19:17.005,14.3000,28
40757005692294,11:19:17.005,14.3000,2
40757006067703,11:19:17.006,14.3000,15
40757006475541,11:19:17.006,14.3000,85
40757006475541,11:19:17.006,14.3000,15
40757014295160,11:19:17.014,14.3000,100
40759067041467,11:19:19.067,14.3100,100
40759067041467,11:19:19.067,14.3100,200
40759067041467,11:19:19.067,14.3100,100
40770929211446,11:19:30.929,14.3100,100
40784437925607,11:19:44.437,14.3000,100
40791703656740,11:19:51.703,14.3000,100
40791703656740,11:19:51.703,14.3000,100
40791704576921,11:19:51.704,14.3000,100
40799897536578,11:19:59.897,14.3000,100
40851594999503,11:20:51.594,14.3200,100
40851594999503,11:20:51.594,14.3200,1
40851597319136,11:20:51.597,14.3300,100
40852115989730,11:20:52.115,14.3300,200
40852117400869,11:20:52.117,14.3300,100
40852117400869,11:20:52.117,14.3300,100
40852117400869,11:20:52.117,14.3300,200
40852117480393,11:20:52.117,14.3300,100
40853507087243,11:20:53.507,14.3400,100
40853507165692,11:20:53.507,14.3400,162
40853507201537,11:20:53.507,14.3400,38
40853507201537,11:20:53.507,14.3400,100
40853507201537,11:20:53.507,14.3400,13
40853507231457,11:20:53.507,14.3400,87
40853507231457,11:20:53.507,14.3400,100
40853507231457,11:20:53.507,14.3400,100
40853507231457,11:20:53.507,14.3400,100
40853507231457,11:20:53.507,14.3400,100
40853507238098,11:20:53.507,14.3400,100
40853507238098,11:20:53.507,14.3400,62
40853507792522,11:20:53.507,14.3400,38
40853511277988,11:20:53.511,14.3500,100
40853511277988,11:20:53.511,14.3500,100
40853511607572,11:20:53.511,14.3500,100
40853511607572,11:20:53.511,14.3500,100
40879298843091,11:21:19.298,14.3500,200
40879298843091,11:21:19.298,14.3400,100
40879298843091,11:21:19.298,14.3400,100
40879299012892,11:21:19.299,14.3400,100
40879299012892,11:21:19.299,14.3400,100
40888596501781,11:21:28.596,14.3200,100
40889677361217,11:21:29.677,14.3200,100
40889677395859,11:21:29.677,14.3200,1
40937170081471,11:22:17.170,14.3000,100
40943823007973,11:22:23.823,14.3100,100
40943823007973,11:22:23.823,14.3100,100
40976023786424,11:22:56.023,14.3200,100
40977321079376,11:22:57.321,14.3300,100
40981301242206,11:23:01.301,14.3300,100
40981301242206,11:23:01.301,14.3300,100
40981301242206,11:23:01.301,14.3300,200
40984725906896,11:23:04.725,14.3200,100
40987689738800,11:23:07.689,14.3200,1
40987689738800,11:23:07.689,14.3200,99
40999056377919,11:23:19.056,14.3200,1
41013581958648,11:23:33.581,14.3100,100
41013581958648,11:23:33.581,14.3100,100
41047213869338,11:24:07.213,14.3200,36
41047214220043,11:24:07.214,14.3200,5
41047243559105,11:24:07.243,14.3300,100
41047244832683,11:24:07.244,14.3300,100
41047244832683,11:24:07.244,14.3300,100
41047408552497,11:24:07.408,14.3300,100
41047408552497,11:24:07.408,14.3300,100
41047408552497,11:24:07.408,14.3300,100
41047408552497,11:24:07.408,14.3300,100
41048419990893,11:24:08.419,14.3200,100
41059629936274,11:24:19.629,14.3300,54
41116669019056,11:25:16.669,14.3250,100
41148830468221,11:25:48.830,14.3200,100
41154242660593,11:25:54.242,14.3200,1
41154242660593,11:25:54.242,14.3200,100
41154242660593,11:25:54.242,14.3200,100
41154242660593,11:25:54.242,14.3200,100
41154242660593,11:25:54.242,14.3200,100
41154242702217,11:25:54.242,14.3200,100
41154254420395,11:25:54.254,14.3100,100
41161993815737,11:26:01.993,14.3100,100
41220638910762,11:27:00.638,14.3000,200
41220638948858,11:27:00.638,14.3000,100
41220638981586,11:27:00.638,14.3000,100
41220639000756,11:27:00.639,14.3000,1
41220639000756,11:27:00.639,14.3000,99
41220639014818,11:27:00.639,14.3000,1
41220639028871,11:27:00.639,14.3000,1
41220639051898,11:27:00.639,14.3000,98
41220639051898,11:27:00.639,14.3000,2
41220639087138,11:27:00.639,14.3000,98
41220639120016,11:27:00.639,14.3000,2
41220639293983,11:27:00.639,14.3000,98
41220639293983,11:27:00.639,14.3000,2
41220639380188,11:27:00.639,14.3000,98
41220639380188,11:27:00.639,14.3000,2
41220639383437,11:27:00.639,14.3000,98
41220639383437,11:27:00.639,14.3000,2
41220639463334,11:27:00.639,14.3000,100
41220639488194,11:27:00.639,14.3000,100
41220639497441,11:27:00.639,14.3000,98
41220639547906,11:27:00.639,14.3000,100
41220639626411,11:27:00.639,14.3000,100
41220639712572,11:27:00.639,14.3000,100
41220639787359,11:27:00.639,14.3000,100
41220639876407,11:27:00.639,14.3000,100
41229691506555,11:27:09.691,14.2900,100
41229691506555,11:27:09.691,14.2900,100
41229691506555,11:27:09.691,14.2900,100
41263623066259,11:27:43.623,14.2800,100
41263623066259,11:27:43.623,14.2800,100
41263623066259,11:27:43.623,14.2800,100
41270925864447,11:27:50.925,14.2700,70
41270925864447,11:27:50.925,14.2700,30
41270925901812,11:27:50.925,14.2700,70
41270925911375,11:27:50.925,14.2700,100
41270925916718,11:27:50.925,14.2600,11
41279634022085,11:27:59.634,14.2600,100
41279634022085,11:27:59.634,14.2600,100
41281031302495,11:28:01.031,14.2600,100
41289909858563,11:28:09.909,14.2600,100
41294750484221,11:28:14.750,14.2500,50
41294750484221,11:28:14.750,14.2500,2050
41294750511659,11:28:14.750,14.2500,2950
41294750511659,11:28:14.750,14.2500,100
41294750511659,11:28:14.750,14.2500,100
41294750578137,11:28:14.750,14.2400,39
41294750614951,11:28:14.750,14.2400,61
41294750614951,11:28:14.750,14.2400,100
41294753740132,11:28:14.753,14.2400,100
41294758548865,11:28:14.758,14.2300,100
41295494467881,11:28:15.494,14.2300,100
41297065649920,11:28:17.065,14.2300,100
41297068015934,11:28:17.068,14.2200,100
41299394944900,11:28:19.394,14.2200,100
41314530328203,11:28:34.530,14.2200,100
41339043202343,11:28:59.043,14.2400,1
41339043202343,11:28:59.043,14.2400,100
41339043202343,11:28:59.043,14.2400,100
41339043202343,11:28:59.043,14.2400,100
41339043202343,11:28:59.043,14.2400,200
41339043599822,11:28:59.043,14.2400,100
41339043943709,11:28:59.043,14.2500,100
41339045573724,11:28:59.045,14.2500,100
41339051315078,11:28:59.051,14.2600,464
41339051339105,11:28:59.051,14.2600,36
41339053082144,11:28:59.053,14.2700,400
41339053114749,11:28:59.053,14.2700,100
41339053114749,11:28:59.053,14.2700,100
41339053116316,11:28:59.053,14.2700,100
41339069272020,11:28:59.069,14.2800,100
41339069296758,11:28:59.069,14.2800,300
41386695951186,11:29:46.695,14.2700,200
41390025969128,11:29:50.025,14.2800,100
41390025969128,11:29:50.025,14.2800,100
41390026236219,11:29:50.026,14.2800,52
41390026373085,11:29:50.026,14.2800,48
41391616061910,11:29:51.616,14.2900,100
41392695436968,11:29:52.695,14.3000,100
41396813961533,11:29:56.813,14.3000,100
41396813961533,11:29:56.813,14.3000,100
41399000401556,11:29:59.000,14.2900,100
41399001557207,11:29:59.001,14.2900,100
41399001557207,11:29:59.001,14.2900,100
41399168164988,11:29:59.168,14.2900,100
41404765686206,11:30:04.765,14.2900,100
41413337860371,11:30:13.337,14.2950,100
41418592919288,11:30:18.592,14.2950,200
41423187750903,11:30:23.187,14.3000,100
41423187750903,11:30:23.187,14.3000,100
41423187798360,11:30:23.187,14.3000,1
41454763858206,11:30:54.763,14.3100,100
41455180508014,11:30:55.180,14.3100,100
41461524103734,11:31:01.524,14.3200,100
41461524103734,11:31:01.524,14.3200,100
41461524103734,11:31:01.524,14.3200,100
41468448158338,11:31:08.448,14.3200,100
41468450822314,11:31:08.450,14.3200,100
41468485684315,11:31:08.485,14.3400,22
41468485732719,11:31:08.485,14.3400,78
41477341779960,11:31:17.341,14.3500,100
41477347788957,11:31:17.347,14.3500,100
41477347788957,11:31:17.347,14.3500,100
41479243159773,11:31:19.243,14.3400,100
41554230438799,11:32:34.230,14.3400,100
41591190101398,11:33:11.190,14.3400,100
41591190555101,11:33:11.190,14.3500,100
41591190624985,11:33:11.190,14.3500,100
41591190682691,11:33:11.190,14.3500,100
41591190713645,11:33:11.190,14.3500,37
41591190720064,11:33:11.190,14.3500,63
41591190720064,11:33:11.190,14.3500,77
41591190743331,11:33:11.190,14.3500,23
41591190743331,11:33:11.190,14.3500,77
41591190817331,11:33:11.190,14.3500,23
41591190817331,11:33:11.190,14.3500,1
41591190817331,11:33:11.190,14.3500,35
41591190855802,11:33:11.190,14.3500,65
41591190855802,11:33:11.190,14.3500,35
41591190905128,11:33:11.190,14.3500,12
41591190936361,11:33:11.190,14.3500,53
41595449400211,11:33:15.449,14.3500,100
41605509780287,11:33:25.509,14.3500,3
41617215492386,11:33:37.215,14.3350,100
41617215492386,11:33:37.215,14.3300,100
41617215492386,11:33:37.215,14.3300,100
41617215519358,11:33:37.215,14.3300,100
41617215535018,11:33:37.215,14.3300,100
41639403677783,11:33:59.403,14.3100,100
41639403713076,11:33:59.403,14.3100,700
41639403713076,11:33:59.403,14.3100,100
41673273575271,11:34:33.273,14.3200,1
41673273575271,11:34:33.273,14.3200,19
41673274051552,11:34:33.274,14.3200,81
41673385601234,11:34:33.385,14.3300,200
41685502216317,11:34:45.502,14.3300,100
41755178040947,11:35:55.178,14.3300,100
41761631906829,11:36:01.631,14.3200,100
41761631939698,11:36:01.631,14.3200,100
41761631951965,11:36:01.631,14.3200,100
41762912551814,11:36:02.912,14.3100,100
41762912898947,11:36:02.912,14.3100,100
41762912898947,11:36:02.912,14.3100,200
41762913226178,11:36:02.913,14.3100,100
41763162284142,11:36:03.162,14.3000,100
41764827115652,11:36:04.827,14.2900,100
41790269034078,11:36:30.269,14.2700,100
41791044030881,11:36:31.044,14.2700,100
41813356506677,11:36:53.356,14.2900,80
41813356511745,11:36:53.356,14.2900,20
41813356511745,11:36:53.356,14.2900,1
41813356511745,11:36:53.356,14.2900,29
41813356513525,11:36:53.356,14.2900,50
41835319544509,11:37:15.319,14.2850,100
41835876023132,11:37:15.876,14.2900,100
41836403024740,11:37:16.403,14.2900,100
41837009022271,11:37:17.009,14.2900,100
41866484506875,11:37:46.484,14.3000,100
41866484506875,11:37:46.484,14.3000,100
41866485428239,11:37:46.485,14.3100,100
41896357939250,11:38:16.357,14.3200,3
41943716103182,11:39:03.716,14.3100,1
41945223022972,11:39:05.223,14.3100,79
41970134472137,11:39:30.134,14.3100,100
42022335991157,11:40:22.335,14.3100,100
42022336538419,11:40:22.336,14.3100,100
42065312542578,11:41:05.312,14.3150,100
42073081831905,11:41:13.081,14.3100,92
42078142513869,11:41:18.142,14.3100,46
42078142513869,11:41:18.142,14.3100,1
42078142513869,11:41:18.142,14.3100,53
42165281848464,11:42:45.281,14.3100,100
42165281848464,11:42:45.281,14.3100,100
42165281848464,11:42:45.281,14.3100,100
42169900375560,11:42:49.900,14.3100,1
42169900375560,11:42:49.900,14.3100,100
42181495568756,11:43:01.495,14.3200,97
42191420304474,11:43:11.420,14.3200,100
42191420304474,11:43:11.420,14.3200,100
42200468485269,11:43:20.468,14.3200,4
42200468850684,11:43:20.468,14.3200,96
42200693299362,11:43:20.693,14.3300,100
42200693299362,11:43:20.693,14.3300,100
42200693299362,11:43:20.693,14.3300,100
42204473107996,11:43:24.473,14.3300,100
42237093964185,11:43:57.093,14.3100,4
42237094576880,11:43:57.094,14.3100,96
42237094820366,11:43:57.094,14.3100,4
42249236529360,11:44:09.236,14.3200,100
42249265169061,11:44:09.265,14.3200,100
42255051495536,11:44:15.051,14.3300,1
42286474391593,11:44:46.474,14.3500,100
42289147977893,11:44:49.147,14.3500,100
42293062951111,11:44:53.062,14.3500,100
42294436998844,11:44:54.436,14.3500,100
42361926941591,11:46:01.926,14.3600,100
42367026172242,11:46:07.026,14.3500,100
42367028067041,11:46:07.028,14.3500,100
42367028540824,11:46:07.028,14.3500,100
42441209661703,11:47:21.209,14.3300,100
42441211330212,11:47:21.211,14.3300,100
42486350544687,11:48:06.350,14.3200,100
42486354075062,11:48:06.354,14.3200,100
42486354075062,11:48:06.354,14.3200,100
42486354760652,11:48:06.354,14.3300,100
42486365474350,11:48:06.365,14.3300,100
42486365499885,11:48:06.365,14.3300,100
42506917161309,11:48:26.917,14.3100,100
42506917161309,11:48:26.917,14.3100,100
42506927148176,11:48:26.927,14.3100,100
42506927172766,11:48:26.927,14.3100,700
42506927172766,11:48:26.927,14.3100,100
42510114009617,11:48:30.114,14.3100,100
42540479978692,11:49:00.479,14.3100,3
42540480349990,11:49:00.480,14.3100,100
42540480380919,11:49:00.480,14.3100,7
42540480422016,11:49:00.480,14.3100,93
42540480495849,11:49:00.480,14.3100,500
42540486121615,11:49:00.486,14.3200,100
42540486121615,11:49:00.486,14.3200,1
42540486121615,11:49:00.486,14.3200,200
42555243520441,11:49:15.243,14.3200,100
42565023653123,11:49:25.023,14.3300,100
42565023653123,11:49:25.023,14.3300,100
42565023715767,11:49:25.023,14.3300,1
42584398059702,11:49:44.398,14.3100,100
42584398059702,11:49:44.398,14.3100,100
42592277829687,11:49:52.277,14.3000,100
42592277829687,11:49:52.277,14.3000,100
42592277829687,11:49:52.277,14.3100,100
42592277829687,11:49:52.277,14.3100,100
42592277829687,11:49:52.277,14.3100,100
42593123588238,11:49:53.123,14.3100,100
42601355445067,11:50:01.355,14.3000,100
42603345433423,11:50:03.345,14.3000,3
42607867075504,11:50:07.867,14.3000,100
42614776651734,11:50:14.776,14.3000,100
42663940653868,11:51:03.940,14.3000,100
42664463997485,11:51:04.463,14.3100,1
42664463997485,11:51:04.463,14.3100,100
42664463997485,11:51:04.463,14.3100,100
42778164577717,11:52:58.164,14.3200,4
42878730113715,11:54:38.730,14.3100,100
42878730113715,11:54:38.730,14.3100,14
42878732196001,11:54:38.732,14.3200,13
42878732223211,11:54:38.732,14.3200,87
42878732223211,11:54:38.732,14.3200,100
42878740663475,11:54:38.740,14.3300,100
42885290353493,11:54:45.290,14.3250,100
42892491991072,11:54:52.491,14.3200,1
42892491991072,11:54:52.491,14.3200,299
42892492793193,11:54:52.492,14.3200,1
42892542907375,11:54:52.542,14.3200,34
42917816606566,11:55:17.816,14.3150,100
42935266309259,11:55:35.266,14.3150,100
42937273195601,11:55:37.273,14.3150,100
42951747345386,11:55:51.747,14.3200,100
42951747345386,11:55:51.747,14.3200,100
42951748341952,11:55:51.748,14.3300,100
42951748341952,11:55:51.748,14.3300,100
42951748341952,11:55:51.748,14.3300,100
42951748341952,11:55:51.748,14.3300,100
42951748341952,11:55:51.748,14.3300,100
42951749662061,11:55:51.749,14.3300,100
43010049440068,11:56:50.049,14.3200,100
43016247869890,11:56:56.247,14.3200,100
43042337596323,11:57:22.337,14.3200,1
43042337596323,11:57:22.337,14.3200,99
43042337641762,11:57:22.337,14.3200,1
43042337641762,11:57:22.337,14.3200,77
43042337641762,11:57:22.337,14.3200,100
43042337641762,11:57:22.337,14.3200,100
43042381976020,11:57:22.381,14.3100,100
43042448698586,11:57:22.448,14.3100,100
43078395633909,11:57:58.395,14.3100,200
43078797758888,11:57:58.797,14.3100,100
43078797784389,11:57:58.797,14.3100,100
43105101219289,11:58:25.101,14.3200,3
43105101245638,11:58:25.101,14.3200,97
43105101245638,11:58:25.101,14.3200,100
43130323298618,11:58:50.323,14.3200,1
43130323298618,11:58:50.323,14.3200,99
43171229734809,11:59:31.229,14.3200,1
43171229734809,11:59:31.229,14.3100,99
43182485735244,11:59:42.485,14.3100,100
43200381464022,12:00:00.381,14.3150,100
43236588694271,12:00:36.588,14.3150,100
43339326958624,12:02:19.326,14.3200,100
43339326958624,12:02:19.326,14.3200,37
43339326982264,12:02:19.326,14.3200,63
43339326982264,12:02:19.326,14.3200,37
43339326990888,12:02:19.326,14.3200,63
43339326990888,12:02:19.326,14.3200,100
43339326990888,12:02:19.326,14.3200,100
43339326990888,12:02:19.326,14.3200,100
43339337589020,12:02:19.337,14.3300,100
43356661179035,12:02:36.661,14.3300,3
43356661179035,12:02:36.661,14.3300,100
43356661179035,12:02:36.661,14.3300,100
43357115985847,12:02:37.115,14.3350,200
43357117156650,12:02:37.117,14.3350,200
43357117454062,12:02:37.117,14.3300,100
43357118464929,12:02:37.118,14.3300,100
43357118568742,12:02:37.118,14.3300,100
43357140299138,12:02:37.140,14.3300,100
43357140299138,12:02:37.140,14.3300,1
43402671544888,12:03:22.671,14.3500,100
43402671544888,12:03:22.671,14.3500,100
43405536412127,12:03:25.536,14.3500,100
43406277794324,12:03:26.277,14.3600,3
43406277819498,12:03:26.277,14.3600,97
43406277884233,12:03:26.277,14.3600,97
43419427878560,12:03:39.427,14.3600,100
43419427878560,12:03:39.427,14.3500,100
43427431136613,12:03:47.431,14.3500,100
43455784040885,12:04:15.784,14.3450,100
43679379211404,12:07:59.379,14.3600,4
43755261883579,12:09:15.261,14.3450,300
43755261883579,12:09:15.261,14.3450,100
43755261883579,12:09:15.261,14.3400,100
43755261883579,12:09:15.261,14.3300,100
43755261883579,12:09:15.261,14.3300,100
43755261883579,12:09:15.261,14.3300,1
43776036548513,12:09:36.036,14.3400,100
43825171279206,12:10:25.171,14.3500,200
43825849448516,12:10:25.849,14.3600,96
43825849448516,12:10:25.849,14.3600,100
43825849448516,12:10:25.849,14.3600,200
43825849448516,12:10:25.849,14.3600,100
43825854382039,12:10:25.854,14.3700,86
43825854415854,12:10:25.854,14.3700,14
43825854415854,12:10:25.854,14.3700,100
43825854415854,12:10:25.854,14.3700,100
43825854415854,12:10:25.854,14.3700,100
43825854453334,12:10:25.854,14.3700,100
43830895160235,12:10:30.895,14.3800,100
43830906964212,12:10:30.906,14.3900,100
43830906964212,12:10:30.906,14.3900,100
43845540238742,12:10:45.540,14.4000,1
43845540238742,12:10:45.540,14.4000,99
43850074850180,12:10:50.074,14.4000,101
43850074850180,12:10:50.074,14.4000,100
43850074850180,12:10:50.074,14.4000,99
43850075296338,12:10:50.075,14.4000,1
43905635308479,12:11:45.635,14.4000,100
43905635334379,12:11:45.635,14.4000,100
43928799876496,12:12:08.799,14.4000,100
43928799876496,12:12:08.799,14.4000,100
43928799876496,12:12:08.799,14.4000,200
44003467097616,12:13:23.467,14.4000,3
44015805041428,12:13:35.805,14.4000,97
44026177343349,12:13:46.177,14.4100,100
44026177344861,12:13:46.177,14.4100,100
44060909054331,12:14:20.909,14.4100,100
44060909054331,12:14:20.909,14.4100,17
44060909054331,12:14:20.909,14.4100,1
44060909472107,12:14:20.909,14.4100,100
44061938727560,12:14:21.938,14.4100,100
44085274424748,12:14:45.274,14.4000,100
44147255507755,12:15:47.255,14.4000,100
44147561189004,12:15:47.561,14.3900,100
44152148926668,12:15:52.148,14.3900,100
44153596141650,12:15:53.596,14.3900,100
44184507271752,12:16:24.507,14.4000,100
44192832506732,12:16:32.832,14.4000,100
44216474497479,12:16:56.474,14.4100,100
44225231813254,12:17:05.231,14.4100,100
44228047709523,12:17:08.047,14.4100,200
44231893108906,12:17:11.893,14.4100,1
44231893108906,12:17:11.893,14.4100,200
44231893108906,12:17:11.893,14.4100,100
44232990130163,12:17:12.990,14.4000,100
44232991541285,12:17:12.991,14.3950,100
44232991541285,12:17:12.991,14.3900,100
44232992106284,12:17:12.992,14.3900,100
44234671665704,12:17:14.671,14.3900,100
44237687865382,12:17:17.687,14.3800,100
44277514578724,12:17:57.514,14.4000,3
44312303021519,12:18:32.303,14.3850,100
44312804015643,12:18:32.804,14.3850,100
44360511913702,12:19:20.511,14.3800,100
44377362801919,12:19:37.362,14.3800,100
44397027536747,12:19:57.027,14.3800,100
44462088084486,12:21:02.088,14.3800,97
44462088084486,12:21:02.088,14.3800,100
44462092307076,12:21:02.092,14.3800,100
44463894302239,12:21:03.894,14.3800,100
44468424253373,12:21:08.424,14.3800,100
44468424335383,12:21:08.424,14.3800,200
44468424335383,12:21:08.424,14.3800,56
44468424588021,12:21:08.424,14.3800,14
44541054370522,12:22:21.054,14.3800,130
44541054370522,12:22:21.054,14.3800,100
44541056136649,12:22:21.056,14.3800,100
44541087734550,12:22:21.087,14.3800,300
44541154809901,12:22:21.154,14.3800,100
44544435522668,12:22:24.435,14.3700,100
44544435522668,12:22:24.435,14.3700,100
44544435522668,12:22:24.435,14.3700,100
44544435522668,12:22:24.435,14.3700,300
44544435522668,12:22:24.435,14.3700,100
44544435522668,12:22:24.435,14.3700,1
44544436233860,12:22:24.436,14.3600,100
44544436233860,12:22:24.436,14.3600,100
44544436233860,12:22:24.436,14.3600,100
44544436233860,12:22:24.436,14.3600,100
44544436233860,12:22:24.436,14.3600,100
44544436518325,12:22:24.436,14.3600,100
44544443147765,12:22:24.443,14.3500,100
44544443147765,12:22:24.443,14.3500,200
44544443147765,12:22:24.443,14.3500,100
44544443147765,12:22:24.443,14.3500,100
44544443147765,12:22:24.443,14.3500,600
44544443188081,12:22:24.443,14.3500,200
44544443189541,12:22:24.443,14.3500,50
44544444379825,12:22:24.444,14.3500,750
44544444379825,12:22:24.444,14.3500,100
44544449013368,12:22:24.449,14.3400,100
44544449048491,12:22:24.449,14.3400,300
44544449048491,12:22:24.449,14.3400,500
44544455623355,12:22:24.455,14.3350,200
44546501044653,12:22:26.501,14.3400,200
44546501044653,12:22:26.501,14.3400,100
44547641575168,12:22:27.641,14.3400,200
44547641575168,12:22:27.641,14.3400,84
44581748180885,12:23:01.748,14.3400,16
44581748286636,12:23:01.748,14.3400,100
44581748286636,12:23:01.748,14.3400,500
44581748286636,12:23:01.748,14.3400,100
44581749599348,12:23:01.749,14.3500,100
44581749599348,12:23:01.749,14.3500,100
44629173660479,12:23:49.173,14.3400,100
44629173660479,12:23:49.173,14.3400,100
44698696090080,12:24:58.696,14.3500,100
44734748972301,12:25:34.748,14.3400,100
44809015660478,12:26:49.015,14.3450,100
44823381407943,12:27:03.381,14.3400,100
44845025234540,12:27:25.025,14.3400,100
44845025234540,12:27:25.025,14.3400,13
44845025234540,12:27:25.025,14.3400,100
44845025234540,12:27:25.025,14.3400,2127
44845025234540,12:27:25.025,14.3400,1
44845025234540,12:27:25.025,14.3400,11
44845025243053,12:27:25.025,14.3400,89
44845025243053,12:27:25.025,14.3400,30
44853118908692,12:27:33.118,14.3300,100
44853118949270,12:27:33.118,14.3300,100
44853130960884,12:27:33.130,14.3300,100
44853130960884,12:27:33.130,14.3300,400
44855611691582,12:27:35.611,14.3300,700
44861710124743,12:27:41.710,14.3200,200
44861712692482,12:27:41.712,14.3200,100
44863803006563,12:27:43.803,14.3300,100
44863803006563,12:27:43.803,14.3300,100
44863803006563,12:27:43.803,14.3300,100
44863805179539,12:27:43.805,14.3400,100
44863805214987,12:27:43.805,14.3400,65
44863805238975,12:27:43.805,14.3400,35
44863807615463,12:27:43.807,14.3400,100
44863911391866,12:27:43.911,14.3400,33
44872767927273,12:27:52.767,14.3400,200
44872768160982,12:27:52.768,14.3400,67
44881513895072,12:28:01.513,14.3400,100
44881513895072,12:28:01.513,14.3400,100
44938490138544,12:28:58.490,14.3600,100
44938490138544,12:28:58.490,14.3600,100
44938491266246,12:28:58.491,14.3700,100
44938491418240,12:28:58.491,14.3700,95
44938491444184,12:28:58.491,14.3700,5
44938491444184,12:28:58.491,14.3700,100
44938491444184,12:28:58.491,14.3700,100
44942478138151,12:29:02.478,14.3700,100
44942478138151,12:29:02.478,14.3700,1
44957525803966,12:29:17.525,14.3600,100
44957525803966,12:29:17.525,14.3600,100
44957525803966,12:29:17.525,14.3600,300
44957525803966,12:29:17.525,14.3600,100
44959200487893,12:29:19.200,14.3500,100
44959200487893,12:29:19.200,14.3500,100
44959200487893,12:29:19.200,14.3500,100
44959200487893,12:29:19.200,14.3500,100
45061665182391,12:31:01.665,14.3400,100
45061665182391,12:31:01.665,14.3400,100
45061665182391,12:31:01.665,14.3400,100
45074535839498,12:31:14.535,14.3400,100
45074535839498,12:31:14.535,14.3400,100
45074535839498,12:31:14.535,14.3400,100
45074535839498,12:31:14.535,14.3400,100
45074536733624,12:31:14.536,14.3400,200
45074536733624,12:31:14.536,14.3400,100
45074536733624,12:31:14.536,14.3400,100
45074537073466,12:31:14.537,14.3400,40
45084540915578,12:31:24.540,14.3400,100
45084540915578,12:31:24.540,14.3400,1
45084540915578,12:31:24.540,14.3400,100
45084541977372,12:31:24.541,14.3400,200
45084541977372,12:31:24.541,14.3400,100
45084542320412,12:31:24.542,14.3400,100
45084543079299,12:31:24.543,14.3400,100
45084572998664,12:31:24.572,14.3400,100
45084572998664,12:31:24.572,14.3400,659
45088543357803,12:31:28.543,14.3400,200
45088543357803,12:31:28.543,14.3400,100
45088543357803,12:31:28.543,14.3400,100
45088544685416,12:31:28.544,14.3500,100
45088544685416,12:31:28.544,14.3500,100
45124228852138,12:32:04.228,14.3400,100
45151384641370,12:32:31.384,14.3400,100
45151384641370,12:32:31.384,14.3400,1
45151384641370,12:32:31.384,14.3400,200
45151384641370,12:32:31.384,14.3400,99
45151384698168,12:32:31.384,14.3400,1
45151384706230,12:32:31.384,14.3400,1
45151384728909,12:32:31.384,14.3400,1
45151385085761,12:32:31.385,14.3400,7
45200131496124,12:33:20.131,14.3400,100
45200131496124,12:33:20.131,14.3400,100
45200132596768,12:33:20.132,14.3500,100
45200169715220,12:33:20.169,14.3500,100
45211493237207,12:33:31.493,14.3400,4
45284259140117,12:34:44.259,14.3500,100
45284259207579,12:34:44.259,14.3500,100
45329023070423,12:35:29.023,14.3500,100
45329024973082,12:35:29.024,14.3500,1
45329041574676,12:35:29.041,14.3500,99
45329041574676,12:35:29.041,14.3500,1
45329041627936,12:35:29.041,14.3500,99
45330937322918,12:35:30.937,14.3500,1
45337060647644,12:35:37.060,14.3500,100
45377714032254,12:36:17.714,14.3500,1
45377714032254,12:36:17.714,14.3500,200
45377714032254,12:36:17.714,14.3500,100
45377714032254,12:36:17.714,14.3500,99
45377927485601,12:36:17.927,14.3500,1
45479819211069,12:37:59.819,14.3600,40
45479819306597,12:37:59.819,14.3600,36
45479822017730,12:37:59.822,14.3600,24
45479822017730,12:37:59.822,14.3600,300
45479822017730,12:37:59.822,14.3600,100
45488516407371,12:38:08.516,14.3700,3
45497648656689,12:38:17.648,14.3600,100
45497648708886,12:38:17.648,14.3600,1
45497648708886,12:38:17.648,14.3600,100
45524323423084,12:38:44.323,14.3500,100
45541544018902,12:39:01.544,14.3500,100
45544609637571,12:39:04.609,14.3500,100
45544609637571,12:39:04.609,14.3400,1200
45544609962396,12:39:04.609,14.3400,100
45549567946456,12:39:09.567,14.3300,100
45554008397343,12:39:14.008,14.3400,29
45569163416740,12:39:29.163,14.3400,100
45601216468198,12:40:01.216,14.3400,100
45604219856180,12:40:04.219,14.3500,100
45604219856180,12:40:04.219,14.3500,100
45604589834965,12:40:04.589,14.3600,100
45604589834965,12:40:04.589,14.3600,100
45606089313071,12:40:06.089,14.3700,100
45616482442440,12:40:16.482,14.3700,1
45710908170245,12:41:50.908,14.3600,100
45710908170245,12:41:50.908,14.3600,100
45710908220072,12:41:50.908,14.3600,100
45710908592172,12:41:50.908,14.3500,100
45710908592172,12:41:50.908,14.3500,100
45710908592172,12:41:50.908,14.3500,100
45710908592172,12:41:50.908,14.3500,100
45710910220171,12:41:50.910,14.3400,100
45710910220171,12:41:50.910,14.3400,200
45710910278623,12:41:50.910,14.3400,98
45710910927495,12:41:50.910,14.3400,2
45710911248551,12:41:50.911,14.3500,17
45710912477472,12:41:50.912,14.3400,100
45710913106136,12:41:50.913,14.3400,100
45710913106136,12:41:50.913,14.3500,83
45710913106136,12:41:50.913,14.3500,400
45719202504790,12:41:59.202,14.3400,400
45719202504790,12:41:59.202,14.3400,100
45719202504790,12:41:59.202,14.3400,100
45775531905430,12:42:55.531,14.3600,3
45796770179597,12:43:16.770,14.3600,30
45796770206324,12:43:16.770,14.3600,70
45796770206324,12:43:16.770,14.3600,100
45796770206324,12:43:16.770,14.3600,1
45796770206324,12:43:16.770,14.3600,97
45796770206324,12:43:16.770,14.3600,100
45796771873614,12:43:16.771,14.3700,100
45796771873614,12:43:16.771,14.3700,100
45864239483531,12:44:24.239,14.3650,100
45883000264040,12:44:43.000,14.3600,100
45883000264040,12:44:43.000,14.3600,200
45883000264040,12:44:43.000,14.3600,100
45883000264040,12:44:43.000,14.3600,100
45883069208611,12:44:43.069,14.3600,200
45966309558851,12:46:06.309,14.3600,100
45966309558851,12:46:06.309,14.3600,200
45966311621070,12:46:06.311,14.3600,100
45966311621070,12:46:06.311,14.3600,100
45966311621070,12:46:06.311,14.3600,100
46004748314308,12:46:44.748,14.3700,100
46004748314308,12:46:44.748,14.3700,1
46004748314308,12:46:44.748,14.3700,100
46004748314308,12:46:44.748,14.3700,100
46004748314308,12:46:44.748,14.3700,300
46004748314308,12:46:44.748,14.3700,5
46004748314308,12:46:44.748,14.3700,400
46004758902292,12:46:44.758,14.3900,100
46004758902292,12:46:44.758,14.3900,400
46004758902292,12:46:44.758,14.3900,100
46004758977830,12:46:44.758,14.3900,100
46004759366197,12:46:44.759,14.3900,100
46004776346900,12:46:44.776,14.4000,100
46035006987260,12:47:15.006,14.4100,100
46035104686375,12:47:15.104,14.4100,100
46055569454663,12:47:35.569,14.4100,200
46055569454663,12:47:35.569,14.4100,100
46055572891192,12:47:35.572,14.4000,100
46055572891192,12:47:35.572,14.4000,100
46080035220557,12:48:00.035,14.4000,100
46080035220557,12:48:00.035,14.4000,100
46084946300142,12:48:04.946,14.3900,1
46084948747787,12:48:04.948,14.4000,100
46084948747787,12:48:04.948,14.4000,100
46084950698192,12:48:04.950,14.4100,100
46084950698192,12:48:04.950,14.4100,400
46084950698192,12:48:04.950,14.4100,100
46084952440337,12:48:04.952,14.4100,200
46091405475791,12:48:11.405,14.4200,100
46105254454528,12:48:25.254,14.4200,100
46253090710998,12:50:53.090,14.4200,100
46254946639725,12:50:54.946,14.4200,100
46254946639725,12:50:54.946,14.4200,100
46254946639725,12:50:54.946,14.4200,100
46254946639725,12:50:54.946,14.4200,100
46254946740732,12:50:54.946,14.4200,100
46254946958100,12:50:54.946,14.4200,100
46254947057102,12:50:54.947,14.4200,100
46254947317550,12:50:54.947,14.4200,100
46254947668045,12:50:54.947,14.4200,100
46256950286840,12:50:56.950,14.4200,300
46262390306781,12:51:02.390,14.4200,100
46331887122242,12:52:11.887,14.4200,200
46331887122242,12:52:11.887,14.4200,100
46331887122242,12:52:11.887,14.4200,1
46331887126820,12:52:11.887,14.4200,301
46331887940567,12:52:11.887,14.4200,1
46333890474312,12:52:13.890,14.4200,100
46392704699712,12:53:12.704,14.4200,3
46432770033550,12:53:52.770,14.4200,97
46432770033550,12:53:52.770,14.4200,39
46432770484520,12:53:52.770,14.4200,161
46432770484520,12:53:52.770,14.4200,100
46432770484520,12:53:52.770,14.4200,100
46517376984441,12:55:17.376,14.4150,100
46517376998091,12:55:17.376,14.4100,99
46517377038638,12:55:17.377,14.4100,93
46520943975724,12:55:20.943,14.4100,100
46521869827139,12:55:21.869,14.4100,308
46521869827139,12:55:21.869,14.4100,100
46521869827139,12:55:21.869,14.4100,1
46521869827139,12:55:21.869,14.4100,100
46521869837908,12:55:21.869,14.4100,154
46521877912457,12:55:21.877,14.4100,300
46521877912457,12:55:21.877,14.4100,100
46521893738321,12:55:21.893,14.4200,65
46521894119618,12:55:21.894,14.4200,35
46521894119618,12:55:21.894,14.4200,65
46521894119618,12:55:21.894,14.4200,300
46521894119618,12:55:21.894,14.4200,200
46521894119618,12:55:21.894,14.4200,100
46521894119618,12:55:21.894,14.4200,200
46521894119618,12:55:21.894,14.4200,100
46521894119618,12:55:21.894,14.4200,100
46521894119618,12:55:21.894,14.4200,100
46521894555159,12:55:21.894,14.4200,100
46521894611072,12:55:21.894,14.4200,13
46521894663185,12:55:21.894,14.4200,87
46521894697522,12:55:21.894,14.4200,100
46521894793480,12:55:21.894,14.4200,100
46521896518237,12:55:21.896,14.4200,100
46521966477152,12:55:21.966,14.4200,100
46523025926952,12:55:23.025,14.4100,100
46533582573950,12:55:33.582,14.4100,200
46533582573950,12:55:33.582,14.4100,500
46533582573950,12:55:33.582,14.4100,67
46533584006033,12:55:33.584,14.4100,100
46535371461174,12:55:35.371,14.4100,300
46535383460346,12:55:35.383,14.4100,100
46536462909333,12:55:36.462,14.4100,33
46540156466267,12:55:40.156,14.4000,100
46540156508375,12:55:40.156,14.4000,100
46540156541282,12:55:40.156,14.4000,200
46540156574678,12:55:40.156,14.4000,100
46540156619416,12:55:40.156,14.4000,100
46540156809472,12:55:40.156,14.3900,100
46545725061770,12:55:45.725,14.3800,100
46553023402733,12:55:53.023,14.3800,100
46561954031003,12:56:01.954,14.3700,100
46561954031003,12:56:01.954,14.3700,100
46561954031003,12:56:01.954,14.3700,198
46561954058549,12:56:01.954,14.3700,2
46561954086994,12:56:01.954,14.3700,2
46561954155473,12:56:01.954,14.3700,98
46578628704798,12:56:18.628,14.3600,100
46587398477206,12:56:27.398,14.3600,88
46587398477206,12:56:27.398,14.3600,12
46587398503703,12:56:27.398,14.3600,88
46587398536292,12:56:27.398,14.3600,88
46587398598961,12:56:27.398,14.3600,2
46587797950952,12:56:27.797,14.3600,100
46587848103582,12:56:27.848,14.3600,300
46587848103582,12:56:27.848,14.3600,100
46587848103582,12:56:27.848,14.3600,100
46587848103582,12:56:27.848,14.3600,100
46587848103582,12:56:27.848,14.3600,100
46587857732859,12:56:27.857,14.3600,100
46589403029096,12:56:29.403,14.3700,1
46589403029096,12:56:29.403,14.3700,200
46589403029096,12:56:29.403,14.3700,200
46607265229046,12:56:47.265,14.3700,100
46607265229046,12:56:47.265,14.3700,100
46665636341686,12:57:45.636,14.3800,100
46665636341686,12:57:45.636,14.3800,234
46665636424873,12:57:45.636,14.3800,266
46667235282308,12:57:47.235,14.3900,100
46667235282308,12:57:47.235,14.3900,100
46667235408521,12:57:47.235,14.3900,100
46667235408521,12:57:47.235,14.3900,100
46683998851030,12:58:03.998,14.4000,200
46683998851030,12:58:03.998,14.4000,1
46683998851030,12:58:03.998,14.4000,100
46683998851030,12:58:03.998,14.4000,999
46684000311240,12:58:04.000,14.4000,200
46684000311240,12:58:04.000,14.4000,101
46684004369867,12:58:04.004,14.4200,300
46684004369867,12:58:04.004,14.4200,100
46687377945322,12:58:07.377,14.4150,100
46687378432910,12:58:07.378,14.4150,100
46694686602367,12:58:14.686,14.4200,100
46700627833207,12:58:20.627,14.4250,100
46710176101660,12:58:30.176,14.4250,4
46735471036409,12:58:55.471,14.4200,100
46735471036409,12:58:55.471,14.4200,100
46735471036409,12:58:55.471,14.4200,200
46735569406649,12:58:55.569,14.4100,100
46735569406649,12:58:55.569,14.4100,100
46740822722465,12:59:00.822,14.4100,100
46740826830882,12:59:00.826,14.4100,100
46756768713739,12:59:16.768,14.4000,100
46783985737226,12:59:43.985,14.3900,100
46786256078998,12:59:46.256,14.3900,100
46800174141579,13:00:00.174,14.3800,100
46800174141579,13:00:00.174,14.3800,100
46807737462314,13:00:07.737,14.3850,100
46813443048989,13:00:13.443,14.3800,100
46813972951026,13:00:13.972,14.3700,100
46813972951026,13:00:13.972,14.3700,100
46824100517882,13:00:24.100,14.3700,100
46824100517882,13:00:24.100,14.3700,100
46834901581476,13:00:34.901,14.3700,100
46834909891585,13:00:34.909,14.3600,100
46834909891585,13:00:34.909,14.3600,100
46846805379742,13:00:46.805,14.3500,100
46846805379742,13:00:46.805,14.3500,100
46846805755802,13:00:46.805,14.3500,100
46846805755802,13:00:46.805,14.3500,200
46847066749132,13:00:47.066,14.3500,100
46847066749132,13:00:47.066,14.3500,100
46847067881014,13:00:47.067,14.3500,100
46847067881014,13:00:47.067,14.3500,100
46847120259711,13:00:47.120,14.3300,100
46847121386238,13:00:47.121,14.3300,200
46851018773620,13:00:51.018,14.3500,100
46862096982796,13:01:02.096,14.3600,100
46862096982796,13:01:02.096,14.3600,1
46862096982796,13:01:02.096,14.3600,100
46862097369350,13:01:02.097,14.3700,14
46862097372964,13:01:02.097,14.3700,18
46862098265377,13:01:02.098,14.3700,68
46862098265377,13:01:02.098,14.3700,32
46862098310482,13:01:02.098,14.3700,68
46862098851614,13:01:02.098,14.3700,300
46862100661301,13:01:02.100,14.3700,100
46941251724366,13:02:21.251,14.3700,100
46941251724366,13:02:21.251,14.3600,100
46941251724366,13:02:21.251,14.3600,200
46941251724366,13:02:21.251,14.3600,100
46942035147147,13:02:22.035,14.3500,100
46942059622710,13:02:22.059,14.3500,100
47011238646927,13:03:31.238,14.3600,3
47011239040483,13:03:31.239,14.3600,97
47011239040483,13:03:31.239,14.3600,100
47011239040483,13:03:31.239,14.3600,1
47011239040483,13:03:31.239,14.3600,200
47011239040483,13:03:31.239,14.3600,100
47011239040483,13:03:31.239,14.3600,100
47011239158848,13:03:31.239,14.3600,43
47011240181399,13:03:31.240,14.3600,100
47012075368417,13:03:32.075,14.3800,100
47070232938120,13:04:30.232,14.3850,100
47070232938120,13:04:30.232,14.3800,100
47080242572031,13:04:40.242,14.3800,100
47080244412707,13:04:40.244,14.3800,100
47148253851269,13:05:48.253,14.3750,100
47148253851269,13:05:48.253,14.3700,48
47148253857523,13:05:48.253,14.3700,50
47148253946720,13:05:48.253,14.3700,2
47148253946720,13:05:48.253,14.3700,100
47149301875282,13:05:49.301,14.3700,100
47154270186042,13:05:54.270,14.3600,100
47189661624492,13:06:29.661,14.3700,100
47189661624492,13:06:29.661,14.3700,100
47189661624492,13:06:29.661,14.3700,100
47189661624492,13:06:29.661,14.3700,100
47189661624492,13:06:29.661,14.3700,1
47189661624492,13:06:29.661,14.3700,100
47189661624492,13:06:29.661,14.3700,1
47189778544799,13:06:29.778,14.3800,100
47189778544799,13:06:29.778,14.3800,100
47189778544799,13:06:29.778,14.3800,100
47189778544799,13:06:29.778,14.3800,100
47189778544799,13:06:29.778,14.3800,600
47189778544799,13:06:29.778,14.3800,100
47214167425629,13:06:54.167,14.3800,100
47288505154716,13:08:08.505,14.3900,100
47288505154716,13:08:08.505,14.3900,100
47288505154716,13:08:08.505,14.3900,1
47288505154716,13:08:08.505,14.3900,100
47302677911607,13:08:22.677,14.3900,3
47363952097507,13:09:23.952,14.4000,100
47363952575800,13:09:23.952,14.4000,100
47363952575800,13:09:23.952,14.4000,100
47363952575800,13:09:23.952,14.4000,100
47363952575800,13:09:23.952,14.4000,100
47365315603532,13:09:25.315,14.4000,100
47365315793654,13:09:25.315,14.4000,74
47365315884863,13:09:25.315,14.4000,26
47365315884863,13:09:25.315,14.4000,100
47365315884863,13:09:25.315,14.4000,8
47365316883178,13:09:25.316,14.4000,100
47415938525359,13:10:15.938,14.4000,100
47415938525359,13:10:15.938,14.4000,100
47415938525359,13:10:15.938,14.4000,100
47415938525359,13:10:15.938,14.4000,1
47415938653426,13:10:15.938,14.4000,11
47459068393912,13:10:59.068,14.4000,81
47520025777735,13:12:00.025,14.4100,100
47520025777735,13:12:00.025,14.4100,100
47520025777735,13:12:00.025,14.4100,100
47548785163396,13:12:28.785,14.4200,1
47553331529593,13:12:33.331,14.4200,100
47553331529593,13:12:33.331,14.4200,100
47566882673953,13:12:46.882,14.4200,49
47611228436955,13:13:31.228,14.4200,100
47615786765818,13:13:35.786,14.4300,4
47649081840598,13:14:09.081,14.4200,100
47649081840598,13:14:09.081,14.4200,100
47649081840598,13:14:09.081,14.4200,100
47892595016361,13:18:12.595,14.4300,3
47952257491997,13:19:12.257,14.4250,100
48000818321948,13:20:00.818,14.4300,193
48000818321948,13:20:00.818,14.4300,100
48000818321948,13:20:00.818,14.4300,100
48000818321948,13:20:00.818,14.4300,100
48000818321948,13:20:00.818,14.4300,7
48000818349747,13:20:00.818,14.4300,27
48000818364555,13:20:00.818,14.4300,166
48000818364555,13:20:00.818,14.4300,100
48000818364555,13:20:00.818,14.4300,100
48000818364555,13:20:00.818,14.4300,100
48000818364555,13:20:00.818,14.4300,100
48000818364555,13:20:00.818,14.4300,27
48000818406396,13:20:00.818,14.4300,200
48000818406396,13:20:00.818,14.4300,700
48000818700627,13:20:00.818,14.4300,20
48000818777858,13:20:00.818,14.4300,180
48000839145660,13:20:00.839,14.4300,300
48000839176829,13:20:00.839,14.4300,173
48045841249905,13:20:45.841,14.4350,100
48045841249905,13:20:45.841,14.4350,100
48045841409618,13:20:45.841,14.4300,100
48045841409618,13:20:45.841,14.4300,200
48045841409618,13:20:45.841,14.4300,100
48045841409618,13:20:45.841,14.4300,100
48050767829869,13:20:50.767,14.4300,100
48050767886997,13:20:50.767,14.4300,1
48050767886997,13:20:50.767,14.4300,100
48050769166822,13:20:50.769,14.4300,100
48063940268093,13:21:03.940,14.4400,32
48066802197022,13:21:06.802,14.4400,2
48066802256076,13:21:06.802,14.4400,166
48066802256076,13:21:06.802,14.4400,200
48066802256076,13:21:06.802,14.4400,2
48075097822852,13:21:15.097,14.4450,100
48168763938415,13:22:48.763,14.4450,100
48168763951519,13:22:48.763,14.4450,100
48168764037864,13:22:48.764,14.4400,100
48168764095487,13:22:48.764,14.4400,100
48168764095487,13:22:48.764,14.4400,100
48168764096538,13:22:48.764,14.4400,100
48191216927129,13:23:11.216,14.4350,100
48191219128510,13:23:11.219,14.4400,1
48191219128510,13:23:11.219,14.4400,100
48191219128510,13:23:11.219,14.4400,100
48191248094844,13:23:11.248,14.4500,78
48191248574937,13:23:11.248,14.4500,22
48191248574937,13:23:11.248,14.4500,80
48191248574937,13:23:11.248,14.4500,90
48191248574937,13:23:11.248,14.4500,8
48192137090231,13:23:12.137,14.4500,100
48192137090231,13:23:12.137,14.4500,200
48192137090231,13:23:12.137,14.4500,200
48194886739125,13:23:14.886,14.4450,100
48194887286406,13:23:14.887,14.4450,100
48271952965984,13:24:31.952,14.4500,20
48370024167182,13:26:10.024,14.4500,80
48370024167182,13:26:10.024,14.4500,100
48370024167182,13:26:10.024,14.4500,1
48422261403129,13:27:02.261,14.4550,100
48422261403129,13:27:02.261,14.4550,100
48422261403129,13:27:02.261,14.4500,200
48422261403129,13:27:02.261,14.4500,100
48422261405105,13:27:02.261,14.4500,100
48422261405105,13:27:02.261,14.4500,100
48422266370383,13:27:02.266,14.4400,80
48462201318764,13:27:42.201,14.4450,100
48496480542804,13:28:16.480,14.4450,4
48531386308011,13:28:51.386,14.4450,100
48567633786501,13:29:27.633,14.4450,100
48573382619515,13:29:33.382,14.4500,40
48573382763072,13:29:33.382,14.4500,60
48573382763072,13:29:33.382,14.4500,100
48573382763072,13:29:33.382,14.4500,200
48573382763072,13:29:33.382,14.4500,100
48574214878662,13:29:34.214,14.4500,100
48581257599432,13:29:41.257,14.4550,100
48654175866268,13:30:54.175,14.4500,1
48671232347803,13:31:11.232,14.4500,6
48703229258149,13:31:43.229,14.4500,28
48735237097635,13:32:15.237,14.4500,28
48739567464480,13:32:19.567,14.4500,8
48767199240347,13:32:47.199,14.4500,28
48785473823251,13:33:05.473,14.4600,3
48798807143751,13:33:18.807,14.4500,1
48798807143751,13:33:18.807,14.4500,27
48812181487768,13:33:32.181,14.4550,100
48812181487768,13:33:32.181,14.4500,73
48812181487768,13:33:32.181,14.4500,1
48812181783079,13:33:32.181,14.4500,99
48812181783079,13:33:32.181,14.4500,1
48835138623562,13:33:55.138,14.4500,100
48835138623562,13:33:55.138,14.4500,100
48835138623562,13:33:55.138,14.4500,200
48835138623562,13:33:55.138,14.4500,100
48835828386979,13:33:55.828,14.4500,20
48852195266241,13:34:12.195,14.4500,80
48852195266241,13:34:12.195,14.4500,100
48852195266241,13:34:12.195,14.4500,1
48852195266241,13:34:12.195,14.4500,100
48852195266241,13:34:12.195,14.4500,100
48852742688145,13:34:12.742,14.4500,100
48852832770770,13:34:12.832,14.4500,1
48855035209216,13:34:15.035,14.4500,96
48855035274180,13:34:15.035,14.4500,200
48910700951396,13:35:10.700,14.4500,100
48929870151314,13:35:29.870,14.4400,100
48945281018300,13:35:45.281,14.4400,100
48946145130421,13:35:46.145,14.4400,100
48946145130421,13:35:46.145,14.4400,200
48946840120152,13:35:46.840,14.4400,100
48947094938604,13:35:47.094,14.4400,100
48948581490807,13:35:48.581,14.4400,100
49047277634505,13:37:27.277,14.4400,100
49050507729979,13:37:30.507,14.4300,8
49081280387575,13:38:01.280,14.4400,100
49081280387575,13:38:01.280,14.4400,100
49081280387575,13:38:01.280,14.4400,100
49081280387575,13:38:01.280,14.4400,400
49081280387575,13:38:01.280,14.4400,100
49081280525336,13:38:01.280,14.4400,20
49081362500262,13:38:01.362,14.4400,1
49088917936505,13:38:08.917,14.4400,4
49105335882480,13:38:25.335,14.4350,100
49105335882480,13:38:25.335,14.4300,192
49105336179862,13:38:25.336,14.4300,100
49107283301365,13:38:27.283,14.4300,400
49107283301365,13:38:27.283,14.4300,100
49108176606230,13:38:28.176,14.4300,100
49110230908930,13:38:30.230,14.4300,100
49121300332218,13:38:41.300,14.4200,100
49123286925617,13:38:43.286,14.4200,200
49125287110990,13:38:45.287,14.4300,100
49150112164497,13:39:10.112,14.4300,1
49150115151066,13:39:10.115,14.4400,100
49150115151066,13:39:10.115,14.4400,100
49150115151066,13:39:10.115,14.4400,100
49150115151066,13:39:10.115,14.4400,100
49150115151066,13:39:10.115,14.4400,100
49150115151066,13:39:10.115,14.4400,100
49150115151066,13:39:10.115,14.4400,76
49150115151066,13:39:10.115,14.4400,100
49150115151066,13:39:10.115,14.4400,76
49150140177840,13:39:10.140,14.4400,100
49150140177840,13:39:10.140,14.4400,74
49150140177840,13:39:10.140,14.4400,26
49150141709021,13:39:10.141,14.4400,24
49150141711020,13:39:10.141,14.4400,50
49231822341242,13:40:31.822,14.4400,100
49245555892585,13:40:45.555,14.4300,100
49308372169183,13:41:48.372,14.4200,6
49318009126899,13:41:58.009,14.4200,94
49318009126899,13:41:58.009,14.4200,6
49322615762254,13:42:02.615,14.4200,94
49322615762254,13:42:02.615,14.4200,6
49322615920022,13:42:02.615,14.4200,94
49327144308765,13:42:07.144,14.4100,200
49327144308765,13:42:07.144,14.4100,20
49327144705758,13:42:07.144,14.4100,100
49328322479368,13:42:08.322,14.4000,100
49328322534391,13:42:08.322,14.4000,100
49328322534391,13:42:08.322,14.4000,50
49328322538141,13:42:08.322,14.4000,150
49358434003119,13:42:38.434,14.4000,100
49358434003119,13:42:38.434,14.4000,100
49373665819338,13:42:53.665,14.3900,100
49390237074219,13:43:10.237,14.3900,100
49396134098827,13:43:16.134,14.3900,100
49396134124552,13:43:16.134,14.3900,200
49397757363073,13:43:17.757,14.3900,300
49397757363073,13:43:17.757,14.3900,100
49397757363073,13:43:17.757,14.3900,100
49397757363073,13:43:17.757,14.3900,100
49397757363073,13:43:17.757,14.3900,100
49429390120233,13:43:49.390,14.3800,15
49429398611378,13:43:49.398,14.3800,17
49429398645615,13:43:49.398,14.3800,57
49429398645615,13:43:49.398,14.3800,43
49429398650487,13:43:49.398,14.3800,50
49429398651940,13:43:49.398,14.3800,50
49449014014889,13:44:09.014,14.3700,100
49449014014889,13:44:09.014,14.3700,200
49449014014889,13:44:09.014,14.3700,100
49449016689638,13:44:09.016,14.3700,3
49449766229240,13:44:09.766,14.3700,197
49482898699589,13:44:42.898,14.3700,54
49482898699589,13:44:42.898,14.3700,100
49482898699589,13:44:42.898,14.3700,1
49482898699589,13:44:42.898,14.3700,100
49482898699589,13:44:42.898,14.3700,100
49482898699589,13:44:42.898,14.3700,100
49482899165230,13:44:42.899,14.3800,50
49482899166708,13:44:42.899,14.3800,50
49482899166708,13:44:42.899,14.3800,50
49482899209764,13:44:42.899,14.3800,50
49482899234485,13:44:42.899,14.3800,50
49483640363746,13:44:43.640,14.3800,100
49484128810953,13:44:44.128,14.3850,50
49484128810953,13:44:44.128,14.3900,150
49484128852199,13:44:44.128,14.3900,50
49485165372896,13:44:45.165,14.3900,100
49485165372896,13:44:45.165,14.3900,204
49485165372896,13:44:45.165,14.3900,96
49485165546780,13:44:45.165,14.3900,4
49485165546780,13:44:45.165,14.3900,200
49485165546780,13:44:45.165,14.3900,200
49501882379040,13:45:01.882,14.3800,100
49501882379040,13:45:01.882,14.3800,100
49503295850028,13:45:03.295,14.3800,76
49504425696844,13:45:04.425,14.3700,100
49504425696844,13:45:04.425,14.3700,100
49507155027685,13:45:07.155,14.3800,1
49514258293218,13:45:14.258,14.3700,100
49619468795651,13:46:59.468,14.3800,99
49619468795651,13:46:59.468,14.3800,100
49619468795651,13:46:59.468,14.3800,100
49619468795651,13:46:59.468,14.3800,100
49619468795651,13:46:59.468,14.3800,100
49619468795651,13:46:59.468,14.3800,1
49619471946488,13:46:59.471,14.3900,100
49625502512611,13:47:05.502,14.3900,100
49625502630214,13:47:05.502,14.3900,100
49626482327783,13:47:06.482,14.3900,100
49658247127905,13:47:38.247,14.3900,100
49683216220040,13:48:03.216,14.3900,100
49684242702574,13:48:04.242,14.4000,3
49684242730041,13:48:04.242,14.4000,97
49684242730041,13:48:04.242,14.4000,100
49684242730041,13:48:04.242,14.4000,1
49684242747538,13:48:04.242,14.4000,5
49684242747538,13:48:04.242,14.4000,8
49702343808106,13:48:22.343,14.4100,100
49702343925822,13:48:22.343,14.4100,20
49704301034237,13:48:24.301,14.4200,100
49704301034237,13:48:24.301,14.4200,100
49704302243105,13:48:24.302,14.4300,20
49797558252364,13:49:57.558,14.4200,200
49797558252364,13:49:57.558,14.4200,100
49797558252364,13:49:57.558,14.4200,100
49797558252364,13:49:57.558,14.4200,200
49874454227738,13:51:14.454,14.4200,1
49874454227738,13:51:14.454,14.4200,8
49874454252844,13:51:14.454,14.4200,64
49874454312447,13:51:14.454,14.4200,28
49875085465934,13:51:15.085,14.4300,12
49875996018013,13:51:15.996,14.4300,88
49875996018013,13:51:15.996,14.4300,12
49875996091094,13:51:15.996,14.4300,88
49877900392431,13:51:17.900,14.4400,100
49877900392431,13:51:17.900,14.4400,100
49877900875965,13:51:17.900,14.4400,100
49877900875965,13:51:17.900,14.4400,100
49885013941053,13:51:25.013,14.4400,100
49915017914018,13:51:55.017,14.4400,100
49915533373886,13:51:55.533,14.4400,100
49917760265538,13:51:57.760,14.4300,100
49917760265538,13:51:57.760,14.4300,100
49917760265538,13:51:57.760,14.4300,100
49917760265538,13:51:57.760,14.4300,100
49917762765162,13:51:57.762,14.4200,200
49917762765162,13:51:57.762,14.4200,100
49956267335119,13:52:36.267,14.4200,100
49982195221653,13:53:02.195,14.4250,1
49982195527451,13:53:02.195,14.4250,1
49982195547487,13:53:02.195,14.4250,1
49982195551749,13:53:02.195,14.4250,1
49982195772849,13:53:02.195,14.4300,1
49982733985984,13:53:02.733,14.4400,8
49992223949856,13:53:12.223,14.4450,4
49995406059408,13:53:15.406,14.4400,100
50022449975007,13:53:42.449,14.4400,100
50043805109373,13:54:03.805,14.4400,1
50099760913818,13:54:59.760,14.4400,100
50099760913818,13:54:59.760,14.4400,100
50099760913818,13:54:59.760,14.4400,8
50100038694833,13:55:00.038,14.4400,100
50156032301244,13:55:56.032,14.4300,400
50156032336597,13:55:56.032,14.4300,100
50156032336597,13:55:56.032,14.4300,50
50156032337382,13:55:56.032,14.4300,44
50156032343345,13:55:56.032,14.4300,6
50156032343345,13:55:56.032,14.4300,100
50156562293916,13:55:56.562,14.4200,100
50156562293916,13:55:56.562,14.4200,100
50156563071530,13:55:56.563,14.4200,500
50156563071530,13:55:56.563,14.4200,100
50156563071530,13:55:56.563,14.4200,100
50191288471292,13:56:31.288,14.4200,200
50200563826118,13:56:40.563,14.4200,100
50200563826118,13:56:40.563,14.4200,100
50203146857576,13:56:43.146,14.4100,100
50240291703904,13:57:20.291,14.4200,100
50240291703904,13:57:20.291,14.4200,100
50240291703904,13:57:20.291,14.4200,100
50240291703904,13:57:20.291,14.4200,500
50240291703904,13:57:20.291,14.4200,100
50240291992485,13:57:20.291,14.4200,5
50240292032867,13:57:20.292,14.4200,100
50242627380777,13:57:22.627,14.4200,100
50242627380777,13:57:22.627,14.4200,100
50242627380777,13:57:22.627,14.4200,100
50242627380777,13:57:22.627,14.4200,185
50242627420836,13:57:22.627,14.4200,15
50242629034904,13:57:22.629,14.4200,700
50242629034904,13:57:22.629,14.4200,100
50272283061752,13:57:52.283,14.4200,100
50272283061752,13:57:52.283,14.4200,100
50293888788313,13:58:13.888,14.4300,3
50316914407257,13:58:36.914,14.4200,200
50316914407257,13:58:36.914,14.4200,1
50316915962407,13:58:36.915,14.4200,900
50316915962407,13:58:36.915,14.4200,900
50316915962407,13:58:36.915,14.4200,100
50316915962407,13:58:36.915,14.4200,100
50316915962407,13:58:36.915,14.4200,100
50316915962407,13:58:36.915,14.4200,100
50316930321383,13:58:36.930,14.4300,97
50316930426861,13:58:36.930,14.4300,100
50316930426861,13:58:36.930,14.4300,100
50319669071083,13:58:39.669,14.4300,100
50319669071083,13:58:39.669,14.4300,93
50319669108757,13:58:39.669,14.4300,107
50325959475216,13:58:45.959,14.4300,100
50330801219810,13:58:50.801,14.4300,38
50330801260855,13:58:50.801,14.4300,24
50330867508784,13:58:50.867,14.4300,38
50330867508784,13:58:50.867,14.4300,62
50330867704893,13:58:50.867,14.4300,38
50341228184326,13:59:01.228,14.4200,100
50341228184326,13:59:01.228,14.4200,100
50341229957919,13:59:01.229,14.4200,100
50341229957919,13:59:01.229,14.4200,900
50341229957919,13:59:01.229,14.4200,100
50354252549382,13:59:14.252,14.4100,100
50379397889919,13:59:39.397,14.4100,100
50379397889919,13:59:39.397,14.4100,100
50379398407796,13:59:39.398,14.4100,900
50379398407796,13:59:39.398,14.4100,179
50379398407796,13:59:39.398,14.4200,100
50379398407796,13:59:39.398,14.4200,100
50379398407796,13:59:39.398,14.4200,900
50379398470974,13:59:39.398,14.4200,10
50379398735608,13:59:39.398,14.4200,100
50379398982249,13:59:39.398,14.4200,100
50379398996987,13:59:39.398,14.4200,100
50379398996987,13:59:39.398,14.4200,56
50379399093366,13:59:39.399,14.4200,44
50379535073058,13:59:39.535,14.4200,7
50379747561215,13:59:39.747,14.4200,3
50379747561215,13:59:39.747,14.4200,7
50379747561215,13:59:39.747,14.4200,10
50380149830494,13:59:40.149,14.4000,100
50381397666067,13:59:41.397,14.4100,200
50381397666067,13:59:41.397,14.4200,500
50381417564294,13:59:41.417,14.4200,100
50381417564294,13:59:41.417,14.4200,100
50381417564294,13:59:41.417,14.4200,100
50381417564294,13:59:41.417,14.4200,100
50381417564294,13:59:41.417,14.4200,100
50381417564294,13:59:41.417,14.4200,100
50381468632813,13:59:41.468,14.4200,200
50381516729260,13:59:41.516,14.4200,200
50402765704341,14:00:02.765,14.4100,44
50405735636972,14:00:05.735,14.4200,1
50405843234894,14:00:05.843,14.4200,84
50405843247547,14:00:05.843,14.4200,16
50408998823557,14:00:08.998,14.4400,92
50408999195329,14:00:08.999,14.4400,8
50408999195329,14:00:08.999,14.4400,6
50409078833416,14:00:09.078,14.4400,94
50409078833416,14:00:09.078,14.4400,6
50409078841854,14:00:09.078,14.4400,94
50409078841854,14:00:09.078,14.4400,6
50409078870342,14:00:09.078,14.4400,12
50413028041666,14:00:13.028,14.4400,82
50413028041666,14:00:13.028,14.4400,100
50417592149646,14:00:17.592,14.4300,100
50417592149646,14:00:17.592,14.4300,100
50423727503306,14:00:23.727,14.4200,100
50423727503306,14:00:23.727,14.4200,200
50439592956627,14:00:39.592,14.4300,100
50439592994418,14:00:39.592,14.4300,80
50446507789781,14:00:46.507,14.4200,100
50446508061237,14:00:46.508,14.4200,100
50446508165009,14:00:46.508,14.4200,80
50446509948953,14:00:46.509,14.4200,20
50446509948953,14:00:46.509,14.4200,100
50446510117633,14:00:46.510,14.4200,100
50446510128193,14:00:46.510,14.4200,100
50447060619548,14:00:47.060,14.4100,56
50447061201071,14:00:47.061,14.4000,200
50447061201071,14:00:47.061,14.4000,100
50447061201071,14:00:47.061,14.4000,400
50447061810708,14:00:47.061,14.4000,200
50449547166336,14:00:49.547,14.4100,100
50463167381126,14:01:03.167,14.4300,100
50466725295699,14:01:06.725,14.4300,200
50466725339149,14:01:06.725,14.4300,41
50466725427050,14:01:06.725,14.4300,59
50468007817435,14:01:08.007,14.4100,100
50468007817435,14:01:08.007,14.4100,200
50472724517956,14:01:12.724,14.4200,100
50473264161878,14:01:13.264,14.4200,200
50536484890130,14:02:16.484,14.4100,44
50537833112695,14:02:17.833,14.4100,56
50537833112695,14:02:17.833,14.4100,100
50537833112695,14:02:17.833,14.4100,4
50537833316925,14:02:17.833,14.4100,40
50537833462707,14:02:17.833,14.4100,56
50537833462707,14:02:17.833,14.4100,100
50537833462707,14:02:17.833,14.4100,44
50537833549870,14:02:17.833,14.4100,56
50537833549870,14:02:17.833,14.4100,65
50537833829464,14:02:17.833,14.4100,35
50537833829464,14:02:17.833,14.4100,100
50537834350689,14:02:17.834,14.4100,100
50552272343670,14:02:32.272,14.4000,100
50557966945663,14:02:37.966,14.4000,100
50557966945663,14:02:37.966,14.4000,9
50557966945663,14:02:37.966,14.4000,1
50557966945663,14:02:37.966,14.4000,100
50557966945663,14:02:37.966,14.4000,100
50557971294190,14:02:37.971,14.4100,100
50557971294190,14:02:37.971,14.4100,9
50557971294190,14:02:37.971,14.4100,100
50557971294190,14:02:37.971,14.4200,100
50557971294190,14:02:37.971,14.4200,100
50566708358212,14:02:46.708,14.4300,100
50566708358212,14:02:46.708,14.4300,100
50566712465898,14:02:46.712,14.4500,100
50566712465898,14:02:46.712,14.4500,100
50566712465898,14:02:46.712,14.4500,400
50580328662374,14:03:00.328,14.4500,100
50608820677782,14:03:28.820,14.4500,100
50608820677782,14:03:28.820,14.4500,100
50667555786209,14:04:27.555,14.4600,700
50667555786209,14:04:27.555,14.4600,100
50667555822847,14:04:27.555,14.4600,34
50667555824412,14:04:27.555,14.4600,66
50667555824412,14:04:27.555,14.4600,8
50667555826297,14:04:27.555,14.4600,92
50667555826297,14:04:27.555,14.4600,1
50667555826297,14:04:27.555,14.4600,4
50667555838812,14:04:27.555,14.4600,96
50667555838812,14:04:27.555,14.4600,100
50667555940513,14:04:27.555,14.4700,10
50667655600127,14:04:27.655,14.4700,6
50670019219730,14:04:30.019,14.4700,3
50670029104473,14:04:30.029,14.4700,100
50675397940818,14:04:35.397,14.4700,7
50675397940818,14:04:35.397,14.4700,93
50677181304876,14:04:37.181,14.4700,7
50677181304876,14:04:37.181,14.4700,93
50704086715002,14:05:04.086,14.4800,1300
50704086715002,14:05:04.086,14.4800,100
50704086715002,14:05:04.086,14.4800,90
50704086715002,14:05:04.086,14.4800,100
50704087875807,14:05:04.087,14.4900,100
50704093178247,14:05:04.093,14.5000,500
50704093178247,14:05:04.093,14.5000,100
50783692793382,14:06:23.692,14.5400,100
50835655273283,14:07:15.655,14.5300,100
50837321872239,14:07:17.321,14.5300,100
50837321872239,14:07:17.321,14.5300,100
50861556252455,14:07:41.556,14.5300,100
50861556252455,14:07:41.556,14.5200,100
50861556252455,14:07:41.556,14.5200,63
50861556293125,14:07:41.556,14.5200,37
50861556293125,14:07:41.556,14.5200,1
50861556293125,14:07:41.556,14.5200,100
50861556293125,14:07:41.556,14.5200,100
50861556327841,14:07:41.556,14.5200,100
50861557146294,14:07:41.557,14.5200,31
50861557315081,14:07:41.557,14.5200,16
50862285372056,14:07:42.285,14.5100,100
50868733149355,14:07:48.733,14.5000,100
50868733149355,14:07:48.733,14.5000,200
50868733149355,14:07:48.733,14.5000,100
50868733149355,14:07:48.733,14.5000,100
50878160822506,14:07:58.160,14.4900,100
50881132036690,14:08:01.132,14.4900,58
50881132072258,14:08:01.132,14.4900,20
50881132103985,14:08:01.132,14.4900,22
50881132103985,14:08:01.132,14.4900,7
50881132315465,14:08:01.132,14.4900,14
50881132423164,14:08:01.132,14.4900,7
50881132475481,14:08:01.132,14.4900,4
50881132527844,14:08:01.132,14.4900,2
50881132583527,14:08:01.132,14.4900,1
50968237942921,14:09:28.237,14.4900,1
50968237942921,14:09:28.237,14.4900,20
50968237942921,14:09:28.237,14.4900,19
50968237949621,14:09:28.237,14.4900,181
50968311157673,14:09:28.311,14.4900,20
50969435978372,14:09:29.435,14.4900,20
50988049469373,14:09:48.049,14.4800,100
50988049480467,14:09:48.049,14.4800,80
50988049515517,14:09:48.049,14.4800,20
50988049515517,14:09:48.049,14.4800,80
50988110441937,14:09:48.110,14.4800,20
50988110441937,14:09:48.110,14.4800,81
50988110455983,14:09:48.110,14.4800,19
50992024782293,14:09:52.024,14.4700,6
50992993481094,14:09:52.993,14.4850,200
50996641739005,14:09:56.641,14.4800,6
51001361399584,14:10:01.361,14.4900,20
51001361565545,14:10:01.361,14.4900,80
51001361565545,14:10:01.361,14.4900,100
51001361565545,14:10:01.361,14.4900,300
51001361565545,14:10:01.361,14.4900,20
51001363332452,14:10:01.363,14.5000,100
51001363332452,14:10:01.363,14.5000,100
51001363332452,14:10:01.363,14.5000,100
51001363332452,14:10:01.363,14.5000,100
51001363413471,14:10:01.363,14.5000,100
51004244791081,14:10:04.244,14.5050,100
51006595660966,14:10:06.595,14.5000,100
51023905833165,14:10:23.905,14.5100,100
51023905833165,14:10:23.905,14.5100,100
51023906076011,14:10:23.906,14.5200,100
51023907494039,14:10:23.907,14.5300,37
51023907496597,14:10:23.907,14.5300,63
51024771201545,14:10:24.771,14.5200,100
51032166622090,14:10:32.166,14.5100,1
51033735724715,14:10:33.735,14.5100,100
51033735839749,14:10:33.735,14.5100,100
51045632276593,14:10:45.632,14.5300,100
51045632282396,14:10:45.632,14.5300,63
51045632318449,14:10:45.632,14.5300,37
51045632318449,14:10:45.632,14.5300,23
51045632320945,14:10:45.632,14.5300,12
51045632402349,14:10:45.632,14.5300,65
51080736695232,14:11:20.736,14.5500,300
51080736695232,14:11:20.736,14.5500,130
51080736695232,14:11:20.736,14.5500,100
51080736695232,14:11:20.736,14.5500,400
51080736696586,14:11:20.736,14.5600,400
51080736702317,14:11:20.736,14.5700,64
51102273929675,14:11:42.273,14.5500,100
51102274122394,14:11:42.274,14.5500,100
51102274122394,14:11:42.274,14.5500,100
51157177615622,14:12:37.177,14.5600,100
51157177615622,14:12:37.177,14.5600,100
51157177615622,14:12:37.177,14.5600,100
51162202211348,14:12:42.202,14.5600,100
51174980156621,14:12:54.980,14.5700,100
51174980156621,14:12:54.980,14.5700,100
51179509970445,14:12:59.509,14.5800,100
51179509970445,14:12:59.509,14.5800,96
51179509988196,14:12:59.509,14.5800,4
51179509988196,14:12:59.509,14.5800,100
51179509988196,14:12:59.509,14.5800,20
51179510029773,14:12:59.510,14.5800,80
51179510040713,14:12:59.510,14.5800,41
51179510096215,14:12:59.510,14.5800,59
51179510117255,14:12:59.510,14.5800,100
51179510128328,14:12:59.510,14.5800,75
51179510138329,14:12:59.510,14.5800,25
51179510138329,14:12:59.510,14.5800,16
51180339342084,14:13:00.339,14.5850,84
51180339342084,14:13:00.339,14.5900,16
51185782258229,14:13:05.782,14.5900,84
51185782401501,14:13:05.782,14.6000,20
51185782705952,14:13:05.782,14.6000,20
51189014335581,14:13:09.014,14.6000,200
51189014335581,14:13:09.014,14.6000,100
51220645407790,14:13:40.645,14.6100,3
51221015002800,14:13:41.015,14.6100,97
51275811053351,14:14:35.811,14.6200,100
51275811053351,14:14:35.811,14.6200,100
51275811178709,14:14:35.811,14.6200,100
51300231094560,14:15:00.231,14.6150,100
51300231094560,14:15:00.231,14.6100,100
51300231094560,14:15:00.231,14.6100,200
51300231094560,14:15:00.231,14.6100,100
51300231094560,14:15:00.231,14.6100,1
51300231195011,14:15:00.231,14.6100,100
51300231210510,14:15:00.231,14.6100,1
51300231213007,14:15:00.231,14.6100,99
51307015076051,14:15:07.015,14.6000,100
51307016031018,14:15:07.016,14.6000,100
51313840861947,14:15:13.840,14.6000,100
51331232638246,14:15:31.232,14.5900,100
51331232641722,14:15:31.232,14.5900,50
51331232666890,14:15:31.232,14.5900,50
51342771148959,14:15:42.771,14.5700,100
51349170174600,14:15:49.170,14.5800,100
51382643531753,14:16:22.643,14.6000,87
51382643654469,14:16:22.643,14.6000,13
51385226398224,14:16:25.226,14.6000,200
51385227220002,14:16:25.227,14.6000,100
51447244593406,14:17:27.244,14.6050,100
51447244675234,14:17:27.244,14.6000,100
51447244675234,14:17:27.244,14.6000,2
51447244675234,14:17:27.244,14.6000,100
51447244929344,14:17:27.244,14.6000,100
51454988368450,14:17:34.988,14.6000,100
51462925692360,14:17:42.925,14.5900,300
51462925692360,14:17:42.925,14.5900,100
51462925737381,14:17:42.925,14.5900,40
51462925740699,14:17:42.925,14.5900,19
51462925744248,14:17:42.925,14.5900,50
51462925746490,14:17:42.925,14.5900,91
51462925746490,14:17:42.925,14.5900,100
51473291043085,14:17:53.291,14.5800,100
51483372717732,14:18:03.372,14.5800,100
51483372717732,14:18:03.372,14.5800,100
51483372994861,14:18:03.372,14.5900,37
51483373560190,14:18:03.373,14.5900,100
51483373560190,14:18:03.373,14.5900,100
51483373560190,14:18:03.373,14.5900,100
51483373560190,14:18:03.373,14.5900,100
51503608660266,14:18:23.608,14.5900,26
