timestamp,time,price,volume
33529556598154,09:18:49.556,7.3800,1
33780716904532,09:23:00.716,7.3800,1
34175001423655,09:29:35.001,7.3800,49
34175001423655,09:29:35.001,7.3800,150
34200086711273,09:30:00.086,7.3900,100
34200086711273,09:30:00.086,7.3600,200
34200097875612,09:30:00.097,7.3600,200
34200699732338,09:30:00.699,0.0000,0
34201116129027,09:30:01.116,7.3600,100
34201321112256,09:30:01.321,7.3600,1832
34201321112256,09:30:01.321,7.3600,1768
34201321176605,09:30:01.321,7.3600,64
34201773649672,09:30:01.773,7.3700,100
34201773649672,09:30:01.773,7.3700,100
34201773649672,09:30:01.773,7.3700,100
34201773649672,09:30:01.773,7.3700,100
34201991893248,09:30:01.991,7.3800,5
34202239395303,09:30:02.239,7.3700,500
34202249506222,09:30:02.249,7.3600,10
34202249506222,09:30:02.249,7.3600,19
34202249506222,09:30:02.249,7.3600,30
34202254805208,09:30:02.254,7.3500,9
34202254805208,09:30:02.254,7.3500,80
34202254805208,09:30:02.254,7.3500,100
34202254805208,09:30:02.254,7.3500,500
34202254805208,09:30:02.254,7.3500,75
34202254805208,09:30:02.254,7.3500,10
34202254805208,09:30:02.254,7.3500,3000
34202254805208,09:30:02.254,7.3500,100
34202254805208,09:30:02.254,7.3500,100
34202260671262,09:30:02.260,7.3400,7
34202260671262,09:30:02.260,7.3400,10
34202260671262,09:30:02.260,7.3400,100
34237346428318,09:30:37.346,7.4000,65
34241192029847,09:30:41.192,7.4200,6
34241192029847,09:30:41.192,7.4200,80
34242020280156,09:30:42.020,7.4100,100
34281438719417,09:31:21.438,7.4000,600
34281438848437,09:31:21.438,7.4000,160
34281438848437,09:31:21.438,7.3900,340
34286062316743,09:31:26.062,7.4000,200
34330091452044,09:32:10.091,7.4200,1100
34330091981218,09:32:10.091,7.4200,100
34330101331043,09:32:10.101,7.4200,100
34330101331043,09:32:10.101,7.4200,100
34331227258451,09:32:11.227,7.4200,7
34353025718675,09:32:33.025,7.4200,93
34376799733468,09:32:56.799,7.4300,100
34378855884041,09:32:58.855,7.4400,150
34384917500814,09:33:04.917,7.4300,300
34384917593066,09:33:04.917,7.4300,200
34384917593066,09:33:04.917,7.4200,200
34407244210818,09:33:27.244,7.4200,494
34407248859072,09:33:27.248,7.4200,100
34413501455875,09:33:33.501,7.4100,46
34418119430580,09:33:38.119,7.3800,400
34430228139925,09:33:50.228,7.3900,500
34430228176778,09:33:50.228,7.3900,700
34430228176778,09:33:50.228,7.3900,1200
34430228348635,09:33:50.228,7.3900,632
34430228348635,09:33:50.228,7.3900,232
34472628046274,09:34:32.628,7.4000,100
34472628090471,09:34:32.628,7.4000,1100
34503115961016,09:35:03.115,7.3400,1000
34503117128326,09:35:03.117,7.3300,1500
34503117191546,09:35:03.117,7.3300,100
34503117535973,09:35:03.117,7.3300,100
34503117535973,09:35:03.117,7.3300,500
34503117535973,09:35:03.117,7.3300,400
34503117697509,09:35:03.117,7.3300,500
34503118805896,09:35:03.118,7.3300,100
34503118805896,09:35:03.118,7.3300,1397
34503134451566,09:35:03.134,7.3300,100
34503136449782,09:35:03.136,7.3300,200
34503139570693,09:35:03.139,7.3200,6
34503139570693,09:35:03.139,7.3200,194
34503139617542,09:35:03.139,7.3200,200
34503139632946,09:35:03.139,7.3200,600
34503139646891,09:35:03.139,7.3200,300
34503163229613,09:35:03.163,7.3100,7
34503163229613,09:35:03.163,7.3100,693
34503175729013,09:35:03.175,7.3000,100
34503175738988,09:35:03.175,7.3000,23
34503175738988,09:35:03.175,7.3000,5
34503175738988,09:35:03.175,7.3000,100
34503175738988,09:35:03.175,7.3000,20
34503175738988,09:35:03.175,7.3000,41
34503175738988,09:35:03.175,7.3000,100
34503175738988,09:35:03.175,7.3000,52
34503175738988,09:35:03.175,7.3000,15
34503175738988,09:35:03.175,7.3000,544
34503184887820,09:35:03.184,7.3000,300
34503185219695,09:35:03.185,7.3000,100
34503185232766,09:35:03.185,7.3000,900
34503185329235,09:35:03.185,7.3000,156
34503185329235,09:35:03.185,7.3000,12
34503185329235,09:35:03.185,7.3000,55
34503185329235,09:35:03.185,7.3000,150
34503185329235,09:35:03.185,7.3000,1100
34503185329235,09:35:03.185,7.3000,100
34503185329235,09:35:03.185,7.3000,100
34526273672229,09:35:26.273,7.2900,9
34527603181177,09:35:27.603,7.2800,1
34527603181177,09:35:27.603,7.2800,1
34605596350463,09:36:45.596,7.3200,3
34634262547084,09:37:14.262,7.3100,100
34652434592496,09:37:32.434,7.3000,100
34652434697260,09:37:32.434,7.3000,100
34652434901669,09:37:32.434,7.3000,21
34652434945949,09:37:32.434,7.3000,10
34708055292668,09:38:28.055,7.3000,69
34708055292668,09:38:28.055,7.3000,100
34778752171669,09:39:38.752,7.3100,100
34781765108335,09:39:41.765,7.3000,605
34781765139671,09:39:41.765,7.3000,3800
34781765164154,09:39:41.765,7.3000,2100
34781765175117,09:39:41.765,7.3000,800
34781765224451,09:39:41.765,7.3000,695
34781765224451,09:39:41.765,7.3000,100
34825728409839,09:40:25.728,7.3100,100
34826549679084,09:40:26.549,7.3100,233
34826549725149,09:40:26.549,7.3100,67
34826550901369,09:40:26.550,7.3000,100
34845371717966,09:40:45.371,7.3100,100
34845371717966,09:40:45.371,7.3100,100
34845371717966,09:40:45.371,7.3100,200
34845371717966,09:40:45.371,7.3100,100
34845371717966,09:40:45.371,7.3100,600
34845841720275,09:40:45.841,7.3200,100
34858279435008,09:40:58.279,7.3200,100
34981542197993,09:43:01.542,7.3400,100
34983146564792,09:43:03.146,7.3400,100
34994933686922,09:43:14.933,7.3500,597
34994933708771,09:43:14.933,7.3500,403
35038600889193,09:43:58.600,7.3300,399
35047302202159,09:44:07.302,7.3200,100
35110766364650,09:45:10.766,7.3400,100
35136573770644,09:45:36.573,7.3300,954
35265028993723,09:47:45.028,7.3400,100
35265028993723,09:47:45.028,7.3500,900
35281075911701,09:48:01.075,7.3400,100
35281075911701,09:48:01.075,7.3500,1700
35281076460027,09:48:01.076,7.3500,16
35281077399586,09:48:01.077,7.3500,100
35282099954038,09:48:02.099,7.3500,100
35303836937507,09:48:23.836,7.3500,25
35344521483920,09:49:04.521,7.3500,100
35352644595732,09:49:12.644,7.3500,100
35352644608119,09:49:12.644,7.3500,100
35414103829620,09:50:14.103,7.3300,35
35434295360374,09:50:34.295,7.3500,1100
35482568085941,09:51:22.568,7.3500,100
35482575011373,09:51:22.575,7.3600,100
35528902082016,09:52:08.902,7.3700,20
35540462642983,09:52:20.462,7.3700,100
35540480988858,09:52:20.480,7.3700,26
35678957217919,09:54:38.957,7.4000,525
35678957232219,09:54:38.957,7.4000,475
35678972312640,09:54:38.972,7.4000,48
35678972357079,09:54:38.972,7.4000,52
35678972357079,09:54:38.972,7.4000,100
35680096034806,09:54:40.096,7.4000,100
35691677469662,09:54:51.677,7.4000,100
35691677469662,09:54:51.677,7.4000,100
35691677469662,09:54:51.677,7.4000,900
35691677469662,09:54:51.677,7.4000,1000
35691677469662,09:54:51.677,7.4000,200
35691683645214,09:54:51.683,7.4000,200
35706963438466,09:55:06.963,7.4000,40
35708760596002,09:55:08.760,7.4000,160
35761790427539,09:56:01.790,7.3900,2400
35761790427539,09:56:01.790,7.3900,200
35761792634983,09:56:01.792,7.4000,100
35761792634983,09:56:01.792,7.4000,1300
35761792634983,09:56:01.792,7.4000,200
35761792634983,09:56:01.792,7.4000,800
35761792634983,09:56:01.792,7.4000,400
35761792634983,09:56:01.792,7.4000,100
35815756036463,09:56:55.756,7.4000,14
35818860772219,09:56:58.860,7.4000,100
35835057834893,09:57:15.057,7.4000,100
35871872425379,09:57:51.872,7.4000,36
35871872425379,09:57:51.872,7.4000,200
35878298450105,09:57:58.298,7.3800,3
36041785853580,10:00:41.785,7.4000,400
36041787996438,10:00:41.787,7.4100,400
36149635284991,10:02:29.635,7.4200,100
36157410984687,10:02:37.410,7.4200,3000
36167891717518,10:02:47.891,7.4200,2200
36167891717518,10:02:47.891,7.4200,800
36167891717518,10:02:47.891,7.4200,400
36167891717518,10:02:47.891,7.4200,200
36167891717518,10:02:47.891,7.4200,100
36167899693388,10:02:47.899,7.4200,100
36167918250276,10:02:47.918,7.4200,200
36167918250276,10:02:47.918,7.4200,100
36167918250276,10:02:47.918,7.4200,100
36191847897010,10:03:11.847,7.4100,4
36250910341835,10:04:10.910,7.4000,500
36383264983783,10:06:23.264,7.4300,404
36383265020307,10:06:23.265,7.4300,4596
36383265020307,10:06:23.265,7.4300,10
36386370696226,10:06:26.370,7.4400,500
36452007801785,10:07:32.007,7.4200,300
36458516609589,10:07:38.516,7.4100,100
36458516609589,10:07:38.516,7.4100,900
36525391508258,10:08:45.391,7.4300,500
36525391508258,10:08:45.391,7.4300,700
36525391595157,10:08:45.391,7.4300,300
36525563992664,10:08:45.563,7.4400,367
36525564027493,10:08:45.564,7.4400,567
36525564028771,10:08:45.564,7.4400,566
36525564030253,10:08:45.564,7.4400,100
36566446954692,10:09:26.446,7.4400,63
36567465124201,10:09:27.465,7.4400,400
36577368148148,10:09:37.368,7.4400,100
36577732111480,10:09:37.732,7.4400,3
36589333663203,10:09:49.333,7.4400,300
36597711649023,10:09:57.711,7.4400,500
36597723427089,10:09:57.723,7.4400,1392
36624002702365,10:10:24.002,7.4400,700
36624002702365,10:10:24.002,7.4400,692
36624003034320,10:10:24.003,7.4400,208
36627971955078,10:10:27.971,7.4300,50
36628415174856,10:10:28.415,7.4400,200
36674232581459,10:11:14.232,7.4200,100
36679060468778,10:11:19.060,7.4200,50
36774720688907,10:12:54.720,7.4200,100
36855072478027,10:14:15.072,7.4500,100
36855072478027,10:14:15.072,7.4500,2500
36855072478027,10:14:15.072,7.4500,900
36855072536995,10:14:15.072,7.4500,100
36855072536995,10:14:15.072,7.4500,2100
36924889544875,10:15:24.889,7.4400,500
36925870455034,10:15:25.870,7.4300,100
37033952584417,10:17:13.952,7.4100,100
37033952612651,10:17:13.952,7.4100,900
37066023646671,10:17:46.023,7.4000,3
37066023646671,10:17:46.023,7.4000,50
37149521184662,10:19:09.521,7.4000,40
37149856771588,10:19:09.856,7.4000,300
37149856842150,10:19:09.856,7.4000,85
37154796384361,10:19:14.796,7.4100,425
37154797004052,10:19:14.797,7.4100,400
37154797004052,10:19:14.797,7.4100,100
37160690976220,10:19:20.690,7.4150,200
37177555879604,10:19:37.555,7.4100,46
37177555879604,10:19:37.555,7.4200,700
37177555879604,10:19:37.555,7.4200,1500
37186377913642,10:19:46.377,7.4300,100
37226760040305,10:20:26.760,7.4500,2000
37226760040305,10:20:26.760,7.4500,200
37226760040305,10:20:26.760,7.4500,1100
37288185351169,10:21:28.185,7.4600,200
37288185351169,10:21:28.185,7.4600,4
37288186357658,10:21:28.186,7.4600,100
37299811112103,10:21:39.811,7.4700,100
37319030651685,10:21:59.030,7.4700,100
37319030747459,10:21:59.030,7.4700,100
37319030747459,10:21:59.030,7.4700,100
37319030747459,10:21:59.030,7.4700,100
37319032538975,10:21:59.032,7.4700,100
37319032538975,10:21:59.032,7.4700,10
37319045880456,10:21:59.045,7.4700,100
37323135445523,10:22:03.135,7.4700,100
37323135445523,10:22:03.135,7.4700,128
37325321717899,10:22:05.321,7.4700,100
37325322861932,10:22:05.322,7.4700,100
37325323051809,10:22:05.323,7.4700,700
37325323051809,10:22:05.323,7.4700,200
37336901456576,10:22:16.901,7.4700,700
37336901456576,10:22:16.901,7.4700,440
37336901456576,10:22:16.901,7.4700,200
37423595465438,10:23:43.595,7.4800,100
37423595520368,10:23:43.595,7.4800,90
37458483652061,10:24:18.483,7.5000,7
37458483652061,10:24:18.483,7.5000,11
37458483652061,10:24:18.483,7.5000,5
37458483652061,10:24:18.483,7.5000,38
37458483652061,10:24:18.483,7.5000,4
37458483652061,10:24:18.483,7.5000,25
37458483652061,10:24:18.483,7.5000,8
37458483652061,10:24:18.483,7.5000,20
37458483652061,10:24:18.483,7.5000,1000
37458483652061,10:24:18.483,7.5000,2500
37458483652061,10:24:18.483,7.5000,20
37458483652061,10:24:18.483,7.5000,50
37458483652061,10:24:18.483,7.5000,100
37458483652061,10:24:18.483,7.5000,100
37458483652061,10:24:18.483,7.5000,1
37458483652061,10:24:18.483,7.5000,285
37458483652061,10:24:18.483,7.5000,1
37458483652061,10:24:18.483,7.5000,250
37458483652061,10:24:18.483,7.5000,15
37461628418505,10:24:21.628,7.5100,3
37461628418505,10:24:21.628,7.5100,800
37461628418505,10:24:21.628,7.5100,100
37461628418505,10:24:21.628,7.5100,1000
37461653125426,10:24:21.653,7.5200,15
37461653125426,10:24:21.653,7.5200,200
37461653125426,10:24:21.653,7.5200,1000
37461653125426,10:24:21.653,7.5200,300
37461653125426,10:24:21.653,7.5200,100
37461653125426,10:24:21.653,7.5200,1000
37461676554624,10:24:21.676,7.5200,300
37461676554624,10:24:21.676,7.5200,300
37461711320275,10:24:21.711,7.5200,2500
37461711320275,10:24:21.711,7.5200,300
37461711320275,10:24:21.711,7.5200,300
37461711320275,10:24:21.711,7.5200,1000
37461720856481,10:24:21.720,7.5200,300
37461720856481,10:24:21.720,7.5200,300
37461748758576,10:24:21.748,7.5200,2400
37461748758576,10:24:21.748,7.5200,52
37461899222352,10:24:21.899,7.5200,248
37461899222352,10:24:21.899,7.5200,300
37461899222352,10:24:21.899,7.5200,352
37464790791491,10:24:24.790,7.5150,400
37464790791491,10:24:24.790,7.5100,500
37497244219588,10:24:57.244,7.5100,500
37497244289501,10:24:57.244,7.5100,1200
37535590643997,10:25:35.590,7.5000,2100
37535590691860,10:25:35.590,7.5000,100
37589885285311,10:26:29.885,7.5000,500
37589885412666,10:26:29.885,7.5000,100
37589885972754,10:26:29.885,7.5000,180
37589885972754,10:26:29.885,7.5000,100
37591272024056,10:26:31.272,7.4800,100
37591272024056,10:26:31.272,7.4800,200
37602191939622,10:26:42.191,7.4900,326
37638520710865,10:27:18.520,7.4800,400
37638520710865,10:27:18.520,7.4800,100
37638520710865,10:27:18.520,7.4800,900
37638520710865,10:27:18.520,7.4800,1400
37638530839166,10:27:18.530,7.4800,100
37649528569072,10:27:29.528,7.4800,100
37649528597880,10:27:29.528,7.4800,200
37649528715792,10:27:29.528,7.4800,100
37649528978947,10:27:29.528,7.4800,100
37649529138173,10:27:29.529,7.4800,100
37649529148614,10:27:29.529,7.4800,100
37667895885208,10:27:47.895,7.4800,167
37674747813863,10:27:54.747,7.4800,4
37692356023800,10:28:12.356,7.4700,100
37692356032669,10:28:12.356,7.4700,100
37692356046511,10:28:12.356,7.4700,100
37692356116329,10:28:12.356,7.4700,700
37692357093631,10:28:12.357,7.4700,100
37692357147187,10:28:12.357,7.4700,1500
37692394981714,10:28:12.394,7.4500,600
37764790966513,10:29:24.790,7.4800,157
37764791394290,10:29:24.791,7.4800,100
37764792286034,10:29:24.792,7.4800,100
37766713434648,10:29:26.713,7.4800,93
37839831134114,10:30:39.831,7.4900,121
37839831134114,10:30:39.831,7.4900,100
37839831134114,10:30:39.831,7.4900,100
37893837447093,10:31:33.837,7.4800,200
37893838028567,10:31:33.838,7.4800,200
37893838074534,10:31:33.838,7.4800,100
37893838100180,10:31:33.838,7.4700,100
37918384956397,10:31:58.384,7.4600,100
38072830147267,10:34:32.830,7.4750,400
38072830147267,10:34:32.830,7.4700,100
38072832188639,10:34:32.832,7.4700,100
38072832312187,10:34:32.832,7.4700,300
38110673982894,10:35:10.673,7.4700,100
38111467988171,10:35:11.467,7.4800,900
38111467988171,10:35:11.467,7.4800,100
38111467988171,10:35:11.467,7.4800,200
38111467988171,10:35:11.467,7.4800,1000
38194932226353,10:36:34.932,7.4900,1500
38194932226353,10:36:34.932,7.4900,1000
38194932226353,10:36:34.932,7.4900,2
38228917383167,10:37:08.917,7.4900,100
38228917383167,10:37:08.917,7.4900,200
38228917383167,10:37:08.917,7.4900,100
38239438975945,10:37:19.438,7.4900,200
38239439116503,10:37:19.439,7.4900,500
38239439160522,10:37:19.439,7.4900,1900
38239442614202,10:37:19.442,7.4800,100
38264424766966,10:37:44.424,7.4800,700
38264425693514,10:37:44.425,7.4800,100
38264425884952,10:37:44.425,7.4800,200
38298440150191,10:38:18.440,7.5000,1
38298440150191,10:38:18.440,7.5000,375
38298440150191,10:38:18.440,7.5000,25
38298440163164,10:38:18.440,7.5000,536
38298440169093,10:38:18.440,7.5000,536
38298440222617,10:38:18.440,7.5000,3
38298440222617,10:38:18.440,7.5000,200
38298440222617,10:38:18.440,7.5000,100
38306536268323,10:38:26.536,7.5100,1000
38306536268323,10:38:26.536,7.5100,600
38311122265578,10:38:31.122,7.5100,100
38334204733157,10:38:54.204,7.5200,5
38334204733157,10:38:54.204,7.5200,800
38334204733157,10:38:54.204,7.5200,200
38334204897883,10:38:54.204,7.5200,200
38335950728298,10:38:55.950,7.5300,100
38335950728298,10:38:55.950,7.5300,100
38348566500129,10:39:08.566,7.5300,300
38377355214177,10:39:37.355,7.5200,200
38377355214177,10:39:37.355,7.5200,200
38377355214177,10:39:37.355,7.5200,100
38377355214177,10:39:37.355,7.5200,100
38449225420121,10:40:49.225,7.5300,100
38449225420121,10:40:49.225,7.5300,300
38449234321565,10:40:49.234,7.5300,1000
38449234321565,10:40:49.234,7.5300,200
38449234321565,10:40:49.234,7.5300,800
38449234321565,10:40:49.234,7.5300,200
38449234321565,10:40:49.234,7.5300,200
38449234321565,10:40:49.234,7.5300,100
38449234321565,10:40:49.234,7.5300,100
38450235302596,10:40:50.235,7.5200,300
38455273852376,10:40:55.273,7.5300,200
38455273852376,10:40:55.273,7.5300,200
38465017249743,10:41:05.017,7.5300,100
38489802128555,10:41:29.802,7.5300,200
38489802128555,10:41:29.802,7.5300,200
38489802128555,10:41:29.802,7.5300,100
38489802128555,10:41:29.802,7.5300,100
38489802128555,10:41:29.802,7.5300,100
38532161725489,10:42:12.161,7.5300,80
38543867349723,10:42:23.867,7.5400,5
38543867349723,10:42:23.867,7.5400,5
38591685456759,10:43:11.685,7.5500,64
38591685461450,10:43:11.685,7.5500,86
38591685461450,10:43:11.685,7.5500,200
38591685461450,10:43:11.685,7.5500,15
38591685461450,10:43:11.685,7.5500,2
38591685461450,10:43:11.685,7.5500,100
38591685461450,10:43:11.685,7.5500,133
38606783142835,10:43:26.783,7.5600,300
38606783142835,10:43:26.783,7.5600,100
38618384272513,10:43:38.384,7.5650,400
38622124204796,10:43:42.124,7.5600,100
38632406197337,10:43:52.406,7.5700,1
38632406197337,10:43:52.406,7.5700,2
38632406197337,10:43:52.406,7.5700,1
38641435675403,10:44:01.435,7.5800,150
38641435675403,10:44:01.435,7.5800,25
38641435675403,10:44:01.435,7.5800,5
38641435675403,10:44:01.435,7.5800,579
38641436363428,10:44:01.436,7.5800,100
38642539965154,10:44:02.539,7.5800,190
38642540097203,10:44:02.540,7.5800,200
38651373671730,10:44:11.373,7.5900,100
38651377232301,10:44:11.377,7.5900,900
38651378212983,10:44:11.378,7.5900,100
38652127182469,10:44:12.127,7.6000,8
38652127182469,10:44:12.127,7.6000,10
38652127182469,10:44:12.127,7.6000,15
38652127182469,10:44:12.127,7.6000,80
38652127182469,10:44:12.127,7.6000,1024
38652127222233,10:44:12.127,7.6000,976
38652127222233,10:44:12.127,7.6000,400
38652127222233,10:44:12.127,7.6000,200
38652127222233,10:44:12.127,7.6000,2500
38652127222233,10:44:12.127,7.6000,40
38652127222233,10:44:12.127,7.6000,800
38652127222233,10:44:12.127,7.6000,1000
38652127222233,10:44:12.127,7.6000,1
38652127222233,10:44:12.127,7.6000,400
38661821421576,10:44:21.821,7.6100,800
38663319090104,10:44:23.319,7.6200,900
38663320458445,10:44:23.320,7.6200,300
38706448499984,10:45:06.448,7.6500,1
38706448499984,10:45:06.448,7.6500,3281
38706448499984,10:45:06.448,7.6500,1000
38706448499984,10:45:06.448,7.6500,285
38706448499984,10:45:06.448,7.6500,1500
38709071471571,10:45:09.071,7.6600,100
38709071471571,10:45:09.071,7.6600,100
38709071471571,10:45:09.071,7.6600,100
38709073909208,10:45:09.073,7.6600,100
38709073909208,10:45:09.073,7.6600,300
38709384782401,10:45:09.384,7.6600,100
38709384793989,10:45:09.384,7.6600,100
38709384805745,10:45:09.384,7.6600,100
38709384819577,10:45:09.384,7.6600,100
38717194772851,10:45:17.194,7.6650,400
38717194772851,10:45:17.194,7.6650,100
38717194772851,10:45:17.194,7.6600,1900
38753345391088,10:45:53.345,7.6700,7200
38756077104622,10:45:56.077,7.6750,100
38756078051039,10:45:56.078,7.6750,200
38756914652804,10:45:56.914,7.6700,100
38759514063877,10:45:59.514,7.6700,100
38759517133738,10:45:59.517,7.6700,100
38759654168166,10:45:59.654,7.6700,100
38760085094383,10:46:00.085,7.6700,100
38766052765521,10:46:06.052,7.6500,100
38766053737498,10:46:06.053,7.6500,100
38770774719577,10:46:10.774,7.6500,149
38782768582183,10:46:22.768,7.6600,200
38782768582183,10:46:22.768,7.6600,100
38782771919921,10:46:22.771,7.6700,900
38782771919921,10:46:22.771,7.6700,100
38782773732588,10:46:22.773,7.6700,100
38782776092546,10:46:22.776,7.6700,2400
38782776092546,10:46:22.776,7.6700,100
38782778023990,10:46:22.778,7.6700,200
38782779042786,10:46:22.779,7.6700,78
38793357934507,10:46:33.357,7.6650,400
38793357934507,10:46:33.357,7.6600,400
38793357934507,10:46:33.357,7.6600,200
38793357934507,10:46:33.357,7.6600,100
38793357934507,10:46:33.357,7.6600,100
38793357934507,10:46:33.357,7.6600,500
38793359532715,10:46:33.359,7.6500,100
38793359532715,10:46:33.359,7.6500,200
38793361452093,10:46:33.361,7.6500,100
38793361452093,10:46:33.361,7.6500,78
38819476122745,10:46:59.476,7.6600,100
38819476129120,10:46:59.476,7.6600,100
38819476145144,10:46:59.476,7.6600,100
38819476231554,10:46:59.476,7.6500,300
38819480621130,10:46:59.480,7.6500,100
38819506175089,10:46:59.506,7.6500,400
38826229821849,10:47:06.229,7.6500,100
38838427954537,10:47:18.427,7.6500,2700
38838427954537,10:47:18.427,7.6500,100
38838427954537,10:47:18.427,7.6500,200
38856268648019,10:47:36.268,7.6500,6
38884281666421,10:48:04.281,7.6400,200
38904346659058,10:48:24.346,7.6500,200
38925558282221,10:48:45.558,7.6400,1300
38931084253042,10:48:51.084,7.6400,3435
38971094430436,10:49:31.094,7.6400,100
38985909023302,10:49:45.909,7.6300,10
38985909023302,10:49:45.909,7.6300,590
38991094653830,10:49:51.094,7.6300,100
38991862495267,10:49:51.862,7.6100,100
38991863139222,10:49:51.863,7.6100,100
38991863226525,10:49:51.863,7.6100,200
38991863268181,10:49:51.863,7.6100,1000
38993250130942,10:49:53.250,7.6000,100
39049289835643,10:50:49.289,7.6300,100
39085585213339,10:51:25.585,7.6550,10
39085585786284,10:51:25.585,7.6500,10
39087303184436,10:51:27.303,7.6500,100
39115015222345,10:51:55.015,7.6600,25
39115015222345,10:51:55.015,7.6600,10
39145642491250,10:52:25.642,7.6700,500
39153163757082,10:52:33.163,7.6600,7
39157443018950,10:52:37.443,7.6600,25
39157805308032,10:52:37.805,7.6500,500
39157805365513,10:52:37.805,7.6500,800
39162178544311,10:52:42.178,7.6600,30
39182396515576,10:53:02.396,7.6500,349
39182396515576,10:53:02.396,7.6500,200
39182396515576,10:53:02.396,7.6500,1100
39182396515576,10:53:02.396,7.6500,100
39182396515576,10:53:02.396,7.6500,100
39182401096508,10:53:02.401,7.6600,1751
39182401226824,10:53:02.401,7.6600,339
39197936763361,10:53:17.936,7.6550,400
39197936763361,10:53:17.936,7.6500,500
39198029080131,10:53:18.029,7.6400,100
39198029091397,10:53:18.029,7.6400,100
39198029185354,10:53:18.029,7.6400,200
39213537032044,10:53:33.537,7.6700,2300
39213537032044,10:53:33.537,7.6700,100
39213537032044,10:53:33.537,7.6700,15
39213537032044,10:53:33.537,7.6700,200
39213537032044,10:53:33.537,7.6700,100
39230093127756,10:53:50.093,7.6600,300
39230119820130,10:53:50.119,7.6700,1000
39230119820130,10:53:50.119,7.6700,100
39230149447857,10:53:50.149,7.6700,200
39230149447857,10:53:50.149,7.6700,100
39230173484659,10:53:50.173,7.6800,1300
39230173484659,10:53:50.173,7.6800,5
39230173484659,10:53:50.173,7.6800,295
39230215817007,10:53:50.215,7.6800,2200
39231113134306,10:53:51.113,7.6750,200
39231113233929,10:53:51.113,7.6750,95
39231140311797,10:53:51.140,7.6750,105
39231140311797,10:53:51.140,7.6700,100
39231140322277,10:53:51.140,7.6700,200
39231140617420,10:53:51.140,7.6600,100
39231140917108,10:53:51.140,7.6600,600
39247179997245,10:54:07.179,7.6800,300
39252290392590,10:54:12.290,7.6800,1000
39252315496269,10:54:12.315,7.6800,1500
39258379929390,10:54:18.379,7.6900,292
39270204640833,10:54:30.204,7.7000,4
39270204640833,10:54:30.204,7.7000,1
39270204640833,10:54:30.204,7.7000,1
39270204640833,10:54:30.204,7.7000,395
39270204640833,10:54:30.204,7.7000,5
39270204640833,10:54:30.204,7.7000,18
39290095078305,10:54:50.095,7.7050,2
39293945632884,10:54:53.945,7.7100,1300
39304658326957,10:55:04.658,7.7150,300
39304658645496,10:55:04.658,7.7150,100
39304658645496,10:55:04.658,7.7100,100
39304658658395,10:55:04.658,7.7100,800
39304658716377,10:55:04.658,7.7100,800
39339758360058,10:55:39.758,7.7100,200
39339786655193,10:55:39.786,7.7100,100
39360894717679,10:56:00.894,7.7100,100
39360894717679,10:56:00.894,7.7100,300
39385136164262,10:56:25.136,7.7300,350
39385137450479,10:56:25.137,7.7300,200
39392522589157,10:56:32.522,7.7400,300
39399709951971,10:56:39.709,7.7300,100
39404116319126,10:56:44.116,7.7300,16
39404122448096,10:56:44.122,7.7300,100
39404122448096,10:56:44.122,7.7300,500
39404122575685,10:56:44.122,7.7300,100
39404122575685,10:56:44.122,7.7300,200
39405620366046,10:56:45.620,7.7300,451
39405631973847,10:56:45.631,7.7300,100
39405631973847,10:56:45.631,7.7300,200
39408343295265,10:56:48.343,7.7300,300
39408425544278,10:56:48.425,7.7300,2400
39408425544278,10:56:48.425,7.7300,100
39408425625508,10:56:48.425,7.7300,200
39408430989563,10:56:48.430,7.7300,100
39408430989563,10:56:48.430,7.7300,100
39408430995385,10:56:48.430,7.7300,100
39408437978603,10:56:48.437,7.7300,200
39408443093395,10:56:48.443,7.7300,100
39408475146599,10:56:48.475,7.7300,200
39408475146599,10:56:48.475,7.7300,100
39412242718102,10:56:52.242,7.7300,300
39412260551605,10:56:52.260,7.7300,300
39412315502731,10:56:52.315,7.7300,300
39412760455797,10:56:52.760,7.7300,100
39412760455797,10:56:52.760,7.7300,200
39413415831355,10:56:53.415,7.7300,100
39464429166303,10:57:44.429,7.7400,300
39464429166303,10:57:44.429,7.7400,1
39464429199584,10:57:44.429,7.7400,400
39464429970707,10:57:44.429,7.7400,600
39464562663547,10:57:44.562,7.7400,1
39468538748298,10:57:48.538,7.7450,300
39468539044193,10:57:48.539,7.7450,100
39468539044193,10:57:48.539,7.7400,100
39468539226981,10:57:48.539,7.7400,500
39468539277708,10:57:48.539,7.7400,1699
39468539288537,10:57:48.539,7.7400,536
39468539532584,10:57:48.539,7.7400,769
39509701974108,10:58:29.701,7.7200,100
39509711355508,10:58:29.711,7.7200,200
39522118034764,10:58:42.118,7.7200,500
39547619919369,10:59:07.619,7.7150,400
39547619919369,10:59:07.619,7.7100,100
39547619919369,10:59:07.619,7.7100,100
39547619919369,10:59:07.619,7.7100,1000
39547619919369,10:59:07.619,7.7100,1100
39547619919369,10:59:07.619,7.7100,500
39547619919369,10:59:07.619,7.7100,200
39547619919369,10:59:07.619,7.7100,600
39547619919369,10:59:07.619,7.7100,400
39547620295016,10:59:07.620,7.7100,100
39552107797524,10:59:12.107,7.7000,2200
39552120544792,10:59:12.120,7.6900,51
39559972885050,10:59:19.972,7.7000,100
39565374487166,10:59:25.374,7.7000,100
39597501278002,10:59:57.501,7.6900,100
39597501287608,10:59:57.501,7.6900,100
39597501337567,10:59:57.501,7.6900,100
39617806867425,11:00:17.806,7.7000,100
39630220494863,11:00:30.220,7.7000,2300
39630220494863,11:00:30.220,7.7000,100
39630225178979,11:00:30.225,7.7000,100
39630231356349,11:00:30.231,7.7000,100
39630231356349,11:00:30.231,7.7000,200
39667924237762,11:01:07.924,7.7300,300
39667924237762,11:01:07.924,7.7300,700
39667924237762,11:01:07.924,7.7300,318
39667924237762,11:01:07.924,7.7300,10
39667924237762,11:01:07.924,7.7300,1000
39667924237762,11:01:07.924,7.7300,300
39668970495095,11:01:08.970,7.7200,200
39682796853227,11:01:22.796,7.7200,100
39753567308463,11:02:33.567,7.7400,180
39753567454614,11:02:33.567,7.7400,39
39759724470738,11:02:39.724,7.7500,2
39759724470738,11:02:39.724,7.7500,4
39759724470738,11:02:39.724,7.7500,45
39759724470738,11:02:39.724,7.7500,100
39759724470738,11:02:39.724,7.7500,49
39792619915870,11:03:12.619,7.7200,100
39793641109178,11:03:13.641,7.7100,200
39793641123931,11:03:13.641,7.7100,300
39793774373330,11:03:13.774,7.7000,450
39836893197487,11:03:56.893,7.7100,400
39880954490516,11:04:40.954,7.7200,5
39880954490516,11:04:40.954,7.7200,1
39880954490516,11:04:40.954,7.7200,1
39914117277528,11:05:14.117,7.7200,1760
39914117277528,11:05:14.117,7.7200,5
39914118804103,11:05:14.118,7.7200,100
39946786987852,11:05:46.786,7.7150,100
39946793316917,11:05:46.793,7.7150,100
39946799451311,11:05:46.799,7.7150,100
39946800610056,11:05:46.800,7.7150,100
40000527544993,11:06:40.527,7.7100,1000
40000615834360,11:06:40.615,7.7100,171
40000615834360,11:06:40.615,7.7100,29
40063536597127,11:07:43.536,7.7150,100
40063545959945,11:07:43.545,7.7100,1200
40063670059797,11:07:43.670,7.7100,592
40063670532619,11:07:43.670,7.7100,808
40096321951867,11:08:16.321,7.7100,1100
40106031773733,11:08:26.031,7.7100,100
40106032271625,11:08:26.032,7.7100,800
40106033350768,11:08:26.033,7.7100,100
40106033350768,11:08:26.033,7.7100,200
40106871263002,11:08:26.871,7.7100,200
40157451069495,11:09:17.451,7.7000,10
40157451069495,11:09:17.451,7.7000,3300
40157451564059,11:09:17.451,7.7000,56
40159263043734,11:09:19.263,7.7000,100
40159263043734,11:09:19.263,7.7000,80
40161623306123,11:09:21.623,7.7000,100
40241131021348,11:10:41.131,7.7000,820
40241132437480,11:10:41.132,7.7000,1300
40268406151166,11:11:08.406,7.6900,200
40268406467042,11:11:08.406,7.6900,100
40289626767756,11:11:29.626,7.6900,22
40416362004281,11:13:36.362,7.7000,341
40417223638157,11:13:37.223,7.7000,100
40417223638157,11:13:37.223,7.7000,100
40454372980726,11:14:14.372,7.6950,100
40454372995257,11:14:14.372,7.6950,200
40454373013473,11:14:14.373,7.6950,100
40454373013473,11:14:14.373,7.6900,200
40454373062353,11:14:14.373,7.6900,1400
40454374084173,11:14:14.374,7.6900,600
40454374620129,11:14:14.374,7.6900,100
40454374633466,11:14:14.374,7.6900,100
40454374646405,11:14:14.374,7.6900,100
40454374660270,11:14:14.374,7.6900,100
40454374674271,11:14:14.374,7.6900,200
40454374687879,11:14:14.374,7.6900,400
40454374705636,11:14:14.374,7.6900,36
40454374722014,11:14:14.374,7.6900,505
40454374778698,11:14:14.374,7.6900,1459
40482421844008,11:14:42.421,7.6500,200
40482421844008,11:14:42.421,7.6500,100
40482421844008,11:14:42.421,7.6500,2
40482421844008,11:14:42.421,7.6500,10
40482421844008,11:14:42.421,7.6500,9
40482421844008,11:14:42.421,7.6500,1000
40482421844008,11:14:42.421,7.6500,800
40482421844008,11:14:42.421,7.6500,1000
40482972661204,11:14:42.972,7.6500,400
40506727029504,11:15:06.727,7.6450,100
40506736279079,11:15:06.736,7.6450,200
40506736980959,11:15:06.736,7.6450,100
40506746996603,11:15:06.746,7.6400,200
40535650956180,11:15:35.650,7.6500,900
40541002772393,11:15:41.002,7.6600,200
40548552374576,11:15:48.552,7.6600,100
40548554055453,11:15:48.554,7.6500,1000
40556367466428,11:15:56.367,7.6600,100
40587400388976,11:16:27.400,7.6700,2
40627877006280,11:17:07.877,7.6700,500
40628696746331,11:17:08.696,7.6650,400
40628696746331,11:17:08.696,7.6600,200
40628696746331,11:17:08.696,7.6600,500
40628696768496,11:17:08.696,7.6600,300
40628696768496,11:17:08.696,7.6600,100
40694603873871,11:18:14.603,7.6700,65
40738552923719,11:18:58.552,7.6700,37
40794392896851,11:19:54.392,7.6700,25
40809682004482,11:20:09.682,7.6800,1000
40809702741495,11:20:09.702,7.6800,2600
40816714330646,11:20:16.714,7.6800,14
40816723499960,11:20:16.723,7.6800,200
40816723499960,11:20:16.723,7.6800,200
40826110146694,11:20:26.110,7.6800,200
40917977288668,11:21:57.977,7.6700,900
40958118879777,11:22:38.118,7.6700,300
40958119639928,11:22:38.119,7.6700,100
41015724652522,11:23:35.724,7.6900,300
41048744826596,11:24:08.744,7.7000,70
41204401349379,11:26:44.401,7.7000,15
41272930354580,11:27:52.930,7.7000,100
41272930354580,11:27:52.930,7.7000,100
41272930354580,11:27:52.930,7.7000,160
41312745730303,11:28:32.745,7.7000,940
41312745730303,11:28:32.745,7.7000,60
41314489213644,11:28:34.489,7.7000,100
41314489261459,11:28:34.489,7.7000,40
41321710016444,11:28:41.710,7.7000,100
41321710190643,11:28:41.710,7.7000,100
41330691812550,11:28:50.691,7.7000,1000
41330691869331,11:28:50.691,7.7000,2060
41330696132069,11:28:50.696,7.6900,94
41373097075730,11:29:33.097,7.6800,300
41374780688000,11:29:34.780,7.6700,819
41374780900989,11:29:34.780,7.6700,181
41374780900989,11:29:34.780,7.6700,819
41374781587910,11:29:34.781,7.6750,400
41374887386490,11:29:34.887,7.6600,100
41374887386490,11:29:34.887,7.6600,15
41374887386490,11:29:34.887,7.6600,200
41460224937079,11:31:00.224,7.6650,100
41516303616298,11:31:56.303,7.6600,200
41603647663970,11:33:23.647,7.6800,300
41757728610985,11:35:57.728,7.7000,400
41836685343502,11:37:16.685,7.7100,200
41941726748714,11:39:01.726,7.7200,100
41941726748714,11:39:01.726,7.7200,100
41941726748714,11:39:01.726,7.7200,200
41941726748714,11:39:01.726,7.7200,1000
41983690347165,11:39:43.690,7.7150,300
42019268269317,11:40:19.268,7.7200,100
42019269625238,11:40:19.269,7.7200,700
42110730650897,11:41:50.730,7.7100,100
42110730687176,11:41:50.730,7.7100,900
42129063418881,11:42:09.063,7.7200,655
42129072875691,11:42:09.072,7.7200,5
42337953588251,11:45:37.953,7.7250,400
42337953588251,11:45:37.953,7.7200,1400
42338813436519,11:45:38.813,7.7100,400
42338815484301,11:45:38.815,7.7100,639
42505215070073,11:48:25.215,7.7100,650
42734937862875,11:52:14.937,7.7000,100
42832200377605,11:53:52.200,7.7100,200
42872949692219,11:54:32.949,7.7000,100
42911125358847,11:55:11.125,7.7000,95
42911159793017,11:55:11.159,7.7000,105
42917828019545,11:55:17.828,7.6900,100
42978469271961,11:56:18.469,7.6700,6
43048989505611,11:57:28.989,7.6650,400
43048989505611,11:57:28.989,7.6600,900
43049017326430,11:57:29.017,7.6600,800
43158288646244,11:59:18.288,7.6500,350
43158288646244,11:59:18.288,7.6500,1000
43158288646244,11:59:18.288,7.6500,200
43158288646244,11:59:18.288,7.6500,100
43286656591710,12:01:26.656,7.6500,100
43286656603471,12:01:26.656,7.6500,200
43286656637801,12:01:26.656,7.6500,100
43286656841807,12:01:26.656,7.6500,100
43286656874715,12:01:26.656,7.6500,300
43286656975899,12:01:26.656,7.6500,200
43394970651785,12:03:14.970,7.6500,100
43394970651785,12:03:14.970,7.6500,200
43413500721802,12:03:33.500,7.6500,100
43473893124241,12:04:33.893,7.6400,10
43473897615424,12:04:33.897,7.6400,990
43584444249520,12:06:24.444,7.6500,2592
43584444661545,12:06:24.444,7.6500,808
43628259999802,12:07:08.259,7.6550,200
43636090889580,12:07:16.090,7.6600,627
43636090912609,12:07:16.090,7.6600,373
43671687165993,12:07:51.687,7.6700,100
43759584880226,12:09:19.584,7.6650,400
43773831253224,12:09:33.831,7.6500,20
43968377755898,12:12:48.377,7.6400,100
43968377832232,12:12:48.377,7.6400,445
43968377838234,12:12:48.377,7.6400,38
43968377838234,12:12:48.377,7.6400,190
44023912457309,12:13:43.912,7.6200,400
44029485338510,12:13:49.485,7.6000,100
44029485338510,12:13:49.485,7.6000,749
44029486842168,12:13:49.486,7.6000,1220
44029488246866,12:13:49.488,7.6000,31
44029488246866,12:13:49.488,7.6000,70
44029488246866,12:13:49.488,7.6000,40
44029488246866,12:13:49.488,7.6000,65
44029488246866,12:13:49.488,7.6000,294
44029505720585,12:13:49.505,7.6000,306
44029505720585,12:13:49.505,7.6000,200
44029505720585,12:13:49.505,7.6000,94
44029515670193,12:13:49.515,7.6000,6
44029515670193,12:13:49.515,7.6000,94
44064200950500,12:14:24.200,7.6100,200
44129176634257,12:15:29.176,7.6200,100
44152109366999,12:15:52.109,7.6200,100
44233557262803,12:17:13.557,7.6400,100
44415552318081,12:20:15.552,7.6700,1000
44416045941170,12:20:16.045,7.6700,915
44416154091983,12:20:16.154,7.6700,1485
44416155727916,12:20:16.155,7.6700,315
44416155779480,12:20:16.155,7.6700,85
44459629312062,12:20:59.629,7.6700,500
44539920598027,12:22:19.920,7.6800,500
44539920598027,12:22:19.920,7.6800,551
44621351601618,12:23:41.351,7.6900,100
44664998972166,12:24:24.998,7.6900,71
44664998972166,12:24:24.998,7.6900,100
44774541484572,12:26:14.541,7.6800,409
44774541507870,12:26:14.541,7.6800,591
44774597386686,12:26:14.597,7.6700,1000
44774597386686,12:26:14.597,7.6700,100
44774597386686,12:26:14.597,7.6700,200
44805872333674,12:26:45.872,7.6800,100
44806355064268,12:26:46.355,7.6750,400
44806355064268,12:26:46.355,7.6700,700
44806355350076,12:26:46.355,7.6700,126
45048094402132,12:30:48.094,7.6800,6
45048094402132,12:30:48.094,7.6800,5
45214789683824,12:33:34.789,7.6800,400
45229848125699,12:33:49.848,7.6900,1255
45311010996716,12:35:11.010,7.6900,100
45380042718573,12:36:20.042,7.6900,900
45380042852776,12:36:20.042,7.6900,100
45380042852776,12:36:20.042,7.6900,300
45399716616924,12:36:39.716,7.6900,1000
45459601724991,12:37:39.601,7.6900,1200
45459601724991,12:37:39.601,7.6900,100
45706855287164,12:41:46.855,7.7000,600
45706855287164,12:41:46.855,7.7000,10
45706855287164,12:41:46.855,7.7000,190
45706855327068,12:41:46.855,7.7000,104
45706855336924,12:41:46.855,7.7000,51
45706855336924,12:41:46.855,7.7100,853
45706855676593,12:41:46.855,7.7100,30
45707577522814,12:41:47.577,7.7100,1500
45707577522814,12:41:47.577,7.7100,4
45707577522814,12:41:47.577,7.7100,200
45767202405468,12:42:47.202,7.7100,100
45841005072483,12:44:01.005,7.7100,500
45841006764009,12:44:01.006,7.7100,200
45841006764009,12:44:01.006,7.7100,200
45841006764009,12:44:01.006,7.7100,600
45857337057725,12:44:17.337,7.7100,500
45857337376238,12:44:17.337,7.7100,2300
45857337376238,12:44:17.337,7.7100,200
45857337376238,12:44:17.337,7.7100,200
45861059501527,12:44:21.059,7.7100,500
45861059742001,12:44:21.059,7.7100,2200
45861059742001,12:44:21.059,7.7100,1000
45861059742001,12:44:21.059,7.7100,100
45861062763628,12:44:21.062,7.7100,100
45862088298585,12:44:22.088,7.7100,100
45862091337067,12:44:22.091,7.7100,600
45862091415905,12:44:22.091,7.7100,20
45862096553938,12:44:22.096,7.7100,180
45862096553938,12:44:22.096,7.7100,500
45862096625919,12:44:22.096,7.7100,31
45862096782725,12:44:22.096,7.7100,1569
45881469434024,12:44:41.469,7.7100,100
45977202382507,12:46:17.202,7.7200,2500
45977202382507,12:46:17.202,7.7200,175
46071148453611,12:47:51.148,7.7300,235
46105251973968,12:48:25.251,7.7300,55
46108700153122,12:48:28.700,7.7300,100
46108700153122,12:48:28.700,7.7300,432
46108700334878,12:48:28.700,7.7300,200
46122546831993,12:48:42.546,7.7300,100
46149909767696,12:49:09.909,7.7300,900
46149910376065,12:49:09.910,7.7300,4100
46180707200300,12:49:40.707,7.7400,12
46180707741641,12:49:40.707,7.7400,488
46180707741641,12:49:40.707,7.7400,150
46180707741641,12:49:40.707,7.7400,1500
46180730881832,12:49:40.730,7.7400,2400
46180730881832,12:49:40.730,7.7400,300
46180730881832,12:49:40.730,7.7400,600
46184202062066,12:49:44.202,7.7400,100
46190660172087,12:49:50.660,7.7400,700
46332683188205,12:52:12.683,7.7350,100
46332686647681,12:52:12.686,7.7350,100
46332699137602,12:52:12.699,7.7300,100
46347001961895,12:52:27.001,7.7300,100
46347002021507,12:52:27.002,7.7300,29
46347002577261,12:52:27.002,7.7200,29
46444707472819,12:54:04.707,7.7200,200
46444707472819,12:54:04.707,7.7200,100
46444707515250,12:54:04.707,7.7200,80
46735633788185,12:58:55.633,7.7200,100
46735633788185,12:58:55.633,7.7200,1000
46778720653941,12:59:38.720,7.7000,66
46778721705610,12:59:38.721,7.7000,18
46820951353754,13:00:20.951,7.7000,816
46820951353754,13:00:20.951,7.7000,32
46890446256216,13:01:30.446,7.6900,100
46896399350148,13:01:36.399,7.6800,200
46929151125249,13:02:09.151,7.6700,500
46929151125249,13:02:09.151,7.6700,5
46947129172075,13:02:27.129,7.6700,100
46990980100837,13:03:10.980,7.6500,10
46990980100837,13:03:10.980,7.6500,100
46990980326319,13:03:10.980,7.6500,479
47036873964497,13:03:56.873,7.6650,400
47036877681522,13:03:56.877,7.6600,100
47036877681522,13:03:56.877,7.6600,550
47231940849801,13:07:11.940,7.6900,100
47428590822763,13:10:28.590,7.6900,100
47443229105872,13:10:43.229,7.6900,500
47443229381927,13:10:43.229,7.6900,8584
47443229429136,13:10:43.229,7.6900,40916
47443253055541,13:10:43.253,7.6800,35
47556442776012,13:12:36.442,7.6900,50
47590082848023,13:13:10.082,7.6900,1175
47590082904163,13:13:10.082,7.6900,2292
47590082938134,13:13:10.082,7.6900,769
47590082951872,13:13:10.082,7.6900,3504
47601244612987,13:13:21.244,7.6800,100
47601245317357,13:13:21.245,7.6800,70
47697396635060,13:14:57.396,7.6700,100
47766210887935,13:16:06.210,7.6600,100
47910157196535,13:18:30.157,7.6500,100
47910157196535,13:18:30.157,7.6500,1400
47910157196535,13:18:30.157,7.6500,5
47910157716697,13:18:30.157,7.6500,43
47910157716697,13:18:30.157,7.6500,100
47910194482648,13:18:30.194,7.6500,200
47910194482648,13:18:30.194,7.6500,2200
48042693209005,13:20:42.693,7.6600,1100
48042693356527,13:20:42.693,7.6600,395
48092448679949,13:21:32.448,7.6700,100
48241262321351,13:24:01.262,7.6750,100
48241269409545,13:24:01.269,7.6700,100
48406648887609,13:26:46.648,7.6600,100
48472851589919,13:27:52.851,7.6700,200
48488594291672,13:28:08.594,7.6700,100
48561805285671,13:29:21.805,7.6800,900
48561805323358,13:29:21.805,7.6800,3100
48578774846285,13:29:38.774,7.6800,100
48659643427463,13:30:59.643,7.6900,100
48724117009514,13:32:04.117,7.6850,100
48806635217051,13:33:26.635,7.6800,100
48889651283392,13:34:49.651,7.6800,100
49197852508049,13:39:57.852,7.6800,100
49197852605415,13:39:57.852,7.6800,100
49197852650529,13:39:57.852,7.6700,100
49253288472469,13:40:53.288,7.6900,200
49253288472469,13:40:53.288,7.6900,200
49253288472469,13:40:53.288,7.6900,600
49253288472469,13:40:53.288,7.6900,200
49253288472469,13:40:53.288,7.6900,300
49255542766626,13:40:55.542,7.7000,500
49255542766626,13:40:55.542,7.7000,5
49482520877522,13:44:42.520,7.6900,100
49591039011769,13:46:31.039,7.6800,18
49591039068067,13:46:31.039,7.6800,82
49654876496099,13:47:34.876,7.6800,100
49680819523355,13:48:00.819,7.6700,36
49761341631943,13:49:21.341,7.6800,100
49889035006049,13:51:29.035,7.6800,100
49970047418455,13:52:50.047,7.6900,200
50040015213628,13:54:00.015,7.6900,200
50155554144362,13:55:55.554,7.6800,100
50269445068004,13:57:49.445,7.6800,100
50328997363411,13:58:48.997,7.6750,150
50328997900546,13:58:48.997,7.6750,226
50328998396683,13:58:48.998,7.6750,24
50329000809061,13:58:49.000,7.6700,61
50410019332466,14:00:10.019,7.6800,500
50476378412001,14:01:16.378,7.6800,1
50476379635204,14:01:16.379,7.6800,100
50476382018353,14:01:16.382,7.6800,100
50476491765160,14:01:16.491,7.6800,1300
50476497622627,14:01:16.497,7.6800,83
50599565668133,14:03:19.565,7.7000,6
50599565668133,14:03:19.565,7.7000,752
50599568350676,14:03:19.568,7.7000,100
50625964183330,14:03:45.964,7.7000,3
50625964183330,14:03:45.964,7.7000,1248
50631747953207,14:03:51.747,7.7100,100
50649494015383,14:04:09.494,7.7100,50
50649600512422,14:04:09.600,7.7100,800
50649600637159,14:04:09.600,7.7100,250
50649608364290,14:04:09.608,7.7100,1000
50663592996546,14:04:23.592,7.7100,50
50681152512326,14:04:41.152,7.7100,950
50710053265050,14:05:10.053,7.7100,100
50710053316654,14:05:10.053,7.7100,174
50715596542043,14:05:15.596,7.7100,200
50791207803958,14:06:31.207,7.7050,200
50791208303056,14:06:31.208,7.7050,200
51047780768334,14:10:47.780,7.7000,1362
51088149692873,14:11:28.149,7.7000,12
51088149692873,14:11:28.149,7.7000,88
51222590928483,14:13:42.590,7.7000,100
51222592735235,14:13:42.592,7.7000,100
51298116958313,14:14:58.116,7.6900,100
51298117504464,14:14:58.117,7.6900,100
51427050020751,14:17:07.050,7.7000,100
51494834473199,14:18:14.834,7.7100,200
51494834473199,14:18:14.834,7.7100,100
51618468506163,14:20:18.468,7.7100,100
51618481210974,14:20:18.481,7.7100,100
51618485252192,14:20:18.485,7.7100,100
51618490138699,14:20:18.490,7.7100,100
51618495366465,14:20:18.495,7.7100,100
51618497950340,14:20:18.497,7.7100,100
51618502245650,14:20:18.502,7.7100,100
51618507806939,14:20:18.507,7.7100,100
51618512525405,14:20:18.512,7.7100,100
51618512725796,14:20:18.512,7.7100,100
51649096817081,14:20:49.096,7.7100,100
51661240844341,14:21:01.240,7.7100,300
51694739833355,14:21:34.739,7.7200,45
51694741262595,14:21:34.741,7.7200,100
51699470703706,14:21:39.470,7.7200,448
51699470738577,14:21:39.470,7.7200,323
51699470742445,14:21:39.470,7.7200,84
51714419571344,14:21:54.419,7.7300,18
51714419571344,14:21:54.419,7.7300,80
51714419571344,14:21:54.419,7.7300,1702
51914982510102,14:25:14.982,7.7150,400
51914982510102,14:25:14.982,7.7100,100
51995397953403,14:26:35.397,7.7100,100
52378940751981,14:32:58.940,7.7000,100
52378940751981,14:32:58.940,7.7000,200
52388037753994,14:33:08.037,7.6800,25
52388037753994,14:33:08.037,7.6800,58
52388038461736,14:33:08.038,7.6800,100
52565681157716,14:36:05.681,7.6700,100
52647259667235,14:37:27.259,7.7000,293
52647259680000,14:37:27.259,7.7000,587
52647259749070,14:37:27.259,7.7000,442
52647259969352,14:37:27.259,7.7000,178
52680555377351,14:38:00.555,7.7000,100
52680556668117,14:38:00.556,7.7000,100
52711942926013,14:38:31.942,7.7100,1
52712488402713,14:38:32.488,7.7100,10
52712488402713,14:38:32.488,7.7100,100
52762999131714,14:39:22.999,7.7100,992
53033887662959,14:43:53.887,7.7100,600
53047166318420,14:44:07.166,7.7100,500
53053744097929,14:44:13.744,7.7100,1500
53053744155829,14:44:13.744,7.7100,1352
53053744155829,14:44:13.744,7.7100,2988
53122090510387,14:45:22.090,7.7100,100
53248670699715,14:47:28.670,7.7200,70
53248670699715,14:47:28.670,7.7200,14
53248670699715,14:47:28.670,7.7200,300
53288167484623,14:48:08.167,7.7200,100
53288169287856,14:48:08.169,7.7200,100
53513511556745,14:51:53.511,7.7100,100
53513511556745,14:51:53.511,7.7100,1000
53542136350270,14:52:22.136,7.7100,35
53638475702880,14:53:58.475,7.7100,100
53659956323366,14:54:19.956,7.7000,255
53680804938704,14:54:40.804,7.7000,2300
53712499427261,14:55:12.499,7.7000,100
53747141031565,14:55:47.141,7.7000,100
53837867649815,14:57:17.867,7.7000,100
53837867649815,14:57:17.867,7.7000,200
53837867649815,14:57:17.867,7.7000,100
53837868648248,14:57:17.868,7.7000,100
53837869583859,14:57:17.869,7.7000,100
53878493097272,14:57:58.493,7.7000,444
53889586237376,14:58:09.586,7.6950,100
53889586237376,14:58:09.586,7.6900,300
53889586988110,14:58:09.586,7.6900,100
53932843192248,14:58:52.843,7.6900,100
53965173578905,14:59:25.173,7.6700,1900
53973728600435,14:59:33.728,7.6600,10
53973728600435,14:59:33.728,7.6600,100
53973728600435,14:59:33.728,7.6600,84
53973728740157,14:59:33.728,7.6600,616
53973728789756,14:59:33.728,7.6600,100
54007441820238,15:00:07.441,7.6600,100
54048932537426,15:00:48.932,7.6600,100
54094113574675,15:01:34.113,7.6600,300
54094113599279,15:01:34.113,7.6600,500
54094113615051,15:01:34.113,7.6600,200
54125750471913,15:02:05.750,7.6600,300
54213239682035,15:03:33.239,7.6600,900
54213239682035,15:03:33.239,7.6600,1000
54213239682035,15:03:33.239,7.6600,100
54213241167928,15:03:33.241,7.6600,300
54217248811013,15:03:37.248,7.6500,35
54217248811013,15:03:37.248,7.6500,31
54220638834982,15:03:40.638,7.6500,89
54220638834982,15:03:40.638,7.6500,8
54220638834982,15:03:40.638,7.6500,16
54220638834982,15:03:40.638,7.6500,200
54220638834982,15:03:40.638,7.6500,624
54220639687882,15:03:40.639,7.6500,76
54220639687882,15:03:40.639,7.6500,100
54220639687882,15:03:40.639,7.6500,124
54221779208613,15:03:41.779,7.6500,76
54221779208613,15:03:41.779,7.6500,26
54221781248236,15:03:41.781,7.6500,100
54221802306100,15:03:41.802,7.6500,90
54221803264799,15:03:41.803,7.6500,300
54221803264799,15:03:41.803,7.6500,500
54221803264799,15:03:41.803,7.6500,500
54246307095737,15:04:06.307,7.6400,100
54253213806955,15:04:13.213,7.6300,375
54253213806955,15:04:13.213,7.6300,200
54253213806955,15:04:13.213,7.6300,150
54253214993923,15:04:13.214,7.6300,69
54272165385625,15:04:32.165,7.6100,100
54272165385625,15:04:32.165,7.6100,25
54272188383864,15:04:32.188,7.6100,300
54290693301364,15:04:50.693,7.6100,1375
54290693301364,15:04:50.693,7.6100,100
54307635067912,15:05:07.635,7.6000,100
54307635067912,15:05:07.635,7.6000,600
54307635067912,15:05:07.635,7.6000,500
54307635067912,15:05:07.635,7.6000,22
54307635067912,15:05:07.635,7.6000,5
54307635067912,15:05:07.635,7.6000,73
54307635371614,15:05:07.635,7.6000,27
54307635371614,15:05:07.635,7.6000,19
54307635385010,15:05:07.635,7.6000,81
54307635385010,15:05:07.635,7.6000,46
54307762106974,15:05:07.762,7.5900,62
54307775187370,15:05:07.775,7.5900,138
54308272679933,15:05:08.272,7.5800,100
54308272679933,15:05:08.272,7.5800,100
54308388846689,15:05:08.388,7.5800,1
54308388846689,15:05:08.388,7.5800,30
54337996277406,15:05:37.996,7.6000,100
54340399127126,15:05:40.399,7.6000,502
54340412743041,15:05:40.412,7.6000,200
54346315979312,15:05:46.315,7.6000,198
54358186069316,15:05:58.186,7.5850,3
54401610652471,15:06:41.610,7.5800,100
54415512562944,15:06:55.512,7.5700,110
54415540737269,15:06:55.540,7.5600,400
54440989602691,15:07:20.989,7.5700,100
54440989602691,15:07:20.989,7.5700,200
54440994758985,15:07:20.994,7.5600,1400
54441049495625,15:07:21.049,7.5600,2100
54441086877987,15:07:21.086,7.5600,2300
54441086877987,15:07:21.086,7.5600,200
54441090938860,15:07:21.090,7.5600,900
54441095966355,15:07:21.095,7.5600,386
54443092737865,15:07:23.092,7.5500,1
54443092737865,15:07:23.092,7.5500,500
54443092737865,15:07:23.092,7.5500,800
54443119393730,15:07:23.119,7.5500,200
54443119393730,15:07:23.119,7.5400,1100
54443119393730,15:07:23.119,7.5400,100
54443119393730,15:07:23.119,7.5400,100
54443225382129,15:07:23.225,7.5400,73
54443263857677,15:07:23.263,7.5400,100
54443265564703,15:07:23.265,7.5400,200
54445366239278,15:07:25.366,7.5600,400
54445366239278,15:07:25.366,7.5500,2600
54445366239278,15:07:25.366,7.5500,100
54445366239278,15:07:25.366,7.5500,600
54565150512738,15:09:25.150,7.6100,1000
54646839723779,15:10:46.839,7.6300,100
54646839723779,15:10:46.839,7.6300,182
54646839758793,15:10:46.839,7.6300,818
54646910226323,15:10:46.910,7.6300,100
54647867605285,15:10:47.867,7.6300,8
54662137530383,15:11:02.137,7.6300,500
54699023574848,15:11:39.023,7.6100,200
54709639396192,15:11:49.639,7.6000,200
54709639396192,15:11:49.639,7.6000,49
54781189357984,15:13:01.189,7.5900,900
54781189357984,15:13:01.189,7.5900,100
54781189357984,15:13:01.189,7.5900,400
54781189357984,15:13:01.189,7.5900,500
54781189357984,15:13:01.189,7.5900,1000
54783251555825,15:13:03.251,7.5800,50
54783251555825,15:13:03.251,7.5800,600
54783251555825,15:13:03.251,7.5800,300
54783251555825,15:13:03.251,7.5800,200
54783251555825,15:13:03.251,7.5800,200
54783251555825,15:13:03.251,7.5800,150
54785452613028,15:13:05.452,7.5800,100
54833744658747,15:13:53.744,7.6000,100
54833744658747,15:13:53.744,7.6000,200
54834826499888,15:13:54.826,7.5900,100
54916965011578,15:15:16.965,7.6100,100
54923560482690,15:15:23.560,7.6100,100
54947929266339,15:15:47.929,7.6200,100
55098923346454,15:18:18.923,7.6200,100
55098923346454,15:18:18.923,7.6200,100
55098923346454,15:18:18.923,7.6200,100
55114508677020,15:18:34.508,7.6100,100
55114508683551,15:18:34.508,7.6100,100
55114508704422,15:18:34.508,7.6100,100
55114508718534,15:18:34.508,7.6100,400
55237629192164,15:20:37.629,7.6100,1000
55346956761135,15:22:26.956,7.5900,600
55454176542629,15:24:14.176,7.6200,1000
55454176542629,15:24:14.176,7.6200,400
55454176542629,15:24:14.176,7.6200,100
55454176567581,15:24:14.176,7.6200,500
55454181667190,15:24:14.181,7.6200,600
55468500271174,15:24:28.500,7.6200,100
55639757622128,15:27:19.757,7.6050,50
55666529708108,15:27:46.529,7.6000,100
55693625907510,15:28:13.625,7.6200,100
55803558247747,15:30:03.558,7.6200,100
55803558247747,15:30:03.558,7.6200,13
55817554025052,15:30:17.554,7.6200,600
55833855601247,15:30:33.855,7.6200,292
55833855638294,15:30:33.855,7.6200,59
55892860843634,15:31:32.860,7.6200,179
55933857404591,15:32:13.857,7.6200,571
55933860621106,15:32:13.860,7.6200,1129
56014366822095,15:33:34.366,7.6200,100
56079536960668,15:34:39.536,7.6300,215
56079971541486,15:34:39.971,7.6300,200
56079971541486,15:34:39.971,7.6300,300
56104901016241,15:35:04.901,7.6300,100
56151061039636,15:35:51.061,7.6400,50
56235858190978,15:37:15.858,7.6500,100
56237223936580,15:37:17.223,7.6550,9
56256748574108,15:37:36.748,7.6500,100
56360540438106,15:39:20.540,7.6600,600
56386712156622,15:39:46.712,7.6400,1400
56386712156622,15:39:46.712,7.6400,976
56527040798514,15:42:07.040,7.6300,700
56527041100419,15:42:07.041,7.6300,300
56527041100419,15:42:07.041,7.6300,100
56527041709703,15:42:07.041,7.6200,100
56635919632117,15:43:55.919,7.6300,100
56771059114273,15:46:11.059,7.6400,100
56771066774005,15:46:11.066,7.6400,13
56809116985050,15:46:49.116,7.6300,79
56809116994569,15:46:49.116,7.6300,21
56813410163245,15:46:53.410,7.6250,200
56813410163245,15:46:53.410,7.6200,501
56813410688028,15:46:53.410,7.6200,1000
56819398419407,15:46:59.398,7.6200,701
56865631485627,15:47:45.631,7.6100,100
56922365337625,15:48:42.365,7.6300,100
56932359015067,15:48:52.359,7.6200,100
56951256650590,15:49:11.256,7.6200,100
56954437307418,15:49:14.437,7.6200,12
56954437307418,15:49:14.437,7.6200,88
56954443384004,15:49:14.443,7.6200,2500
56954443384004,15:49:14.443,7.6200,1400
56986814614686,15:49:46.814,7.6300,300
56986814614686,15:49:46.814,7.6300,300
57044519068932,15:50:44.519,7.6300,100
57060168184743,15:51:00.168,7.6200,100
57072544848596,15:51:12.544,7.6400,90
57129342660731,15:52:09.342,7.6400,10
57129342660731,15:52:09.342,7.6400,200
57129342660731,15:52:09.342,7.6400,377
57129466032295,15:52:09.466,7.6400,100
57129483960238,15:52:09.483,7.6400,900
57142348017636,15:52:22.348,7.6500,1100
57142348017636,15:52:22.348,7.6500,4
57142348017636,15:52:22.348,7.6500,100
57142348017636,15:52:22.348,7.6500,200
57142357055168,15:52:22.357,7.6500,19
57179452998679,15:52:59.452,7.6500,60
57202231783662,15:53:22.231,7.6500,100
57217173840385,15:53:37.173,7.6500,40
57217180925219,15:53:37.180,7.6500,2500
57217180925219,15:53:37.180,7.6500,300
57217180925219,15:53:37.180,7.6500,200
57231915655888,15:53:51.915,7.6500,400
57241063775494,15:54:01.063,7.6500,100
57241063775494,15:54:01.063,7.6500,100
57241063775494,15:54:01.063,7.6500,200
57273834618632,15:54:33.834,7.6400,100
57273841941577,15:54:33.841,7.6400,46
57311458012376,15:55:11.458,7.6450,100
57311458020037,15:55:11.458,7.6400,100
57311458020037,15:55:11.458,7.6400,100
57365422552980,15:56:05.422,7.6400,100
57365427055291,15:56:05.427,7.6400,1900
57425033601314,15:57:05.033,7.6450,54
57425033601314,15:57:05.033,7.6450,46
57425033676177,15:57:05.033,7.6450,8
57510140733289,15:58:30.140,7.6450,100
57564153976943,15:59:24.153,7.6600,83
57564396625113,15:59:24.396,7.6550,54
57564396625113,15:59:24.396,7.6500,146
57569364508668,15:59:29.364,7.6500,54
57569365039114,15:59:29.365,7.6450,20
57570837324910,15:59:30.837,7.6450,100
57570837324910,15:59:30.837,7.6500,12
57581790629581,15:59:41.790,7.6550,100
57587059302836,15:59:47.059,7.6550,9
57587059302836,15:59:47.059,7.6550,100
57591323896048,15:59:51.323,7.6500,300
57591640505894,15:59:51.640,7.6500,8
57593080767643,15:59:53.080,7.6500,500
57593651887511,15:59:53.651,7.6500,100
57593651887511,15:59:53.651,7.6500,253
57593652074793,15:59:53.652,7.6500,300
57593826942721,15:59:53.826,7.6500,100
57600520138261,16:00:00.520,0.0000,0
57667998939568,16:01:07.998,7.6600,5
58062526444842,16:07:42.526,7.6500,100
59761161761118,16:36:01.161,7.6100,90
59762377743158,16:36:02.377,7.6100,10
59762377743158,16:36:02.377,7.6000,89
60122238079003,16:42:02.238,7.6400,75
60122238079003,16:42:02.238,7.6400,8
60122238079003,16:42:02.238,7.6500,58
60122238079003,16:42:02.238,7.6500,1
60122238079003,16:42:02.238,7.6500,15
60122238079003,16:42:02.238,7.6500,3
60122238079003,16:42:02.238,7.6500,10
60154149219144,16:42:34.149,7.6500,20
60154149235727,16:42:34.149,7.6500,400
60154149242531,16:42:34.149,7.6500,383
60166433463350,16:42:46.433,7.6500,10
60178507488134,16:42:58.507,7.6500,30
60826329226813,16:53:46.329,7.6500,87
65178461428737,18:06:18.461,7.6500,150
69215602579860,19:13:35.602,7.7000,50
71071963798765,19:44:31.963,7.7000,67
71071963798765,19:44:31.963,7.7000,40
71071963798765,19:44:31.963,7.7000,100
71378716893164,19:49:38.716,7.7200,100
