timestamp,time,price,volume
34200693100944,09:30:00.693,0.0000,0
34467507139176,09:34:27.507,123.4900,12
34492865017272,09:34:52.865,123.4000,100
34526496315642,09:35:26.496,123.4000,12
34544235439108,09:35:44.235,123.3300,70
34544235571338,09:35:44.235,123.3300,100
34544235575662,09:35:44.235,123.3300,20
34544235577062,09:35:44.235,123.3300,10
34544235582428,09:35:44.235,123.3300,100
34544235653432,09:35:44.235,123.3300,100
34544237148703,09:35:44.237,123.3300,10
34544237150121,09:35:44.237,123.3300,20
34544237262030,09:35:44.237,123.3300,170
34544237262030,09:35:44.237,123.3300,30
34544237644117,09:35:44.237,123.2900,1
34544240052516,09:35:44.240,123.3300,20
34544240056747,09:35:44.240,123.3300,10
34544240211977,09:35:44.240,123.3300,149
34664661572582,09:37:44.661,123.0900,4
34664661700495,09:37:44.661,123.1000,4
34664661705333,09:37:44.661,123.1000,4
34664661705333,09:37:44.661,123.1000,96
34664661758903,09:37:44.661,123.1000,100
34664661776110,09:37:44.661,123.1000,100
34664661776110,09:37:44.661,123.1100,100
34664661776110,09:37:44.661,123.1100,100
34664661776110,09:37:44.661,123.1100,55
34664661804049,09:37:44.661,123.1100,45
34664661804049,09:37:44.661,123.1100,55
34664661950149,09:37:44.661,123.1600,21
34664662231806,09:37:44.662,123.1600,2
34664662281177,09:37:44.662,123.1600,21
34664662383580,09:37:44.662,123.1600,27
34664662473196,09:37:44.662,123.1600,29
34664662473196,09:37:44.662,123.1600,23
34664662625636,09:37:44.662,123.1600,77
34664662625636,09:37:44.662,123.1600,97
34664662668408,09:37:44.662,123.1600,3
34664662668408,09:37:44.662,123.1600,100
34671097384762,09:37:51.097,123.1100,100
34706993875731,09:38:26.993,123.4800,40
34706993875731,09:38:26.993,123.4900,60
34706993909266,09:38:26.993,123.4900,40
34706996041381,09:38:26.996,123.5400,100
34706996724632,09:38:26.996,123.5700,100
34730739423292,09:38:50.739,123.6300,32
34730739468605,09:38:50.739,123.6300,68
34730739468605,09:38:50.739,123.6100,32
34730739477751,09:38:50.739,123.6100,68
34730739572901,09:38:50.739,123.6100,100
34730816963025,09:38:50.816,123.4900,100
34730816963025,09:38:50.816,123.4900,100
34773601495120,09:39:33.601,123.7000,100
34793240964058,09:39:53.240,123.8900,5
34793240977987,09:39:53.240,123.8900,95
34833721181749,09:40:33.721,123.8400,100
34873114909121,09:41:13.114,123.6200,100
34873114916239,09:41:13.114,123.6100,100
34873115316757,09:41:13.115,123.5600,100
34910925850307,09:41:50.925,123.2500,100
34920308062842,09:42:00.308,123.1600,100
34959892235382,09:42:39.892,123.3300,10
34959892235382,09:42:39.892,123.3300,13
34959892235382,09:42:39.892,123.3300,57
34959892354451,09:42:39.892,123.3500,100
35050750337210,09:44:10.750,123.1500,100
35050750404443,09:44:10.750,123.1500,8
35050750410019,09:44:10.750,123.1500,74
35050750618032,09:44:10.750,123.1500,8
35050750618032,09:44:10.750,123.1400,10
35050750644127,09:44:10.750,123.1400,82
35050750648641,09:44:10.750,123.1400,8
35050750648641,09:44:10.750,123.0900,36
35050750650242,09:44:10.750,123.0900,74
35050750675068,09:44:10.750,123.0900,8
35050750979036,09:44:10.750,123.0900,74
35050750980748,09:44:10.750,123.0900,8
35050751379104,09:44:10.751,123.1300,100
35050752002141,09:44:10.752,123.1400,100
35051112119534,09:44:11.112,122.9800,100
35072914087208,09:44:32.914,122.7100,100
35098308362926,09:44:58.308,122.9600,100
35098310976301,09:44:58.310,123.0200,100
35113855835422,09:45:13.855,123.0800,4
35189215402893,09:46:29.215,123.1500,100
35189215434208,09:46:29.215,123.1400,100
35189216753575,09:46:29.216,123.1000,100
35189216788865,09:46:29.216,123.1000,100
35189216810912,09:46:29.216,123.0900,54
35189216839182,09:46:29.216,123.0900,46
35189552973415,09:46:29.552,123.0900,100
35216975636736,09:46:56.975,123.1900,1
35231510148233,09:47:11.510,123.2300,1
35231511462029,09:47:11.511,123.2300,99
35231511462029,09:47:11.511,123.2300,100
35231511462029,09:47:11.511,123.2300,144
35231511672174,09:47:11.511,123.3100,67
35231511847065,09:47:11.511,123.3100,33
35231512643635,09:47:11.512,123.3700,100
35254674105611,09:47:34.674,123.4000,100
35254675817898,09:47:34.675,123.3900,1
35296723921566,09:48:16.723,123.1800,100
35296745485269,09:48:16.745,123.3200,16
35296747687350,09:48:16.747,123.3200,20
35300746807061,09:48:20.746,123.3200,79
35300746829986,09:48:20.746,123.3200,21
35300746829986,09:48:20.746,123.3200,100
35300746834577,09:48:20.746,123.3200,21
35300746836066,09:48:20.746,123.3200,79
35300746852611,09:48:20.746,123.3400,100
35300746852611,09:48:20.746,123.3500,100
35300746976044,09:48:20.746,123.3200,100
35300748084265,09:48:20.748,123.3300,10
35301007807993,09:48:21.007,123.3100,100
35301007863267,09:48:21.007,123.3100,100
35304176305695,09:48:24.176,123.3900,71
35304177014689,09:48:24.177,123.4100,4
35304177032895,09:48:24.177,123.4100,110
35304178379459,09:48:24.178,123.3700,36
35304178865075,09:48:24.178,123.3300,10
35304179236132,09:48:24.179,123.2900,85
35304179242558,09:48:24.179,123.2900,10
35304179255206,09:48:24.179,123.2900,5
35304179684718,09:48:24.179,123.2700,1
35304179759723,09:48:24.179,123.2700,100
35304180000862,09:48:24.180,123.2400,1
35304180537509,09:48:24.180,123.2700,100
35311117701096,09:48:31.117,123.2800,100
35371243069876,09:49:31.243,123.1900,1
35372316957856,09:49:32.316,123.2500,100
35382244273299,09:49:42.244,123.1100,100
35427873365338,09:50:27.873,123.0000,14
35427873662948,09:50:27.873,123.0100,10
35427878625181,09:50:27.878,123.0800,200
35427878625181,09:50:27.878,123.0900,100
35427878625181,09:50:27.878,123.0900,100
35427878702552,09:50:27.878,123.1000,26
35427878729130,09:50:27.878,123.1000,74
35427878806790,09:50:27.878,123.1200,100
35427879125448,09:50:27.879,123.1200,100
35428211879899,09:50:28.211,123.1400,100
35428212064493,09:50:28.212,123.1500,100
35481980013674,09:51:21.980,123.3400,1
35481980042403,09:51:21.980,123.3400,99
35481980042403,09:51:21.980,123.3400,100
35481980042403,09:51:21.980,123.3400,100
35481980042403,09:51:21.980,123.3400,1
35481980349627,09:51:21.980,123.3400,99
35533758499041,09:52:13.758,123.2200,100
35533758633866,09:52:13.758,123.2200,100
35588242838210,09:53:08.242,123.1900,1
35588243056363,09:53:08.243,123.1900,1
35588243056363,09:53:08.243,123.2000,100
35588382398040,09:53:08.382,123.1900,100
35588382529104,09:53:08.382,123.1900,25
35641980047165,09:54:01.980,123.3300,1
35641980072284,09:54:01.980,123.3300,96
35641980077984,09:54:01.980,123.3300,3
35641980077984,09:54:01.980,123.3300,100
35641980138543,09:54:01.980,123.3500,91
35641980158845,09:54:01.980,123.3500,9
35641980207766,09:54:01.980,123.3300,100
35643315276251,09:54:03.315,123.2700,100
35663197416145,09:54:23.197,123.3500,18
35663214613862,09:54:23.214,123.3300,100
35663216101817,09:54:23.216,123.3200,100
35665301156969,09:54:25.301,123.3500,100
35665306874210,09:54:25.306,123.3800,100
35665306874210,09:54:25.306,123.3800,100
35684043533598,09:54:44.043,123.3500,100
35691977190810,09:54:51.977,123.4300,1
35716171380302,09:55:16.171,123.4100,100
35716171815945,09:55:16.171,123.4100,100
35716172925069,09:55:16.172,123.3300,100
35716173794961,09:55:16.173,123.2600,98
35716174004561,09:55:16.174,123.2600,2
35716174004561,09:55:16.174,123.2600,98
35716174045523,09:55:16.174,123.2600,2
35744635645191,09:55:44.635,123.4300,1
35748025420172,09:55:48.025,123.3300,100
35756344349065,09:55:56.344,123.2500,100
35773460732811,09:56:13.460,123.1700,100
35780799538237,09:56:20.799,123.2000,100
35780799538237,09:56:20.799,123.2000,100
35827834190315,09:57:07.834,123.2800,100
35827834196128,09:57:07.834,123.2800,100
35827834225182,09:57:07.834,123.2900,80
35827834416108,09:57:07.834,123.3000,100
35848744791918,09:57:28.744,123.3100,1
35848766433972,09:57:28.766,123.3100,74
35851240898179,09:57:31.240,123.3200,100
35851243171642,09:57:31.243,123.2500,100
35851246110442,09:57:31.246,123.2100,54
35851246134301,09:57:31.246,123.2100,46
35908881095438,09:58:28.881,123.0400,1
35909137906075,09:58:29.137,123.0000,9
35909149586767,09:58:29.149,123.0000,19
36009366796693,10:00:09.366,122.8500,100
36009366796693,10:00:09.366,122.8500,23
36009367234446,10:00:09.367,122.8000,4
36009367313413,10:00:09.367,122.7600,7
36009367520912,10:00:09.367,122.8500,100
36009367572882,10:00:09.367,122.8500,100
36112202125636,10:01:52.202,122.6900,100
36112202239218,10:01:52.202,122.7400,10
36116119266670,10:01:56.119,122.7800,44
36116119295938,10:01:56.119,122.7800,56
36116119295938,10:01:56.119,122.7800,100
36116119382453,10:01:56.119,122.7900,81
36116119473785,10:01:56.119,122.7800,100
36116119756998,10:01:56.119,122.7900,19
36116119756998,10:01:56.119,122.7900,81
36116119832482,10:01:56.119,122.7900,19
36116120981172,10:01:56.120,122.8100,52
36116121300565,10:01:56.121,122.8100,48
36116121300565,10:01:56.121,122.8100,2
36116122153710,10:01:56.122,122.7800,100
36117179360904,10:01:57.179,122.7800,10
36117179441231,10:01:57.179,122.7800,100
36117181070758,10:01:57.181,122.7800,100
36117274884063,10:01:57.274,122.7500,100
36151946031888,10:02:31.946,122.7300,40
36151946061779,10:02:31.946,122.7300,1460
36151946260972,10:02:31.946,122.7100,100
36151946260972,10:02:31.946,122.7100,2
36151946261777,10:02:31.946,122.7100,100
36151946335998,10:02:31.946,122.7200,10
36151946439599,10:02:31.946,122.7000,100
36151946439599,10:02:31.946,122.7000,59
36151946669722,10:02:31.946,122.7300,10
36151946669722,10:02:31.946,122.7300,10
36151946685633,10:02:31.946,122.7300,10
36153239402771,10:02:33.239,122.6900,100
36156493445585,10:02:36.493,122.5900,100
36156493532517,10:02:36.493,122.5900,100
36241168636172,10:04:01.168,122.5100,100
36241169242512,10:04:01.169,122.5200,100
36241169268194,10:04:01.169,122.5200,100
36241170357731,10:04:01.170,122.5100,100
36266723078625,10:04:26.723,122.5600,2
36270231814909,10:04:30.231,122.5500,100
36288985844363,10:04:48.985,122.5400,100
36296259247676,10:04:56.259,122.4900,1
36296259247676,10:04:56.259,122.4900,99
36296259282869,10:04:56.259,122.4900,1
36337732457725,10:05:37.732,122.5100,2
36404483174475,10:06:44.483,122.5500,29
36425212768619,10:07:05.212,122.5600,3
36425562855579,10:07:05.562,122.5600,97
36425563324793,10:07:05.563,122.5700,100
36425564002921,10:07:05.564,122.5800,1
36425564495328,10:07:05.564,122.5800,99
36425565694631,10:07:05.565,122.5700,11
36432259387780,10:07:12.259,122.5700,40
36432271825528,10:07:12.271,122.5800,2
36432285334001,10:07:12.285,122.5700,100
36440158946371,10:07:20.158,122.5400,100
36440159056041,10:07:20.159,122.5000,2
36440159056041,10:07:20.159,122.5000,16
36484411450596,10:08:04.411,122.4300,2
36503223705193,10:08:23.223,122.4500,100
36503224035618,10:08:23.224,122.4600,100
36504932084119,10:08:24.932,122.4800,100
36504932085403,10:08:24.932,122.4800,100
36504932331239,10:08:24.932,122.4700,100
36504932652943,10:08:24.932,122.4500,100
36518314528001,10:08:38.314,122.4400,100
36546742490469,10:09:06.742,122.3700,100
36546742595433,10:09:06.742,122.3700,100
36546742732178,10:09:06.742,122.3600,81
36546742806394,10:09:06.742,122.3600,19
36546742806394,10:09:06.742,122.3600,100
36558661743629,10:09:18.661,122.4000,100
36558661743629,10:09:18.661,122.4000,100
36687625606117,10:11:27.625,122.5700,100
36687627371861,10:11:27.627,122.5800,100
36687627371861,10:11:27.627,122.5800,100
36687628659394,10:11:27.628,122.6000,25
36687628909616,10:11:27.628,122.6000,25
36687628964379,10:11:27.628,122.6000,25
36687629073101,10:11:27.629,122.6000,25
36703524159344,10:11:43.524,122.7900,100
36703525186792,10:11:43.525,122.8500,100
36708139640537,10:11:48.139,122.8600,100
36708764566928,10:11:48.764,122.8800,100
36708765204125,10:11:48.765,122.8800,79
36710075393201,10:11:50.075,122.8900,2
36710096477766,10:11:50.096,122.8800,54
36710096505186,10:11:50.096,122.8800,46
36715348430995,10:11:55.348,122.8400,200
36736617567377,10:12:16.617,122.8900,100
36736617930612,10:12:16.617,122.8800,100
36740150461367,10:12:20.150,122.8500,54
36740150492086,10:12:20.150,122.8500,46
36762330077588,10:12:42.330,122.8100,2
36798292310341,10:13:18.292,122.8500,1
36798292310341,10:13:18.292,122.8500,7
36798292310341,10:13:18.292,122.8500,100
36798292463803,10:13:18.292,122.8500,100
36798292868810,10:13:18.292,122.8600,100
36798292868810,10:13:18.292,122.8600,100
36798293655120,10:13:18.293,122.8700,7
36798293655120,10:13:18.293,122.8700,193
36798293681158,10:13:18.293,122.8700,7
36798294052578,10:13:18.294,122.8800,10
36798310557397,10:13:18.310,122.8800,1
36801249977803,10:13:21.249,122.8600,100
36801250474688,10:13:21.250,122.8500,100
36802204452715,10:13:22.204,122.8500,100
36802204452715,10:13:22.204,122.8500,100
36819442998001,10:13:39.442,122.7900,57
36864131661701,10:14:24.131,122.7200,2
36864131661701,10:14:24.131,122.7200,100
36864131792219,10:14:24.131,122.7200,20
36864131949663,10:14:24.131,122.7200,80
36864164736758,10:14:24.164,122.6700,100
36864164775543,10:14:24.164,122.6700,100
36865328768529,10:14:25.328,122.6600,100
36865329117352,10:14:25.329,122.6500,100
36865341850150,10:14:25.341,122.6400,100
36889806474849,10:14:49.806,122.6200,100
36889824374534,10:14:49.824,122.5900,100
36906140671002,10:15:06.140,122.5800,100
36911309254839,10:15:11.309,122.5300,20
36911309254839,10:15:11.309,122.5300,100
36918498869439,10:15:18.498,122.4800,2
36949583890213,10:15:49.583,122.4200,100
36949583890213,10:15:49.583,122.4200,200
36949583985718,10:15:49.583,122.4300,75
36949584299365,10:15:49.584,122.4200,100
36949584683783,10:15:49.584,122.4300,9
36949584712119,10:15:49.584,122.4300,16
36949584712119,10:15:49.584,122.4300,100
36949584712119,10:15:49.584,122.4300,100
36949584712119,10:15:49.584,122.4300,100
36949585015695,10:15:49.585,122.4200,40
36977935026077,10:16:17.935,122.4200,3
37014390767030,10:16:54.390,122.4100,100
37014390796960,10:16:54.390,122.4100,3
37014391380704,10:16:54.391,122.4100,100
37014396719593,10:16:54.396,122.4200,100
37019388857326,10:16:59.388,122.4200,100
37028387866849,10:17:08.387,122.4200,100
37039232211253,10:17:19.232,122.4100,65
37039232250050,10:17:19.232,122.4100,35
37039589614224,10:17:19.589,122.3800,100
37040781183993,10:17:20.781,122.4400,50
37040781211744,10:17:20.781,122.4400,50
37040781293391,10:17:20.781,122.4500,57
37040781331976,10:17:20.781,122.4500,43
37040781339450,10:17:20.781,122.4400,100
37040781971113,10:17:20.781,122.4600,100
37040782049095,10:17:20.782,122.4600,100
37040782451616,10:17:20.782,122.4600,114
37042249459406,10:17:22.249,122.4600,100
37042249459406,10:17:22.249,122.4600,30
37048794353042,10:17:28.794,122.4600,100
37048795258664,10:17:28.795,122.4900,100
37048795285804,10:17:28.795,122.4900,100
37048796295904,10:17:28.796,122.4900,100
37048796295904,10:17:28.796,122.4900,100
37048801117636,10:17:28.801,122.4900,100
37049117221076,10:17:29.117,122.4900,100
37075980310533,10:17:55.980,122.4400,100
37075980322891,10:17:55.980,122.4300,40
37075980529561,10:17:55.980,122.4300,60
37091591214050,10:18:11.591,122.3800,3
37091591214050,10:18:11.591,122.3800,100
37091591214050,10:18:11.591,122.3800,37
37091591221196,10:18:11.591,122.3800,63
37091591273843,10:18:11.591,122.3700,48
37094372442550,10:18:14.372,122.2800,22
37102656966152,10:18:22.656,122.3100,18
37105553107054,10:18:25.553,122.3100,100
37105643150826,10:18:25.643,122.2400,1
37120392617265,10:18:40.392,122.2700,89
37132392996426,10:18:52.392,122.2400,99
37132392996426,10:18:52.392,122.2400,1
37155584382463,10:19:15.584,122.3700,100
37155584382463,10:19:15.584,122.3700,100
37155584410799,10:19:15.584,122.3700,100
37155584466713,10:19:15.584,122.3800,52
37155584642065,10:19:15.584,122.3800,48
37169329125854,10:19:29.329,122.4200,100
37183173716845,10:19:43.173,122.5000,23
37183173810726,10:19:43.173,122.5000,77
37183173810726,10:19:43.173,122.5000,100
37220856683278,10:20:20.856,122.6000,100
37222285369821,10:20:22.285,122.6100,50
37233193435338,10:20:33.193,122.5900,2
37239792638137,10:20:39.792,122.5500,100
37260069973901,10:21:00.069,122.5500,3
37260069973901,10:21:00.069,122.5500,100
37260070050181,10:21:00.070,122.5500,100
37260070050181,10:21:00.070,122.5500,3
37260070051972,10:21:00.070,122.5500,97
37260070486549,10:21:00.070,122.5400,100
37260070536904,10:21:00.070,122.5300,56
37260071075021,10:21:00.071,122.5300,17
37260071133983,10:21:00.071,122.5300,27
37267193481537,10:21:07.193,122.4800,100
37287508530614,10:21:27.508,122.4900,100
37287508570706,10:21:27.508,122.5000,40
37287508732455,10:21:27.508,122.5000,60
37373868324103,10:22:53.868,122.4200,2
37373868583660,10:22:53.868,122.4100,11
37373868830971,10:22:53.868,122.4100,189
37379602887829,10:22:59.602,122.4100,100
37400603890195,10:23:20.603,122.3500,13
37400603897666,10:23:20.603,122.3400,100
37400603902926,10:23:20.603,122.3500,87
37400603902926,10:23:20.603,122.3500,13
37400603918274,10:23:20.603,122.3500,87
37412497039023,10:23:32.497,122.3600,100
37412497039023,10:23:32.497,122.3600,100
37412498458745,10:23:32.498,122.3900,100
37412512561714,10:23:32.512,122.4200,11
37412512561714,10:23:32.512,122.4200,100
37412512795869,10:23:32.512,122.4300,100
37412646545037,10:23:32.646,122.4500,100
37412657841682,10:23:32.657,122.4700,100
37415160220942,10:23:35.160,122.4900,100
37425589151666,10:23:45.589,122.6000,100
37442228781298,10:24:02.228,122.5700,1
37442294071344,10:24:02.294,122.5700,1
37442339246482,10:24:02.339,122.5700,1
37442387777415,10:24:02.387,122.5700,1
37442468710933,10:24:02.468,122.5700,1
37442509404252,10:24:02.509,122.5700,1
37442557335421,10:24:02.557,122.5700,1
37442614117721,10:24:02.614,122.5700,1
37442671407047,10:24:02.671,122.5700,1
37442709302391,10:24:02.709,122.5700,1
37457583003348,10:24:17.583,122.5700,1
37457685161730,10:24:17.685,122.5700,1
37459602707485,10:24:19.602,122.5700,98
37459602707485,10:24:19.602,122.5700,2
37459845490782,10:24:19.845,122.5700,1
37459897047591,10:24:19.897,122.5700,1
37468610047321,10:24:28.610,122.5700,100
37468610047321,10:24:28.610,122.5600,2
37468610927434,10:24:28.610,122.5600,100
37509137741332,10:25:09.137,122.5600,100
37509138229837,10:25:09.138,122.5800,100
37509138605651,10:25:09.138,122.5900,70
37509138630346,10:25:09.138,122.5900,30
37519932605969,10:25:19.932,122.5900,4
37538884832932,10:25:38.884,122.5600,1
37538941889114,10:25:38.941,122.5600,1
37538999365065,10:25:38.999,122.5600,1
37539062392870,10:25:39.062,122.5600,1
37562057241130,10:26:02.057,122.6500,58
37562057352522,10:26:02.057,122.6500,42
37562057481626,10:26:02.057,122.6600,100
37562057506586,10:26:02.057,122.6600,100
37562057506586,10:26:02.057,122.6600,100
37587328887104,10:26:27.328,122.8100,100
37587329795215,10:26:27.329,122.8200,100
37587329892867,10:26:27.329,122.8200,54
37587329933260,10:26:27.329,122.8200,46
37587330525119,10:26:27.330,122.8200,100
37603664285518,10:26:43.664,122.8500,100
37604103254139,10:26:44.103,122.8500,100
37604103298048,10:26:44.103,122.8500,2
37604103504656,10:26:44.103,122.8500,2
37641110183196,10:27:21.110,122.8900,12
37715058225877,10:28:35.058,122.9700,13
37734121910404,10:28:54.121,123.0700,100
37734121910404,10:28:54.121,123.0800,3
37734122857279,10:28:54.122,123.0800,97
37734122857279,10:28:54.122,123.0800,100
37734122857279,10:28:54.122,123.0800,100
37734122950514,10:28:54.122,123.0800,100
37739459239236,10:28:59.459,123.0500,100
37739459239236,10:28:59.459,123.0400,13
37739459239236,10:28:59.459,123.0400,1
37739459239236,10:28:59.459,123.0400,100
37739461740883,10:28:59.461,123.0300,100
37781946812165,10:29:41.946,123.0600,1
37781946839031,10:29:41.946,123.0600,99
37781946839031,10:29:41.946,123.0600,2
37781946839031,10:29:41.946,123.0600,100
37781947119886,10:29:41.947,123.0500,100
37782057527157,10:29:42.057,122.9800,13
37782185905745,10:29:42.185,122.9700,1
37782185914995,10:29:42.185,122.9600,100
37782228881371,10:29:42.228,122.9500,1
37782229233882,10:29:42.229,122.9400,10
37782229233882,10:29:42.229,122.9300,90
37782229290017,10:29:42.229,122.9300,10
37782229301557,10:29:42.229,122.9200,100
37782229816428,10:29:42.229,122.9400,11
37782386272899,10:29:42.386,122.8600,1
37802872200975,10:30:02.872,122.8700,10
37802872230224,10:30:02.872,122.8800,100
37812020098589,10:30:12.020,122.8900,100
37818020523654,10:30:18.020,122.9200,99
37818020525744,10:30:18.020,122.9200,1
37831433144735,10:30:31.433,122.9200,1
37831433172928,10:30:31.433,122.9200,251
37831433172928,10:30:31.433,122.9200,3
37841877429498,10:30:41.877,122.8500,1
37841922385349,10:30:41.922,122.8500,1
37841974979804,10:30:41.974,122.8600,1
37842026728880,10:30:42.026,122.8600,1
37842076103995,10:30:42.076,122.8300,1
37842124837130,10:30:42.124,122.8300,1
37842171429063,10:30:42.171,122.8300,1
37842286428732,10:30:42.286,122.8300,1
37842326224293,10:30:42.326,122.8300,1
37842404413198,10:30:42.404,122.8300,1
37842464079786,10:30:42.464,122.8300,1
37842489945847,10:30:42.489,122.8300,1
37842594365483,10:30:42.594,122.8300,1
37842633550146,10:30:42.633,122.8300,1
37842715129166,10:30:42.715,122.8300,1
37847501443896,10:30:47.501,122.8200,1
37858023902702,10:30:58.023,122.8400,100
37868005962073,10:31:08.005,122.9400,90
37868005969743,10:31:08.005,122.9400,10
37868007849354,10:31:08.007,122.9700,100
37947654078298,10:32:27.654,123.0000,100
37956253982506,10:32:36.253,122.9600,1
38004160662045,10:33:24.160,122.9800,1
38091031763321,10:34:51.031,123.0600,100
38091032124738,10:34:51.032,123.0700,47
38091032162154,10:34:51.032,123.0700,53
38091033524608,10:34:51.033,123.0900,10
38091034031070,10:34:51.034,123.0950,44
38091034073186,10:34:51.034,123.1200,100
38091035825908,10:34:51.035,123.0900,46
38091035825908,10:34:51.035,123.1200,100
38109259634370,10:35:09.259,123.2200,100
38123044323287,10:35:23.044,123.2400,7
38123044323287,10:35:23.044,123.2400,100
38123045622470,10:35:23.045,123.2300,39
38123045658982,10:35:23.045,123.2300,22
38123045667783,10:35:23.045,123.2300,6
38123045693503,10:35:23.045,123.2300,17
38123046209889,10:35:23.046,123.2300,16
38123047202011,10:35:23.047,123.2300,100
38123150745199,10:35:23.150,123.2200,100
38187717857635,10:36:27.717,123.3800,100
38188627517516,10:36:28.627,123.3600,35
38192223477160,10:36:32.223,123.3500,100
38192223477160,10:36:32.223,123.3500,2
38230464595866,10:37:10.464,123.3800,100
38234284400290,10:37:14.284,123.3300,14
38234284432520,10:37:14.284,123.3300,14
38234284436517,10:37:14.284,123.3300,14
38234284445831,10:37:14.284,123.3300,14
38234284454859,10:37:14.284,123.3300,14
38234284480379,10:37:14.284,123.3300,44
38234284693775,10:37:14.284,123.2900,66
38234284694241,10:37:14.284,123.2900,10
38234284704613,10:37:14.284,123.2900,24
38234781941619,10:37:14.781,123.2900,100
38234785385153,10:37:14.785,123.2800,100
38238140727641,10:37:18.140,123.2700,80
38256034217367,10:37:36.034,123.1200,1
38257514519281,10:37:37.514,123.1300,1
38264971174085,10:37:44.971,123.1300,20
38265065642013,10:37:45.065,123.1200,30
38265065642013,10:37:45.065,123.1200,70
38265065669874,10:37:45.065,123.1200,30
38271038590896,10:37:51.038,123.0500,53
38271038602980,10:37:51.038,123.0500,47
38271039222955,10:37:51.039,123.0500,100
38271039917012,10:37:51.039,123.1400,100
38271040479702,10:37:51.040,123.1500,40
38271040715089,10:37:51.040,123.1500,32
38271041196496,10:37:51.041,123.1400,28
38271041203793,10:37:51.041,123.1400,28
38271041229650,10:37:51.041,123.1400,44
38271041229650,10:37:51.041,123.1400,56
38271041277174,10:37:51.041,123.1400,44
38271041330391,10:37:51.041,123.1500,28
38271866507812,10:37:51.866,123.2200,100
38271867320206,10:37:51.867,123.2300,100
38323126145145,10:38:43.126,123.2700,10
38323126206690,10:38:43.126,123.2700,100
38336223362600,10:38:56.223,123.3000,100
38341019717833,10:39:01.019,123.3300,6
38342131339437,10:39:02.131,123.3300,10
38342131340456,10:39:02.131,123.3300,66
38342131369886,10:39:02.131,123.3300,18
38342131369886,10:39:02.131,123.3300,29
38342131464661,10:39:02.131,123.3300,71
38357842107313,10:39:17.842,123.4100,100
38362602137790,10:39:22.602,123.3600,2
38362603702265,10:39:22.603,123.3300,100
38415889444679,10:40:15.889,123.3150,100
38415889444679,10:40:15.889,123.2900,2
38415889519912,10:40:15.889,123.2900,98
38415889519912,10:40:15.889,123.2900,2
38417242557625,10:40:17.242,123.2900,10
38417242557625,10:40:17.242,123.2900,10
38417242557625,10:40:17.242,123.2900,10
38449537013173,10:40:49.537,123.2400,100
38449537021802,10:40:49.537,123.2400,6
38459445493273,10:40:59.445,123.2500,100
38469984454744,10:41:09.984,123.2100,100
38510649231827,10:41:50.649,123.1500,100
38526360050584,10:42:06.360,123.1100,84
38526360059158,10:42:06.360,123.1100,16
38526360059158,10:42:06.360,123.1100,3
38527503443699,10:42:07.503,123.1100,54
38528364938918,10:42:08.364,123.1100,46
38539334224283,10:42:19.334,123.1000,65
38539334235369,10:42:19.334,123.1000,35
38539334272668,10:42:19.334,123.1000,35
38539334275638,10:42:19.334,123.1000,35
38573040673595,10:42:53.040,123.1400,35
38573040686717,10:42:53.040,123.1400,65
38573041006475,10:42:53.041,123.1500,100
38573041174556,10:42:53.041,123.1600,100
38573042038086,10:42:53.042,123.1700,6
38573042741998,10:42:53.042,123.1700,20
38573042768209,10:42:53.042,123.1700,74
38573042768209,10:42:53.042,123.1700,100
38573042768209,10:42:53.042,123.1700,100
38574044486320,10:42:54.044,123.1700,100
38606252946262,10:43:26.252,123.1700,100
38642922677525,10:44:02.922,123.2100,47
38642922689730,10:44:02.922,123.2100,53
38657473314063,10:44:17.473,123.2500,50
38657473323702,10:44:17.473,123.2500,50
38657473323702,10:44:17.473,123.2500,100
38688908720418,10:44:48.908,123.2700,10
38688908720418,10:44:48.908,123.2700,3
38688908720418,10:44:48.908,123.2700,100
38688909039186,10:44:48.909,123.2700,67
38688909071658,10:44:48.909,123.2700,33
38688910375124,10:44:48.910,123.2600,100
38696789903119,10:44:56.789,123.3100,100
38709837246486,10:45:09.837,123.3800,89
38729102129720,10:45:29.102,123.3000,100
38729541841033,10:45:29.541,123.3600,100
38753766519504,10:45:53.766,123.3600,100
38782044151541,10:46:22.044,123.4500,100
38782093600927,10:46:22.093,123.4600,100
38793554836000,10:46:33.554,123.5600,77
38794360344146,10:46:34.360,123.5600,100
38794360482759,10:46:34.360,123.5600,23
38816823480521,10:46:56.823,123.5000,3
38816823480521,10:46:56.823,123.5000,97
38816823513723,10:46:56.823,123.5000,3
38816823793532,10:46:56.823,123.4900,200
38816823841361,10:46:56.823,123.4900,100
38818668235997,10:46:58.668,123.4500,100
38825324731457,10:47:05.324,123.3500,100
38825325053359,10:47:05.325,123.3500,100
38863867723949,10:47:43.867,123.3100,100
38863867723949,10:47:43.867,123.3100,30
38882306771442,10:48:02.306,123.2900,100
38882306866667,10:48:02.306,123.3000,100
38899569733197,10:48:19.569,123.2800,3
38901479977710,10:48:21.479,123.2100,5
38910465048536,10:48:30.465,123.1800,100
38960773095954,10:49:20.773,123.2500,100
38960776423476,10:49:20.776,123.2600,100
38960776423476,10:49:20.776,123.2600,100
38990233128069,10:49:50.233,123.2500,1
38993375177693,10:49:53.375,123.2600,1
39012196283705,10:50:12.196,123.2700,1
39023472052023,10:50:23.472,123.3000,100
39035939569162,10:50:35.939,123.2500,99
39035939851391,10:50:35.939,123.2600,91
39035939853049,10:50:35.939,123.2600,9
39035940955195,10:50:35.940,123.2300,100
39080413868255,10:51:20.413,123.1900,3
39080413868255,10:51:20.413,123.1800,77
39116578368598,10:51:56.578,123.2400,100
39130155848483,10:52:10.155,123.2200,1
39130820504184,10:52:10.820,123.2600,50
39161679927952,10:52:41.679,123.2100,2
39171281225123,10:52:51.281,123.1700,100
39171282637564,10:52:51.282,123.1500,100
39171284996968,10:52:51.284,123.1700,97
39171285005703,10:52:51.285,123.1700,3
39171286279462,10:52:51.286,123.1500,100
39172385633425,10:52:52.385,123.1400,100
39172390676570,10:52:52.390,123.1300,54
39172390704569,10:52:52.390,123.1300,46
39180652379670,10:53:00.652,123.1100,100
39190382163663,10:53:10.382,123.0800,60
39191197951048,10:53:11.197,123.0800,100
39243383918177,10:54:03.383,123.0700,100
39243383956433,10:54:03.383,123.0700,100
39243383956433,10:54:03.383,123.0700,100
39244020221751,10:54:04.020,123.1100,50
39291724449002,10:54:51.724,123.1500,100
39291724505451,10:54:51.724,123.1600,74
39291724961310,10:54:51.724,123.1600,5
39291724987297,10:54:51.724,123.1600,21
39292357731627,10:54:52.357,123.1900,100
39292357731627,10:54:52.357,123.1900,100
39306485981541,10:55:06.485,123.2100,100
39306486533962,10:55:06.486,123.2000,3
39321553519589,10:55:21.553,123.2700,100
39365884669159,10:56:05.884,123.2500,10
39365884669159,10:56:05.884,123.2500,3
39395785245143,10:56:35.785,123.2400,100
39395786463184,10:56:35.786,123.1900,94
39403483414999,10:56:43.483,123.2000,100
39406748786460,10:56:46.748,123.2600,100
39406752983635,10:56:46.752,123.2600,100
39432891223376,10:57:12.891,123.2700,100
39432900922318,10:57:12.900,123.2500,100
39435008506799,10:57:15.008,123.2400,100
39466912809135,10:57:46.912,123.2100,25
39466913877378,10:57:46.913,123.2100,100
39468010588004,10:57:48.010,123.1800,100
39482091900840,10:58:02.091,123.1900,70
39482091930491,10:58:02.091,123.1900,30
39504491321994,10:58:24.491,123.2000,100
39518253067565,10:58:38.253,123.1800,100
39518275742913,10:58:38.275,123.1800,100
39559019958526,10:59:19.019,123.1600,15
39561095383510,10:59:21.095,123.1600,17
39563203682626,10:59:23.203,123.1300,1
39563203708714,10:59:23.203,123.1300,2
39563203708714,10:59:23.203,123.1300,100
39585226272477,10:59:45.226,123.1600,100
39585226272477,10:59:45.226,123.1600,154
39585228371223,10:59:45.228,123.1800,100
39585789887098,10:59:45.789,123.2100,100
39601174296286,11:00:01.174,123.2200,85
39601174305312,11:00:01.174,123.2200,15
39601174305312,11:00:01.174,123.2200,33
39601174306113,11:00:01.174,123.2200,67
39601174307572,11:00:01.174,123.2400,85
39609205632448,11:00:09.205,123.2900,62
39609205658622,11:00:09.205,123.2900,38
39620162032762,11:00:20.162,123.2700,10
39620162032762,11:00:20.162,123.2700,6
39639128396810,11:00:39.128,123.2100,3
39643086758137,11:00:43.086,123.2400,87
39643086787735,11:00:43.086,123.2400,13
39643086787735,11:00:43.086,123.2400,100
39662826266157,11:01:02.826,123.2900,62
39662826629337,11:01:02.826,123.2900,38
39663460502633,11:01:03.460,123.3500,100
39663460502633,11:01:03.460,123.3500,100
39663463136202,11:01:03.463,123.3700,100
39663463136202,11:01:03.463,123.3700,100
39666849065201,11:01:06.849,123.4400,6
39666849065201,11:01:06.849,123.4400,7
39667002851423,11:01:07.002,123.3900,100
39667003799004,11:01:07.003,123.3900,54
39667003825038,11:01:07.003,123.3900,46
39667003826625,11:01:07.003,123.3900,46
39669172164489,11:01:09.172,123.4500,4
39702381934101,11:01:42.381,123.4600,100
39710500121713,11:01:50.500,123.4900,100
39712560585407,11:01:52.560,123.4800,100
39712560677438,11:01:52.560,123.4800,50
39729673016615,11:02:09.673,123.4800,100
39729673414933,11:02:09.673,123.4900,48
39729673530442,11:02:09.673,123.4900,2
39729673557028,11:02:09.673,123.4900,50
39729673949790,11:02:09.673,123.4900,2
39745557245774,11:02:25.557,123.4400,100
39764577912139,11:02:44.577,123.4000,3
39779654419238,11:02:59.654,123.4000,24
39842770295889,11:04:02.770,123.3700,100
39842770325996,11:04:02.770,123.3800,100
39867734335080,11:04:27.734,123.4000,100
39867735350693,11:04:27.735,123.4200,100
39868544700450,11:04:28.544,123.3800,37
39868545222585,11:04:28.545,123.3500,100
39889527672240,11:04:49.527,123.3400,3
39889527672240,11:04:49.527,123.3400,100
39890653881418,11:04:50.653,123.2800,100
39937321641393,11:05:37.321,123.2900,40
39937322676240,11:05:37.322,123.3000,100
39968307758304,11:06:08.307,123.2200,10
39968307758304,11:06:08.307,123.2200,4
39968307758304,11:06:08.307,123.2200,86
39968307800930,11:06:08.307,123.2200,14
40000114156117,11:06:40.114,123.2000,100
40033775496880,11:07:13.775,123.1900,100
40033775513645,11:07:13.775,123.1900,15
40033775538371,11:07:13.775,123.1800,7
40033776167212,11:07:13.776,123.1600,100
40033776195248,11:07:13.776,123.1600,1400
40033776299017,11:07:13.776,123.1300,25
40053152005096,11:07:33.152,123.0200,1
40125443532521,11:08:45.443,123.1200,4
40125443557324,11:08:45.443,123.1200,196
40125443591280,11:08:45.443,123.1200,90
40125443805392,11:08:45.443,123.1300,22
40125443845722,11:08:45.443,123.1300,78
40125444439109,11:08:45.444,123.1400,13
40125445061844,11:08:45.445,123.1500,100
40125445832308,11:08:45.445,123.1700,100
40125446648874,11:08:45.446,123.1600,100
40160338675020,11:09:20.338,123.2400,100
40160436747734,11:09:20.436,123.2400,100
40242454841496,11:10:42.454,123.1900,100
40242454888565,11:10:42.454,123.1900,4
40242457154626,11:10:42.457,123.1800,100
40242457192768,11:10:42.457,123.1600,5
40242486838348,11:10:42.486,123.1700,1
40242651750918,11:10:42.651,123.1600,1
40246067344454,11:10:46.067,123.1500,100
40262642469930,11:11:02.642,123.1100,100
40266596835785,11:11:06.596,123.0700,94
40267224990735,11:11:07.224,123.0600,31
40319178026993,11:11:59.178,123.1100,100
40319178634449,11:11:59.178,123.1200,100
40319179428142,11:11:59.179,123.1300,100
40319179707790,11:11:59.179,123.1500,100
40319179742669,11:11:59.179,123.1500,100
40319179746223,11:11:59.179,123.1600,100
40378218281617,11:12:58.218,123.1500,4
40378218281617,11:12:58.218,123.1500,96
40378218321155,11:12:58.218,123.1500,4
40378218321155,11:12:58.218,123.1500,100
40420191840690,11:13:40.191,123.1800,100
40420191840690,11:13:40.191,123.1800,200
40452288337717,11:14:12.288,123.2600,100
40452288337717,11:14:12.288,123.2600,3
40452288967927,11:14:12.288,123.2600,100
40469590508329,11:14:29.590,123.3000,100
40469590540262,11:14:29.590,123.3000,100
40469590587379,11:14:29.590,123.3200,10
40469590595146,11:14:29.590,123.3200,48
40469591661096,11:14:29.591,123.3200,9
40469591689628,11:14:29.591,123.3200,33
40469592151001,11:14:29.592,123.3300,9
40469592439422,11:14:29.592,123.3300,1
40469592452788,11:14:29.592,123.3300,90
40516845692568,11:15:16.845,123.3700,100
40516845728174,11:15:16.845,123.3600,8
40535436353398,11:15:35.436,123.3200,100
40535436361133,11:15:35.436,123.3100,100
40535436371976,11:15:35.436,123.3100,1
40535438273510,11:15:35.438,123.2800,32
40563991355780,11:16:03.991,123.3800,100
40646297653594,11:17:26.297,123.4000,100
40731833036198,11:18:51.833,123.3800,12
40739490411058,11:18:59.490,123.3800,100
40844183576247,11:20:44.183,123.3600,100
40844183604412,11:20:44.183,123.3600,4
40876118656471,11:21:16.118,123.3200,100
40876119186371,11:21:16.119,123.3200,35
40876119216713,11:21:16.119,123.3200,14
40885581713138,11:21:25.581,123.3300,42
40885581743906,11:21:25.581,123.3300,58
40886454836151,11:21:26.454,123.3400,100
40886454836151,11:21:26.454,123.3400,100
40909523986572,11:21:49.523,123.2500,100
40909523986572,11:21:49.523,123.2500,100
40909524989125,11:21:49.524,123.2400,100
40909564084479,11:21:49.564,123.2500,100
40909564084479,11:21:49.564,123.2500,100
40909575505101,11:21:49.575,123.2800,100
40909575505101,11:21:49.575,123.2800,100
40909575505101,11:21:49.575,123.2800,100
40909577354431,11:21:49.577,123.3000,100
40909577804007,11:21:49.577,123.2950,100
40909577804007,11:21:49.577,123.3000,100
40925359242245,11:22:05.359,123.2600,100
40925359270643,11:22:05.359,123.2600,4
40932683544115,11:22:12.683,123.1800,100
40932684318142,11:22:12.684,123.1400,100
40932690473412,11:22:12.690,123.1500,5
40932691555701,11:22:12.691,123.1500,100
41020272269704,11:23:40.272,123.1300,38
41020272297598,11:23:40.272,123.1300,62
41020273898474,11:23:40.273,123.1600,100
41020273941452,11:23:40.273,123.1700,10
41028191013432,11:23:48.191,123.1700,100
41028191015706,11:23:48.191,123.1800,100
41044905298878,11:24:04.905,123.2000,14
41044905298878,11:24:04.905,123.2000,4
41129210000423,11:25:29.210,123.1800,5
41129210000423,11:25:29.210,123.1800,5
41129210498994,11:25:29.210,123.1700,14
41148289515479,11:25:48.289,123.1600,100
41148289987888,11:25:48.289,123.1500,100
41148742796869,11:25:48.742,123.1350,100
41148953848797,11:25:48.953,123.1350,100
41155637745185,11:25:55.637,123.1350,100
41155638088899,11:25:55.638,123.1200,88
41155638129319,11:25:55.638,123.1200,12
41155638138418,11:25:55.638,123.1200,12
41196356037883,11:26:36.356,123.1800,100
41196356075617,11:26:36.356,123.1900,100
41196356075617,11:26:36.356,123.1900,50
41196356082103,11:26:36.356,123.1900,50
41196357675859,11:26:36.357,123.2200,54
41196357713570,11:26:36.357,123.2200,46
41196357735100,11:26:36.357,123.2300,45
41196358729815,11:26:36.358,123.2300,55
41196532645133,11:26:36.532,123.2700,100
41222005038527,11:27:02.005,123.3700,100
41222005074812,11:27:02.005,123.3700,100
41222005074812,11:27:02.005,123.3700,31
41222005092094,11:27:02.005,123.3700,69
41222005092094,11:27:02.005,123.3700,31
41222005102929,11:27:02.005,123.3700,69
41222533345401,11:27:02.533,123.4000,100
41233062059521,11:27:13.062,123.3700,100
41233062393280,11:27:13.062,123.3600,100
41233062393280,11:27:13.062,123.3600,100
41233063051534,11:27:13.063,123.3600,41
41233063182853,11:27:13.063,123.3600,59
41234532658701,11:27:14.532,123.4200,100
41234532658701,11:27:14.532,123.4200,100
41234532658701,11:27:14.532,123.4200,100
41253162692036,11:27:33.162,123.4600,100
41253162692036,11:27:33.162,123.4600,4
41266185369154,11:27:46.185,123.3800,100
41269736315305,11:27:49.736,123.3600,32
41269736315305,11:27:49.736,123.3400,68
41269742137899,11:27:49.742,123.3400,32
41269742137899,11:27:49.742,123.3400,100
41270574268569,11:27:50.574,123.3200,25
41284514114174,11:28:04.514,123.3800,100
41284514114174,11:28:04.514,123.3800,100
41284514118984,11:28:04.514,123.3800,75
41284514123496,11:28:04.514,123.3800,25
41294764330631,11:28:14.764,123.3900,100
41294764360183,11:28:14.764,123.3900,100
41305229351647,11:28:25.229,123.3100,4
41305229351647,11:28:25.229,123.3100,100
41324255219973,11:28:44.255,123.3100,79
41324255232207,11:28:44.255,123.3100,21
41329771846126,11:28:49.771,123.2800,100
41329772814184,11:28:49.772,123.2500,5
41329932901038,11:28:49.932,123.2400,100
41355924783105,11:29:15.924,123.2800,100
41355926353356,11:29:15.926,123.2900,100
41355926790978,11:29:15.926,123.2900,100
41375181405457,11:29:35.181,123.2800,100
41375181477633,11:29:35.181,123.2800,54
41375181527416,11:29:35.181,123.2800,46
41419326034262,11:30:19.326,123.2200,4
41419326379996,11:30:19.326,123.2200,100
41419326477816,11:30:19.326,123.2200,50
41419326504532,11:30:19.326,123.2200,50
41429778467759,11:30:29.778,123.2200,100
41429778499187,11:30:29.778,123.2300,200
41429778869846,11:30:29.778,123.2400,100
41462217356586,11:31:02.217,123.2400,100
41475875367445,11:31:15.875,123.2400,100
41475875512931,11:31:15.875,123.2300,100
41506835994868,11:31:46.835,123.2500,100
41506836494756,11:31:46.836,123.2600,100
41506836494756,11:31:46.836,123.2600,100
41538332174183,11:32:18.332,123.2300,14
41552591101262,11:32:32.591,123.2100,4
41554468443469,11:32:34.468,123.1900,14
41554468450015,11:32:34.468,123.1800,36
41554838095902,11:32:34.838,123.1800,100
41554838123494,11:32:34.838,123.1800,33
41554838124084,11:32:34.838,123.1800,33
41554838135719,11:32:34.838,123.1800,33
41554838149673,11:32:34.838,123.1800,34
41557841014107,11:32:37.841,123.1500,100
41557841380428,11:32:37.841,123.1900,3
41656176207892,11:34:16.176,123.2600,100
41656176232574,11:34:16.176,123.2600,200
41690363347797,11:34:50.363,123.3100,22
41690370080973,11:34:50.370,123.3100,54
41690370101096,11:34:50.370,123.3100,24
41690370418325,11:34:50.370,123.3200,100
41690370500600,11:34:50.370,123.3200,100
41693729615767,11:34:53.729,123.3100,100
41693729615767,11:34:53.729,123.3100,300
41693729645444,11:34:53.729,123.3100,4
41705589301154,11:35:05.589,123.3700,70
41726200631306,11:35:26.200,123.3700,35
41733194920967,11:35:33.194,123.3100,100
41794836429890,11:36:34.836,123.2600,4
41794836429890,11:36:34.836,123.2600,91
41794836436739,11:36:34.836,123.2600,9
41794836436739,11:36:34.836,123.2600,50
41794836441071,11:36:34.836,123.2600,50
41799848287766,11:36:39.848,123.2800,100
41799848594227,11:36:39.848,123.2900,100
41813276159607,11:36:53.276,123.2400,100
41887451647083,11:38:07.451,123.1900,37
41887451647083,11:38:07.451,123.1900,63
41887451969867,11:38:07.451,123.1900,37
41887451969867,11:38:07.451,123.1900,30
41948583547420,11:39:08.583,123.1800,54
41948583568072,11:39:08.583,123.1800,26
41948583573836,11:39:08.583,123.1800,20
41991061155277,11:39:51.061,123.1400,4
41993740734472,11:39:53.740,123.1100,100
42004022379472,11:40:04.022,123.1700,100
42004022379472,11:40:04.022,123.1700,100
42004022379472,11:40:04.022,123.1700,200
42004022646774,11:40:04.022,123.1900,77
42004022835578,11:40:04.022,123.1900,4
42004023885822,11:40:04.023,123.1900,19
42004023927844,11:40:04.023,123.2100,100
42021736622681,11:40:21.736,123.2200,100
42038081402723,11:40:38.081,123.2000,1
42038081654064,11:40:38.081,123.2000,1
42038081654696,11:40:38.081,123.2000,1
42038081685426,11:40:38.081,123.2000,1
42038082518155,11:40:38.082,123.2000,1
42038082522063,11:40:38.082,123.2000,1
42038082575908,11:40:38.082,123.2000,1
42038082580302,11:40:38.082,123.2000,1
42038082668097,11:40:38.082,123.2000,1
42038082708265,11:40:38.082,123.2000,1
42038082729738,11:40:38.082,123.2000,4
42038083145617,11:40:38.083,123.2000,4
42038083834945,11:40:38.083,123.2000,101
42038084504513,11:40:38.084,123.2000,1
42048084689817,11:40:48.084,123.2300,100
42048084719152,11:40:48.084,123.2300,100
42070370095981,11:41:10.370,123.2700,100
42071163385739,11:41:11.163,123.3500,100
42071286974953,11:41:11.286,123.3500,100
42072815171789,11:41:12.815,123.3800,100
42072815550641,11:41:12.815,123.3700,1
42126025855235,11:42:06.025,123.4300,100
42126025855235,11:42:06.025,123.4200,100
42126026303137,11:42:06.026,123.4100,3
42127798355792,11:42:07.798,123.3700,100
42127802674771,11:42:07.802,123.3600,100
42127802733863,11:42:07.802,123.3700,10
42133032995043,11:42:13.032,123.4200,54
42133033019246,11:42:13.033,123.4200,46
42133033039328,11:42:13.033,123.4200,46
42133033078523,11:42:13.033,123.4200,54
42133033507178,11:42:13.033,123.4200,100
42157177502099,11:42:37.177,123.4000,5
42157177502099,11:42:37.177,123.4000,100
42196052404988,11:43:16.052,123.4400,77
42196052413267,11:43:16.052,123.4400,23
42196052413267,11:43:16.052,123.4400,36
42196052436157,11:43:16.052,123.4400,64
42202578357235,11:43:22.578,123.4500,100
42202578374238,11:43:22.578,123.4500,100
42209972545092,11:43:29.972,123.4300,14
42209973225072,11:43:29.973,123.4200,100
42247902280267,11:44:07.902,123.3900,100
42247902318957,11:44:07.902,123.3900,4
42251221493430,11:44:11.221,123.4600,100
42251221493430,11:44:11.221,123.4700,100
42251221538849,11:44:11.221,123.4700,100
42251221895074,11:44:11.221,123.4700,4
42251223047647,11:44:11.223,123.4700,96
42251253534772,11:44:11.253,123.4800,100
42275176694027,11:44:35.176,123.5800,100
42275177007230,11:44:35.177,123.5800,100
42301082929388,11:45:01.082,123.6300,100
42378506877422,11:46:18.506,123.6500,100
42378506906360,11:46:18.506,123.6500,100
42401633119757,11:46:41.633,123.6300,100
42401633150619,11:46:41.633,123.6300,100
42401633150619,11:46:41.633,123.6300,100
42401634084426,11:46:41.634,123.6100,5
42416264463153,11:46:56.264,123.5900,2
42416264463153,11:46:56.264,123.5900,52
42416264516393,11:46:56.264,123.5900,48
42416264516393,11:46:56.264,123.5900,3
42443079396894,11:47:23.079,123.6800,50
42551476387014,11:49:11.476,123.6800,4
42551476392473,11:49:11.476,123.6800,59
42551476407207,11:49:11.476,123.6800,37
42552102678380,11:49:12.102,123.7200,100
42552105230664,11:49:12.105,123.7400,100
42552105313811,11:49:12.105,123.7500,6
42552105338212,11:49:12.105,123.7500,14
42579370222683,11:49:39.370,123.7900,100
42607702599210,11:50:07.702,123.7400,100
42607702599210,11:50:07.702,123.7400,3
42607702635812,11:50:07.702,123.7300,14
42607703276261,11:50:07.703,123.7300,100
42612287795449,11:50:12.287,123.7100,100
42612287845498,11:50:12.287,123.7000,2
42646830819268,11:50:46.830,123.6900,34
42646830864955,11:50:46.830,123.6900,66
42646831024110,11:50:46.831,123.6800,77
42646831044983,11:50:46.831,123.6800,23
42691526994319,11:51:31.526,123.6500,36
42691527042269,11:51:31.527,123.6500,64
42691527042269,11:51:31.527,123.6400,32
42691527042269,11:51:31.527,123.6300,25
42691527042269,11:51:31.527,123.6300,4
42691527071686,11:51:31.527,123.6300,96
42691527074456,11:51:31.527,123.6300,10
42691527623385,11:51:31.527,123.6200,2
42738907949711,11:52:18.907,123.6400,54
42738907986665,11:52:18.907,123.6400,39
42776166657044,11:52:56.166,123.5800,3
42776166657044,11:52:56.166,123.5800,100
42776166657044,11:52:56.166,123.5800,100
42776166657044,11:52:56.166,123.5800,100
42776166775355,11:52:56.166,123.5800,100
42793415674789,11:53:13.415,123.6000,1
42793415778019,11:53:13.415,123.6100,100
42793415778019,11:53:13.415,123.6100,16
42793415805940,11:53:13.415,123.6100,84
42793415818350,11:53:13.415,123.6100,84
42793415829284,11:53:13.415,123.6100,16
42793417477472,11:53:13.417,123.6300,100
42793417477472,11:53:13.417,123.6300,100
42793417875775,11:53:13.417,123.6400,6
42793418022146,11:53:13.418,123.6400,94
42807369091306,11:53:27.369,123.6300,100
42807369117571,11:53:27.369,123.6300,100
42814369708809,11:53:34.369,123.6600,100
42814370302655,11:53:34.370,123.6700,100
42869445128492,11:54:29.445,123.6100,4
42883962165029,11:54:43.962,123.6000,39
42883962168989,11:54:43.962,123.6000,59
42883962196035,11:54:43.962,123.6000,2
42883962196035,11:54:43.962,123.6000,100
42883962196035,11:54:43.962,123.6000,100
42883962196035,11:54:43.962,123.6000,59
42883962204379,11:54:43.962,123.6000,41
42903202257578,11:55:03.202,123.6500,100
42903202262258,11:55:03.202,123.6500,100
42972145002713,11:56:12.145,123.6500,5
42972145002713,11:56:12.145,123.6500,3
42972145002713,11:56:12.145,123.6500,92
42973352967583,11:56:13.352,123.6500,8
42973352967583,11:56:13.352,123.6500,92
42973353010817,11:56:13.353,123.6500,8
42983184985947,11:56:23.184,123.6900,50
43001106406537,11:56:41.106,123.6400,100
43001106406537,11:56:41.106,123.6400,67
43001106527854,11:56:41.106,123.6400,33
43017252034553,11:56:57.252,123.6700,17
43017252069492,11:56:57.252,123.6700,83
43017254887969,11:56:57.254,123.7000,50
43042336839237,11:57:22.336,123.6300,100
43055118098122,11:57:35.118,123.6200,50
43063128536780,11:57:43.128,123.5900,100
43063128657165,11:57:43.128,123.6100,10
43096538257845,11:58:16.538,123.6300,100
43096538257845,11:58:16.538,123.6300,100
43130588896714,11:58:50.588,123.6200,3
43130588896714,11:58:50.588,123.6200,100
43130588896714,11:58:50.588,123.6200,100
43130940107424,11:58:50.940,123.6700,25
43198672789668,11:59:58.672,123.6500,100
43236219598472,12:00:36.219,123.7200,50
43245846778081,12:00:45.846,123.6900,100
43245846778081,12:00:45.846,123.6900,3
43245846778081,12:00:45.846,123.6900,2
43245846778081,12:00:45.846,123.6900,100
43245847306843,12:00:45.847,123.6900,23
43245855250180,12:00:45.855,123.7100,2
43245855346612,12:00:45.855,123.6900,2
43312591850209,12:01:52.591,123.6200,42
43326725219500,12:02:06.725,123.6200,58
43326725219500,12:02:06.725,123.6200,42
43339744394341,12:02:19.744,123.6900,100
43339744394341,12:02:19.744,123.6900,100
43339744394341,12:02:19.744,123.6900,100
43339744394341,12:02:19.744,123.6900,100
43339756104387,12:02:19.756,123.6900,17
43339777301454,12:02:19.777,123.6900,10
43356754692155,12:02:36.754,123.7100,53
43356754894091,12:02:36.754,123.7100,5
43356754909986,12:02:36.754,123.7100,42
43356754992254,12:02:36.754,123.7300,66
43356755169201,12:02:36.755,123.7300,34
43356755169201,12:02:36.755,123.7300,66
43356755182731,12:02:36.755,123.7300,34
43356755182731,12:02:36.755,123.7400,32
43356755238727,12:02:36.755,123.7400,2
43356755272161,12:02:36.755,123.7400,64
43356755308316,12:02:36.755,123.7400,2
43356755403308,12:02:36.755,123.7200,10
43356755403308,12:02:36.755,123.7200,5
43356769164827,12:02:36.769,123.6900,100
43356769192094,12:02:36.769,123.6900,100
43361956373988,12:02:41.956,123.7000,20
43361956373988,12:02:41.956,123.6800,100
43361956373988,12:02:41.956,123.6800,80
43361956435118,12:02:41.956,123.6800,20
43361956440816,12:02:41.956,123.6800,20
43361956466887,12:02:41.956,123.6800,80
43361956466887,12:02:41.956,123.6800,20
43361956567459,12:02:41.956,123.6800,80
43361974538026,12:02:41.974,123.6700,16
43361974565296,12:02:41.974,123.6700,84
43361974565296,12:02:41.974,123.6700,100
43361974565296,12:02:41.974,123.6700,3
43362300782512,12:02:42.300,123.6800,50
43364525372248,12:02:44.525,123.7000,20
43364909040933,12:02:44.909,123.7150,100
43368216137411,12:02:48.216,123.7300,39
43368488327352,12:02:48.488,123.7100,100
43368488390057,12:02:48.488,123.7100,100
43392467167198,12:03:12.467,123.7500,100
43392467167198,12:03:12.467,123.7600,100
43392467226815,12:03:12.467,123.7700,100
43392467226815,12:03:12.467,123.7800,100
43445005492904,12:04:05.005,123.7800,34
43553067374802,12:05:53.067,123.7600,3
43553067374802,12:05:53.067,123.7600,97
43553067400672,12:05:53.067,123.7600,3
43553068225040,12:05:53.068,123.7600,84
43553068316339,12:05:53.068,123.7600,16
43553068364515,12:05:53.068,123.7500,84
43553068393435,12:05:53.068,123.7500,16
43558098185521,12:05:58.098,123.7400,5
43588443852200,12:06:28.443,123.7200,3
43588443852200,12:06:28.443,123.7200,100
43588444073841,12:06:28.444,123.7200,1
43596426910874,12:06:36.426,123.7100,1
43596426910874,12:06:36.426,123.7100,100
43596428689397,12:06:36.428,123.7200,68
43596428695809,12:06:36.428,123.7200,21
43596429367892,12:06:36.429,123.6900,1
43607362511654,12:06:47.362,123.6700,1
43698458727031,12:08:18.458,123.7300,100
43698458727031,12:08:18.458,123.7300,200
43698459561339,12:08:18.459,123.7400,29
43698459609933,12:08:18.459,123.7400,71
43698530391740,12:08:18.530,123.7600,100
43740197537957,12:09:00.197,123.7800,100
43747291783929,12:09:07.291,123.8000,100
43747291829238,12:09:07.291,123.8300,100
43747293474828,12:09:07.293,123.8200,100
43747942391743,12:09:07.942,123.8300,100
43774499163385,12:09:34.499,123.7900,3
43774499163385,12:09:34.499,123.7900,5
43774499192423,12:09:34.499,123.7900,95
43774499192423,12:09:34.499,123.7900,100
43774500334371,12:09:34.500,123.8000,84
43774500346108,12:09:34.500,123.8000,16
43774500461677,12:09:34.500,123.7900,84
43774500496263,12:09:34.500,123.7900,16
43774501376354,12:09:34.501,123.7900,84
43774501413385,12:09:34.501,123.7900,16
43774501416849,12:09:34.501,123.7900,2
43780063178262,12:09:40.063,123.7800,12
43810495515993,12:10:10.495,123.8100,54
43810495539968,12:10:10.495,123.8100,46
43810498512334,12:10:10.498,123.8100,16
43810498875990,12:10:10.498,123.8100,84
43810499224564,12:10:10.499,123.8100,16
43811554326604,12:10:11.554,123.8100,8
43815469005677,12:10:15.469,123.7900,10
43815469005677,12:10:15.469,123.7900,3
43815469005677,12:10:15.469,123.7900,87
43906804579274,12:11:46.804,123.7400,100
43969438058027,12:12:49.438,123.7100,3
43969438058027,12:12:49.438,123.7100,5
44011204130648,12:13:31.204,123.7800,100
44011204161740,12:13:31.204,123.7800,100
44011204161740,12:13:31.204,123.7800,95
44011204164571,12:13:31.204,123.7800,44
44011204167563,12:13:31.204,123.7800,56
44011204167563,12:13:31.204,123.7800,100
44011205817068,12:13:31.205,123.7900,100
44011205817068,12:13:31.205,123.7900,100
44045108169260,12:14:05.108,123.7500,62
44060778341073,12:14:20.778,123.7300,100
44060778341073,12:14:20.778,123.7300,3
44060787591651,12:14:20.787,123.7200,100
44083551171050,12:14:43.551,123.7300,100
44151603177846,12:15:51.603,123.6900,1
44153339499290,12:15:53.339,123.6800,1
44155565450922,12:15:55.565,123.6700,1
44155565450922,12:15:55.565,123.6700,31
44159513275492,12:15:59.513,123.6600,1
44159513275492,12:15:59.513,123.6600,99
44159513407132,12:15:59.513,123.6600,90
44209512980394,12:16:49.512,123.7100,100
44209515729576,12:16:49.515,123.7200,100
44209515849137,12:16:49.515,123.7200,100
44212316933967,12:16:52.316,123.7500,47
44212316961646,12:16:52.316,123.7500,53
44212316965200,12:16:52.316,123.7500,53
44212318018610,12:16:52.318,123.7500,47
44212318018610,12:16:52.318,123.7500,53
44218486178785,12:16:58.486,123.7600,100
44258621375934,12:17:38.621,123.7900,100
44270589470820,12:17:50.589,123.7900,70
44271139393027,12:17:51.139,123.7800,4
44271139393027,12:17:51.139,123.7800,5
44271139999401,12:17:51.139,123.7700,54
44287552189563,12:18:07.552,123.7700,4
44329458480579,12:18:49.458,123.7400,70
44330091503548,12:18:50.091,123.6900,51
44330497418064,12:18:50.497,123.6900,49
44332088749476,12:18:52.088,123.6900,100
44343638967152,12:19:03.638,123.6900,100
44346748108015,12:19:06.748,123.6700,25
44391235594046,12:19:51.235,123.6600,1
44391235594046,12:19:51.235,123.6600,41
44394248539881,12:19:54.248,123.6400,1
44394248993413,12:19:54.248,123.6300,1
44394723956080,12:19:54.723,123.6100,1
44396846006303,12:19:56.846,123.5900,1
44396846006303,12:19:56.846,123.5900,99
44396846045598,12:19:56.846,123.5900,1
44440452482227,12:20:40.452,123.5700,1
44440452482227,12:20:40.452,123.5500,1
44440452599099,12:20:40.452,123.5500,100
44470805909396,12:21:10.805,123.5400,1
44470805954077,12:21:10.805,123.5300,5
44470805954077,12:21:10.805,123.5300,16
44505041197978,12:21:45.041,123.5300,84
44505041197978,12:21:45.041,123.5200,1
44505041197978,12:21:45.041,123.5200,15
44505042468233,12:21:45.042,123.5200,85
44536111675455,12:22:16.111,123.5500,31
44536111713751,12:22:16.111,123.5500,69
44536111713751,12:22:16.111,123.5500,100
44536111713751,12:22:16.111,123.5500,200
44536113295552,12:22:16.113,123.5700,100
44536245005743,12:22:16.245,123.5700,100
44536245005743,12:22:16.245,123.5700,100
44536245107787,12:22:16.245,123.5800,100
44536245107787,12:22:16.245,123.5800,100
44536245143150,12:22:16.245,123.5900,100
44536245143150,12:22:16.245,123.5900,100
44551204481858,12:22:31.204,123.6600,3
44566506562284,12:22:46.506,123.6100,100
44566506562284,12:22:46.506,123.6100,18
44566507122056,12:22:46.507,123.6100,66
44600241788307,12:23:20.241,123.5900,5
44600241788307,12:23:20.241,123.5900,13
44600241788307,12:23:20.241,123.5900,100
44600244459664,12:23:20.244,123.5700,55
44600270273859,12:23:20.270,123.5700,45
44600270338668,12:23:20.270,123.5600,95
44600270365362,12:23:20.270,123.5600,5
44600886481730,12:23:20.886,123.5500,1
44605276851827,12:23:25.276,123.5800,100
44615297792597,12:23:35.297,123.5700,100
44634285745843,12:23:54.285,123.5400,25
44636313843968,12:23:56.313,123.5400,75
44636313843968,12:23:56.313,123.5400,25
44636313886496,12:23:56.313,123.5400,75
44636313979819,12:23:56.313,123.5300,1
44639242612636,12:23:59.242,123.5200,1
44642452399257,12:24:02.452,123.5000,1
44642452399257,12:24:02.452,123.5000,99
44642454462038,12:24:02.454,123.4800,1
44642454462038,12:24:02.454,123.4700,1
44642454462038,12:24:02.454,123.4600,1
44642454462038,12:24:02.454,123.4600,25
44689076642463,12:24:49.076,123.4500,1
44689077265920,12:24:49.077,123.4400,1
44689117772939,12:24:49.117,123.4400,5
44689117772939,12:24:49.117,123.4400,95
44689117861231,12:24:49.117,123.4400,5
44689117861231,12:24:49.117,123.4400,50
44689119539502,12:24:49.119,123.4300,1
44705563772340,12:25:05.563,123.4500,100
44819138031388,12:26:59.138,123.4900,100
44819138031388,12:26:59.138,123.4900,200
44819138148392,12:26:59.138,123.4900,100
44819139164172,12:26:59.139,123.5000,17
44819161900174,12:26:59.161,123.5000,83
44821196065151,12:27:01.196,123.5150,46
44834860141498,12:27:14.860,123.4800,5
44834860141498,12:27:14.860,123.4800,56
44880917609463,12:28:00.917,123.5400,11
44880917609966,12:28:00.917,123.5400,35
44880917641202,12:28:00.917,123.5400,54
44880919091271,12:28:00.919,123.5400,100
44931934070180,12:28:51.934,123.5200,4
44931934070180,12:28:51.934,123.5200,96
44931934114387,12:28:51.934,123.5200,4
44931934137412,12:28:51.934,123.5200,54
44931934580379,12:28:51.934,123.5200,37
44931934587876,12:28:51.934,123.5200,16
44938424935777,12:28:58.424,123.5100,100
44948477490858,12:29:08.477,123.5000,24
44950910284998,12:29:10.910,123.4800,100
44965084303702,12:29:25.084,123.5100,100
44980829587739,12:29:40.829,123.5300,6
44980829619102,12:29:40.829,123.5300,94
44980829619102,12:29:40.829,123.5300,100
44980829619102,12:29:40.829,123.5300,100
44980829619102,12:29:40.829,123.5300,100
44980831715201,12:29:40.831,123.5500,9
44980831845394,12:29:40.831,123.5500,9
44980831939583,12:29:40.831,123.5500,9
44980832568603,12:29:40.832,123.5500,3
44995707626407,12:29:55.707,123.5500,100
44995709089587,12:29:55.709,123.5800,100
45028175455081,12:30:28.175,123.5400,100
45036146480055,12:30:36.146,123.5200,9
45036146480055,12:30:36.146,123.5200,91
45042351504336,12:30:42.351,123.5200,9
45042351660055,12:30:42.351,123.5100,4
45044117635158,12:30:44.117,123.5100,100
45044118260652,12:30:44.118,123.5100,600
45044118260652,12:30:44.118,123.5000,400
45044118301461,12:30:44.118,123.5000,600
45081139122011,12:31:21.139,123.4800,100
45082185555599,12:31:22.185,123.4700,2
45082185555599,12:31:22.185,123.4700,100
45082185555599,12:31:22.185,123.4700,8
45082185555599,12:31:22.185,123.4700,33
45082185555599,12:31:22.185,123.4700,2
45082185588060,12:31:22.185,123.4600,2
45082185588060,12:31:22.185,123.4600,8
45082185598703,12:31:22.185,123.4500,2
45082185598703,12:31:22.185,123.4500,3
45082197047566,12:31:22.197,123.4400,1
45126614549638,12:32:06.614,123.4500,5
45126614607767,12:32:06.614,123.4500,20
45126614607767,12:32:06.614,123.4400,85
45126614826978,12:32:06.614,123.4400,15
45126614826978,12:32:06.614,123.4400,5
45126616343883,12:32:06.616,123.4300,2
45126616343883,12:32:06.616,123.4300,8
45136539227570,12:32:16.539,123.4200,100
45137031108311,12:32:17.031,123.4100,2
45137031108311,12:32:17.031,123.4100,8
45138303512340,12:32:18.303,123.4000,30
45138303512340,12:32:18.303,123.3800,1
45138303512340,12:32:18.303,123.3800,1
45138303512340,12:32:18.303,123.3800,3
45144765908286,12:32:24.765,123.3700,1
45144765908286,12:32:24.765,123.3700,1
45144765908286,12:32:24.765,123.3700,8
45146357796673,12:32:26.357,123.3500,1
45146357796673,12:32:26.357,123.3500,1
45146357796673,12:32:26.357,123.3500,98
45146357838261,12:32:26.357,123.3500,2
45146357838261,12:32:26.357,123.3500,3
45146358245853,12:32:26.358,123.3800,10
45146358245853,12:32:26.358,123.3900,100
45146358245853,12:32:26.358,123.4000,100
45146358245853,12:32:26.358,123.4000,200
45146358245853,12:32:26.358,123.4000,100
45155836330490,12:32:35.836,123.4100,100
45155836330490,12:32:35.836,123.4100,23
45155836814900,12:32:35.836,123.4200,100
45215719206166,12:33:35.719,123.3900,33
45215719206166,12:33:35.719,123.3900,67
45215719316564,12:33:35.719,123.3900,33
45215719316564,12:33:35.719,123.3900,79
45215719316564,12:33:35.719,123.3900,5
45215719316564,12:33:35.719,123.3900,95
45215719444424,12:33:35.719,123.3900,5
45239024245116,12:33:59.024,123.3900,100
45263990261814,12:34:23.990,123.3700,4
45266279120084,12:34:26.279,123.3300,1
45266279120084,12:34:26.279,123.3300,1
45266279120084,12:34:26.279,123.3300,8
45266279120084,12:34:26.279,123.3300,40
45266279120084,12:34:26.279,123.3200,2
45266279120084,12:34:26.279,123.3200,8
45266279579075,12:34:26.279,123.3100,1
45266279579075,12:34:26.279,123.3100,100
45266279579075,12:34:26.279,123.3100,1
45266279579075,12:34:26.279,123.3100,98
45267957348134,12:34:27.957,123.2900,2
45267957348134,12:34:27.957,123.2900,2
45287208450527,12:34:47.208,123.2800,1
45287208450527,12:34:47.208,123.2800,1
45287208450527,12:34:47.208,123.2800,3
45299271049139,12:34:59.271,123.2700,1
45299271049139,12:34:59.271,123.2700,1
45299271049139,12:34:59.271,123.2700,3
45299395245662,12:34:59.395,123.2600,5
45299395245662,12:34:59.395,123.2400,5
45299395245662,12:34:59.395,123.2400,90
45311154539599,12:35:11.154,123.2900,100
45311155219949,12:35:11.155,123.2900,90
45311155219949,12:35:11.155,123.3000,100
45311155219949,12:35:11.155,123.3000,10
45311155247681,12:35:11.155,123.3000,90
45311157590745,12:35:11.157,123.3100,100
45311157740417,12:35:11.157,123.3100,5
45311157764149,12:35:11.157,123.3100,95
45352161568166,12:35:52.161,123.3100,48
45352161614785,12:35:52.161,123.3100,52
45352161614785,12:35:52.161,123.3100,35
45352161614785,12:35:52.161,123.3100,13
45352161655463,12:35:52.161,123.3100,87
45352161655463,12:35:52.161,123.3100,4
45372160423485,12:36:12.160,123.3000,1
45372261776166,12:36:12.261,123.3000,1
45374276048449,12:36:14.276,123.3000,3
45374428566019,12:36:14.428,123.2800,100
45374428612219,12:36:14.428,123.2800,7
45381326534360,12:36:21.326,123.2600,20
45393389564536,12:36:33.389,123.2300,2
45397752091071,12:36:37.752,123.2200,1
45397754653311,12:36:37.754,123.2100,1
45397754653311,12:36:37.754,123.2100,1
45443218738521,12:37:23.218,123.2500,100
45443218766097,12:37:23.218,123.2500,100
45443218766097,12:37:23.218,123.2500,100
45443218887410,12:37:23.218,123.2500,100
45443220754796,12:37:23.220,123.2800,100
45443249394534,12:37:23.249,123.2900,6
45541906214584,12:39:01.906,123.3100,200
45541906879348,12:39:01.906,123.3200,100
45607537085277,12:40:07.537,123.4100,51
45613458868278,12:40:13.458,123.4100,2
45631323687976,12:40:31.323,123.3600,100
45631323687976,12:40:31.323,123.3600,2
45631323687976,12:40:31.323,123.3600,100
45631323998023,12:40:31.323,123.3500,5
45637210966869,12:40:37.210,123.3000,100
45680062037288,12:41:20.062,123.2800,2
45680062180044,12:41:20.062,123.2600,32
45680062180044,12:41:20.062,123.2600,68
45680062348039,12:41:20.062,123.2600,2
45680452448846,12:41:20.452,123.2600,30
45680452448846,12:41:20.452,123.2500,2
45691361187315,12:41:31.361,123.2300,2
45708542626280,12:41:48.542,123.2200,2
45708542626280,12:41:48.542,123.2200,174
45708544649755,12:41:48.544,123.2100,2
45708545000501,12:41:48.545,123.2000,25
45708567297524,12:41:48.567,123.2000,130
45708567306817,12:41:48.567,123.2000,45
45708567363830,12:41:48.567,123.1900,2
45710912543091,12:41:50.912,123.1800,1
45710912543091,12:41:50.912,123.1800,1
45714161228040,12:41:54.161,123.1500,1
45714161228040,12:41:54.161,123.1500,1
45714161228040,12:41:54.161,123.1500,98
45724929321271,12:42:04.929,123.1400,2
45726188565020,12:42:06.188,123.1200,1
45726188565020,12:42:06.188,123.1200,4
45726188597154,12:42:06.188,123.1100,5
45726188597154,12:42:06.188,123.1100,5
45732891803812,12:42:12.891,123.1000,2
45732891803812,12:42:12.891,123.1000,2
45732892212142,12:42:12.892,123.0900,2
45740598086942,12:42:20.598,123.0800,2
45740598086942,12:42:20.598,123.0700,1
45740598086942,12:42:20.598,123.0700,34
45740598086942,12:42:20.598,123.0700,63
45764308711777,12:42:44.308,123.1300,100
45764308711777,12:42:44.308,123.1300,100
45764366291723,12:42:44.366,123.1600,49
45764366333868,12:42:44.366,123.1600,51
45773136790680,12:42:53.136,123.1600,100
45829935582450,12:43:49.935,123.1100,100
45829965946146,12:43:49.965,123.0900,200
45843962119159,12:44:03.962,123.0600,2
45843962181445,12:44:03.962,123.0500,1
45843962429790,12:44:03.962,123.0400,2
45843962429790,12:44:03.962,123.0400,46
45843962596966,12:44:03.962,123.0400,100
45843962947452,12:44:03.962,123.0400,3
45843963321655,12:44:03.963,123.0400,51
45843963321655,12:44:03.963,123.0400,5
45843968367005,12:44:03.968,123.0300,2
45843968367005,12:44:03.968,123.0300,14
45843972549720,12:44:03.972,123.0300,100
45843975143682,12:44:03.975,123.0300,16
45901482852112,12:45:01.482,123.0900,100
45901482852112,12:45:01.482,123.0900,100
45903637929185,12:45:03.637,123.1200,100
45905629307273,12:45:05.629,123.1800,100
45905629307273,12:45:05.629,123.1700,68
45909208778116,12:45:09.208,123.1700,25
45910107275268,12:45:10.107,123.1700,124
45967610602185,12:46:07.610,123.2000,4
45967610602185,12:46:07.610,123.2000,6
45967610602185,12:46:07.610,123.2000,100
46033548582925,12:47:13.548,123.1800,5
46033548609369,12:47:13.548,123.1800,10
46044793099866,12:47:24.793,123.2000,33
46044793127608,12:47:24.793,123.2000,67
46044793953818,12:47:24.793,123.2100,54
46044794014664,12:47:24.794,123.2100,146
46044796599821,12:47:24.796,123.2000,52
46044796616795,12:47:24.796,123.2000,48
46044837308291,12:47:24.837,123.2200,100
46044857804146,12:47:24.857,123.2200,16
46065035111840,12:47:45.035,123.2300,41
46065035428222,12:47:45.035,123.2300,46
46065035466636,12:47:45.035,123.2300,54
46070019499557,12:47:50.019,123.2200,41
46249226465204,12:50:49.226,123.2800,10
46297077322111,12:51:37.077,123.2300,100
46336882958405,12:52:16.882,123.2200,100
46341816235637,12:52:21.816,123.2300,3
46341816262159,12:52:21.816,123.2300,97
46341816262159,12:52:21.816,123.2300,100
46348632396814,12:52:28.632,123.2800,90
46399667884184,12:53:19.667,123.3200,87
46399667915727,12:53:19.667,123.3200,13
46415255885255,12:53:35.255,123.3300,100
46428774122674,12:53:48.774,123.2800,100
46428774122674,12:53:48.774,123.2800,4
46428774138705,12:53:48.774,123.2800,46
46444659102435,12:54:04.659,123.2600,77
46444659700351,12:54:04.659,123.2600,8
46444659741250,12:54:04.659,123.2600,15
46444659741250,12:54:04.659,123.2600,4
46451018189554,12:54:11.018,123.2300,2
46451018189554,12:54:11.018,123.2300,98
46454089126378,12:54:14.089,123.2300,2
46470988595112,12:54:30.988,123.2100,2
46476271386372,12:54:36.271,123.2000,5
46476271386372,12:54:36.271,123.2000,95
46482739704445,12:54:42.739,123.1900,2
46482739704445,12:54:42.739,123.1900,98
46525259034723,12:55:25.259,123.1900,2
46525270730091,12:55:25.270,123.1700,2
46525270730091,12:55:25.270,123.1700,98
46534364795138,12:55:34.364,123.1700,2
46534364795138,12:55:34.364,123.1600,2
46535022222587,12:55:35.022,123.1500,2
46536246732456,12:55:36.246,123.1400,2
46536246732456,12:55:36.246,123.1300,2
46536246732456,12:55:36.246,123.1300,2
46536246732456,12:55:36.246,123.1300,94
46543913799677,12:55:43.913,123.1200,2
46569195696850,12:56:09.195,123.1700,100
46569195721632,12:56:09.195,123.1700,100
46569196665159,12:56:09.196,123.1800,100
46569207614941,12:56:09.207,123.2300,100
46569208096076,12:56:09.208,123.2300,100
46607273943707,12:56:47.273,123.2000,100
46614244090630,12:56:54.244,123.1900,100
46614244120988,12:56:54.244,123.1900,4
46614244120988,12:56:54.244,123.1900,39
46614264559441,12:56:54.264,123.2300,58
46614276739299,12:56:54.276,123.2300,13
46722258115039,12:58:42.258,123.1500,100
46722258115039,12:58:42.258,123.1500,100
46727905458350,12:58:47.905,123.1500,100
46727905581269,12:58:47.905,123.1500,3
46727905581269,12:58:47.905,123.1500,38
46729209230231,12:58:49.209,123.1600,100
46735392484798,12:58:55.392,123.1800,100
46735412945538,12:58:55.412,123.1900,100
46799251299502,12:59:59.251,123.1800,100
46799251677630,12:59:59.251,123.1900,100
46799251677630,12:59:59.251,123.1900,19
46799251677630,12:59:59.251,123.1900,100
46801682116337,13:00:01.682,123.2500,70
46804357591540,13:00:04.357,123.2100,3
46804357591540,13:00:04.357,123.2100,197
46810105478672,13:00:10.105,123.2100,3
46810105509652,13:00:10.105,123.2100,20
46810105509652,13:00:10.105,123.2000,180
46810106157615,13:00:10.106,123.2000,83
46878241128898,13:01:18.241,123.1300,2
46878241128898,13:01:18.241,123.1300,98
46878241523531,13:01:18.241,123.1300,102
46985983712962,13:03:05.983,123.2000,100
46985983816429,13:03:05.983,123.2000,100
46985983940615,13:03:05.983,123.2000,100
47014669267263,13:03:34.669,123.2000,4
47014669267263,13:03:34.669,123.2000,25
47014670919824,13:03:34.670,123.2000,75
47032567075890,13:03:52.567,123.1700,8
47057286176120,13:04:17.286,123.1400,4
47057286176120,13:04:17.286,123.1400,36
47057286176120,13:04:17.286,123.1400,7
47057286176120,13:04:17.286,123.1400,53
47057286345255,13:04:17.286,123.1400,17
47058412838594,13:04:18.412,123.1300,100
47058433825962,13:04:18.433,123.1200,2
47058433882223,13:04:18.433,123.1200,2
47058434202021,13:04:18.434,123.1200,2
47058454374857,13:04:18.454,123.1200,26
47058454374857,13:04:18.454,123.1100,2
47058467858688,13:04:18.467,123.1000,2
47058468162928,13:04:18.468,123.0900,100
47058468162928,13:04:18.468,123.0900,2
47060504277391,13:04:20.504,123.0800,1
47065479041458,13:04:25.479,123.0700,2
47065479052426,13:04:25.479,123.0600,94
47065479355023,13:04:25.479,123.0600,6
47075449542891,13:04:35.449,123.0600,100
47080259951563,13:04:40.259,123.0700,100
47116610057852,13:05:16.610,123.1200,48
47116610216128,13:05:16.610,123.1200,52
47116610260643,13:05:16.610,123.1200,52
47116610296262,13:05:16.610,123.1200,48
47116611257996,13:05:16.611,123.1300,100
47116629931319,13:05:16.629,123.1450,100
47116629931319,13:05:16.629,123.1450,100
47135847856512,13:05:35.847,123.1550,100
47135847866925,13:05:35.847,123.1600,70
47135848092943,13:05:35.848,123.1600,30
47210854828827,13:06:50.854,123.2200,100
47210854859748,13:06:50.854,123.2200,200
47233052765854,13:07:13.052,123.2600,100
47233052865513,13:07:13.052,123.2600,100
47245428139792,13:07:25.428,123.2300,8
47260437067860,13:07:40.437,123.1700,4
47270261474332,13:07:50.261,123.1600,52
47270261493259,13:07:50.261,123.1600,16
47270261533730,13:07:50.261,123.1600,32
47270261533730,13:07:50.261,123.1500,15
47279019273094,13:07:59.019,123.1500,28
47279019299656,13:07:59.019,123.1500,9
47286107756978,13:08:06.107,123.1400,2
47295639635712,13:08:15.639,123.1300,2
47305208690261,13:08:25.208,123.1700,57
47344490884099,13:09:04.490,123.1900,100
47345594368485,13:09:05.594,123.1900,3
47345594368485,13:09:05.594,123.1900,4
47345594368485,13:09:05.594,123.1900,1
47348062675340,13:09:08.062,123.2100,100
47348119790012,13:09:08.119,123.2200,100
47444780128691,13:10:44.780,123.2100,100
47444780128691,13:10:44.780,123.1900,4
47444780128691,13:10:44.780,123.1900,12
47444780237142,13:10:44.780,123.1900,100
47444780237142,13:10:44.780,123.1900,16
47444780255888,13:10:44.780,123.1900,84
47445766061214,13:10:45.766,123.1900,100
47445767228886,13:10:45.767,123.2000,100
47445768339946,13:10:45.768,123.2100,100
47449935513490,13:10:49.935,123.2500,100
47449935513490,13:10:49.935,123.2500,100
47461678063585,13:11:01.678,123.2800,100
47461678497593,13:11:01.678,123.2900,100
47461701249030,13:11:01.701,123.3000,100
47545451999360,13:12:25.451,123.3300,100
47660199721121,13:14:20.199,123.3200,100
47660199721121,13:14:20.199,123.3200,3
47660200000960,13:14:20.200,123.3200,19
47681268822838,13:14:41.268,123.3200,100
47681269459575,13:14:41.269,123.3300,51
47681269485604,13:14:41.269,123.3300,49
47681270825740,13:14:41.270,123.3500,100
47688592769194,13:14:48.592,123.3300,66
47688592769194,13:14:48.592,123.3300,8
47691777475267,13:14:51.777,123.3100,100
47691777475267,13:14:51.777,123.3100,100
47691777475267,13:14:51.777,123.3100,100
47691808517146,13:14:51.808,123.3000,100
47691808570229,13:14:51.808,123.2800,100
47705683336235,13:15:05.683,123.2400,1
47705683339945,13:15:05.683,123.2400,1
47723270269739,13:15:23.270,123.2100,2
47723270277272,13:15:23.270,123.2000,44
47723641990349,13:15:23.641,123.2000,56
47723641990349,13:15:23.641,123.2000,44
47723642020520,13:15:23.642,123.2000,56
47768252073362,13:16:08.252,123.1900,2
47768252073362,13:16:08.252,123.1900,98
47864814004190,13:17:44.814,123.1900,2
47864814004190,13:17:44.814,123.1900,4
47925809101127,13:18:45.809,123.2400,16
47925809101127,13:18:45.809,123.2400,84
47925809131467,13:18:45.809,123.2400,16
47925810811264,13:18:45.810,123.2500,100
47925811153491,13:18:45.811,123.2600,100
47925812452493,13:18:45.812,123.2600,54
47925812477056,13:18:45.812,123.2600,46
47925813092289,13:18:45.813,123.2600,100
47927489698454,13:18:47.489,123.2800,100
47928169160415,13:18:48.169,123.2800,95
47934234543402,13:18:54.234,123.2800,100
47941378269287,13:19:01.378,123.2600,4
48011293145576,13:20:11.293,123.2500,7
48011295544476,13:20:11.295,123.2500,4
48018669082030,13:20:18.669,123.2100,10
48036496304141,13:20:36.496,123.2600,4
48036498045755,13:20:36.498,123.2900,100
48036498045755,13:20:36.498,123.2900,100
48036498374637,13:20:36.498,123.2900,100
48036498690276,13:20:36.498,123.2700,96
48036498715263,13:20:36.498,123.2700,4
48064672313355,13:21:04.672,123.2700,15
48108511418983,13:21:48.511,123.2600,96
48108511423181,13:21:48.511,123.2600,4
48114622551037,13:21:54.622,123.2900,15
48146726451005,13:22:26.726,123.2400,4
48146726464044,13:22:26.726,123.2400,4
48146726627357,13:22:26.726,123.2400,4
48191498454546,13:23:11.498,123.2600,43
48191499165290,13:23:11.499,123.2700,100
48191499214518,13:23:11.499,123.2900,8
48192315107679,13:23:12.315,123.2900,6
48291856619172,13:24:51.856,123.2400,3
48291856619172,13:24:51.856,123.2400,92
48297148695187,13:24:57.148,123.2500,100
48297149342251,13:24:57.149,123.2800,100
48365030359912,13:26:05.030,123.2900,15
48365030359912,13:26:05.030,123.2900,6
48365031419341,13:26:05.031,123.3000,100
48365078409803,13:26:05.078,123.3300,100
48372669816248,13:26:12.669,123.3100,4
48372669816248,13:26:12.669,123.3100,100
48378366598856,13:26:18.366,123.2600,100
48448251158297,13:27:28.251,123.2100,3
48448251196407,13:27:28.251,123.2100,18
48488543969807,13:28:08.543,123.1900,24
48488543969807,13:28:08.543,123.1900,4
48497671794230,13:28:17.671,123.2400,100
48497671830494,13:28:17.671,123.2400,95
48497671845820,13:28:17.671,123.2400,5
48497671857575,13:28:17.671,123.2400,5
48497671878473,13:28:17.671,123.2400,5
48497671878473,13:28:17.671,123.2400,10
48497671878473,13:28:17.671,123.2400,80
48497673519631,13:28:17.673,123.2500,22
48497673554319,13:28:17.673,123.2500,54
48497673557035,13:28:17.673,123.2500,24
48497673557035,13:28:17.673,123.2500,54
48497673563280,13:28:17.673,123.2500,7
48497673614029,13:28:17.673,123.2500,39
48498975368894,13:28:18.975,123.2700,1
48498975394819,13:28:18.975,123.2700,99
48665716925027,13:31:05.716,123.2800,2
48695530446020,13:31:35.530,123.3000,4
48695530446020,13:31:35.530,123.3000,96
48695530487716,13:31:35.530,123.3000,4
48695530487716,13:31:35.530,123.3000,100
48695560732324,13:31:35.560,123.3000,54
48696775077063,13:31:36.775,123.3000,4
48705731713615,13:31:45.731,123.2900,100
48720007684961,13:32:00.007,123.3100,100
48720007746087,13:32:00.007,123.3200,100
48720007774493,13:32:00.007,123.3200,12
48720009677522,13:32:00.009,123.3300,100
48753752788397,13:32:33.752,123.3100,4
48805697967658,13:33:25.697,123.3100,24
48812249879515,13:33:32.249,123.3100,76
48812249879515,13:33:32.249,123.3100,24
48828508369120,13:33:48.508,123.3100,100
48828508407634,13:33:48.508,123.3100,10
48828508407634,13:33:48.508,123.3100,12
48895454903721,13:34:55.454,123.2900,14
48895454903721,13:34:55.454,123.2800,4
48895454903721,13:34:55.454,123.2800,82
48895454983599,13:34:55.454,123.2800,18
48895454983599,13:34:55.454,123.2800,11
48916254426442,13:35:16.254,123.2700,8
48964759476599,13:36:04.759,123.2600,12
48964759476599,13:36:04.759,123.2500,100
48964759476599,13:36:04.759,123.2500,10
48964759509164,13:36:04.759,123.2500,8
48964759509164,13:36:04.759,123.2500,4
48990001266323,13:36:30.001,123.2700,100
48990001266323,13:36:30.001,123.2700,100
48990001266323,13:36:30.001,123.2700,100
48990001266323,13:36:30.001,123.2700,11
48990003537304,13:36:30.003,123.3000,4
48990004069424,13:36:30.004,123.3000,96
48990004069424,13:36:30.004,123.3100,100
48990004069424,13:36:30.004,123.3100,4
49019250685468,13:36:59.250,123.3600,50
49319159035659,13:41:59.159,123.3400,100
49319159035659,13:41:59.159,123.3400,100
49319159035659,13:41:59.159,123.3400,3
49319159040546,13:41:59.159,123.3400,18
49319159605781,13:41:59.159,123.3400,52
49335272854208,13:42:15.272,123.3400,4
49335273691455,13:42:15.273,123.3400,100
49335273931848,13:42:15.273,123.3300,75
49335273967490,13:42:15.273,123.3300,25
49364038868459,13:42:44.038,123.3100,25
49364038868459,13:42:44.038,123.3100,100
49365177537299,13:42:45.177,123.3300,100
49365177537299,13:42:45.177,123.3300,100
49365183230805,13:42:45.183,123.3500,54
49423785842317,13:43:43.785,123.3600,100
49423785873071,13:43:43.785,123.3700,100
49423787895888,13:43:43.787,123.3900,100
49423793099165,13:43:43.793,123.4000,100
49423793195065,13:43:43.793,123.4000,100
49423793203438,13:43:43.793,123.4000,100
49423793411753,13:43:43.793,123.4000,100
49441971116091,13:44:01.971,123.3600,13
49441990627951,13:44:01.990,123.3500,100
49460621401412,13:44:20.621,123.3400,100
49460621861077,13:44:20.621,123.3400,3
49460621861077,13:44:20.621,123.3400,22
49460622109884,13:44:20.622,123.3400,78
49462256471107,13:44:22.256,123.3100,100
49470101925136,13:44:30.101,123.3100,49
49491815020842,13:44:51.815,123.2900,10
49491815105320,13:44:51.815,123.2800,1
49501280930619,13:45:01.280,123.2700,100
49501288181414,13:45:01.288,123.2600,1
49501299521084,13:45:01.299,123.2500,100
49501299580096,13:45:01.299,123.2500,100
49501872195297,13:45:01.872,123.2500,100
49501872484674,13:45:01.872,123.2500,100
49513875590098,13:45:13.875,123.2300,100
49572865663389,13:46:12.865,123.2700,100
49572865663389,13:46:12.865,123.2700,100
49591310378735,13:46:31.310,123.2500,100
49591310402696,13:46:31.310,123.2500,4
49680360803528,13:48:00.360,123.2200,17
49680360803528,13:48:00.360,123.2100,27
49771788803706,13:49:31.788,123.2100,10
49832272157819,13:50:32.272,123.2100,16
49832272157819,13:50:32.272,123.2100,8
49832272157819,13:50:32.272,123.2100,6
49835070933447,13:50:35.070,123.2000,100
49835070933447,13:50:35.070,123.2000,100
49835070980566,13:50:35.070,123.2000,4
49835071572819,13:50:35.071,123.2100,70
49862976115091,13:51:02.976,123.2300,500
49862976120171,13:51:02.976,123.2300,500
49862976120171,13:51:02.976,123.2300,100
49862976120171,13:51:02.976,123.2300,100
49862976120171,13:51:02.976,123.2300,44
49862976133835,13:51:02.976,123.2300,56
49862979375229,13:51:02.979,123.2500,100
49862979402819,13:51:02.979,123.2500,100
49862979412097,13:51:02.979,123.2500,100
49862979419522,13:51:02.979,123.2500,54
49862979979705,13:51:02.979,123.2500,1
49889912208568,13:51:29.912,123.2200,100
49889912208568,13:51:29.912,123.2200,20
49976744473389,13:52:56.744,123.2500,29
49976744495271,13:52:56.744,123.2500,100
49976744524990,13:52:56.744,123.2500,71
49976746635404,13:52:56.746,123.2600,100
49983684537993,13:53:03.684,123.2700,20
49983685931524,13:53:03.685,123.2700,80
50058828349553,13:54:18.828,123.3100,45
50058829127975,13:54:18.829,123.3100,55
50072974036424,13:54:32.974,123.2800,71
50072974036424,13:54:32.974,123.2800,4
50086283589389,13:54:46.283,123.2600,100
50104738022526,13:55:04.738,123.2500,90
50104738061299,13:55:04.738,123.2500,10
50104738061299,13:55:04.738,123.2500,20
50154995001574,13:55:54.995,123.1900,50
50154995164093,13:55:54.995,123.1900,50
50154995164093,13:55:54.995,123.1900,21
50154995573128,13:55:54.995,123.1900,79
50154995573128,13:55:54.995,123.1900,144
50154996420211,13:55:54.996,123.1900,56
50154996420211,13:55:54.996,123.1900,3
50156097018768,13:55:56.097,123.1600,44
50156097061145,13:55:56.097,123.1600,56
50156097061145,13:55:56.097,123.1600,100
50156097061145,13:55:56.097,123.1600,100
50157814068917,13:55:57.814,123.2000,100
50160033804492,13:56:00.033,123.2100,100
50160034532654,13:56:00.034,123.2100,100
50162937938263,13:56:02.937,123.2200,100
50162937938263,13:56:02.937,123.2300,100
50162938172825,13:56:02.938,123.2300,88
50162938211989,13:56:02.938,123.2300,12
50163517583295,13:56:03.517,123.2000,4
50163518946432,13:56:03.518,123.1800,100
50220746090307,13:57:00.746,123.2100,100
50220746090307,13:57:00.746,123.2100,100
50220765311672,13:57:00.765,123.2300,100
50240076445013,13:57:20.076,123.2400,41
50240076625434,13:57:20.076,123.2400,159
50240076869405,13:57:20.076,123.2400,100
50240076869405,13:57:20.076,123.2400,59
50240089234409,13:57:20.089,123.2400,41
50240089234409,13:57:20.089,123.2400,59
50253188519814,13:57:33.188,123.2400,10
50253191247088,13:57:33.191,123.2400,10
50255921317798,13:57:35.921,123.2100,9
50259483770623,13:57:39.483,123.2000,100
50281333652058,13:58:01.333,123.2300,100
50281334144121,13:58:01.334,123.2400,100
50281334198791,13:58:01.334,123.2400,100
50330789876051,13:58:50.789,123.2100,88
50330789884203,13:58:50.789,123.2100,12
50330789884203,13:58:50.789,123.2100,5
50330789884203,13:58:50.789,123.2100,26
50330789904530,13:58:50.789,123.2100,74
50330789904530,13:58:50.789,123.2100,36
50330789911339,13:58:50.789,123.2100,33
50330789915923,13:58:50.789,123.2100,8
50330789918414,13:58:50.789,123.2100,23
50330790033601,13:58:50.790,123.2000,100
50363820168623,13:59:23.820,123.2200,100
50401290162255,14:00:01.290,123.2500,72
50401290177569,14:00:01.290,123.2500,28
50401290177569,14:00:01.290,123.2500,72
50401290179376,14:00:01.290,123.2500,28
50401290209986,14:00:01.290,123.2500,8
50402696926350,14:00:02.696,123.2000,20
50402696926350,14:00:02.696,123.1900,8
50402696926350,14:00:02.696,123.1700,72
50402697227168,14:00:02.697,123.1700,28
50402697835390,14:00:02.697,123.1700,54
50402709815590,14:00:02.709,123.2500,200
50402709815590,14:00:02.709,123.2500,92
50402709815590,14:00:02.709,123.2800,100
50402709815590,14:00:02.709,123.2800,8
50402711141659,14:00:02.711,123.2800,41
50402712802923,14:00:02.712,123.2500,200
50402759021716,14:00:02.759,123.1400,100
50402825547578,14:00:02.825,123.2400,100
50405720629530,14:00:05.720,123.2800,80
50405720784961,14:00:05.720,123.2750,100
50405720785857,14:00:05.720,123.2800,171
50405722998450,14:00:05.722,123.3100,100
50405724138175,14:00:05.724,123.3100,100
50405745249661,14:00:05.745,123.3950,2
50405745287891,14:00:05.745,123.3950,2
50405745562634,14:00:05.745,123.3950,2
50405745623072,14:00:05.745,123.3950,2
50405745865670,14:00:05.745,123.3950,2
50405745941355,14:00:05.745,123.3950,2
50405746209152,14:00:05.746,123.3950,2
50408992998599,14:00:08.992,123.6600,100
50408993344959,14:00:08.993,123.6600,75
50408998713458,14:00:08.998,123.6050,30
50408999451918,14:00:08.999,123.6050,30
50409009752863,14:00:09.009,123.6750,40
50409009752863,14:00:09.009,123.7400,60
50409009802297,14:00:09.009,123.7400,40
50409979882247,14:00:09.979,123.7700,25
50412432530760,14:00:12.432,123.7000,100
50412433174411,14:00:12.433,123.6800,100
50412434836584,14:00:12.434,123.6800,10
50413023460237,14:00:13.023,123.8400,100
50413024712087,14:00:13.024,123.8200,100
50413024712087,14:00:13.024,123.8200,100
50413030166254,14:00:13.030,123.8300,100
50413032309476,14:00:13.032,123.8400,100
50413032309476,14:00:13.032,123.8400,69
50413032346208,14:00:13.032,123.8400,25
50413032357006,14:00:13.032,123.8400,6
50413116468340,14:00:13.116,124.0100,100
50413298767275,14:00:13.298,123.8300,40
50413363830743,14:00:13.363,123.8500,200
50413364308428,14:00:13.364,123.8200,40
50415242248840,14:00:15.242,123.8100,20
50415242277478,14:00:15.242,123.8100,100
50415242340787,14:00:15.242,123.7900,100
50417727270647,14:00:17.727,123.7700,15
50421794900037,14:00:21.794,123.8900,15
50422415803282,14:00:22.415,123.8300,86
50422553036293,14:00:22.553,123.8300,14
50422553036293,14:00:22.553,123.8200,1
50422553412850,14:00:22.553,123.8200,14
50423322808542,14:00:23.322,123.6700,15
50423322808542,14:00:23.322,123.6400,85
50423324805935,14:00:23.324,123.6400,15
50423859035251,14:00:23.859,123.5400,15
50429066071280,14:00:29.066,123.6200,5
50442135025610,14:00:42.135,123.6700,100
50442135025610,14:00:42.135,123.6700,100
50442147658404,14:00:42.147,123.6900,54
50442156160148,14:00:42.156,123.6900,40
50442156160148,14:00:42.156,123.7000,60
50446509118273,14:00:46.509,123.5300,41
50446509433087,14:00:46.509,123.5300,2
50447443638185,14:00:47.443,123.4400,1
50448818118949,14:00:48.818,123.5200,100
50448818149398,14:00:48.818,123.5300,100
50448818149398,14:00:48.818,123.5300,70
50448819858258,14:00:48.819,123.5400,93
50448819861798,14:00:48.819,123.5400,7
50458557710221,14:00:58.557,123.6200,100
50459460128479,14:00:59.460,123.6700,70
50459460200208,14:00:59.460,123.6500,58
50459460230057,14:00:59.460,123.6500,12
50459460699765,14:00:59.460,123.6200,58
50459460776800,14:00:59.460,123.6400,58
50459461399884,14:00:59.461,123.6400,42
50463646412859,14:01:03.646,123.7200,200
50464444217174,14:01:04.444,123.7700,200
50465674157981,14:01:05.674,123.8000,100
50465679631739,14:01:05.679,123.7700,5
50466739814327,14:01:06.739,123.6900,14
50471131163552,14:01:11.131,123.5600,40
50471131191958,14:01:11.131,123.5600,60
50471400423830,14:01:11.400,123.4900,100
50471713108592,14:01:11.713,123.5300,100
50471957393067,14:01:11.957,123.6200,70
50472022509808,14:01:12.022,123.6100,41
50472022724008,14:01:12.022,123.6100,41
50472023085535,14:01:12.023,123.6100,41
50472023464241,14:01:12.023,123.6100,36
50474627385130,14:01:14.627,123.6200,100
50474628061060,14:01:14.628,123.6700,100
50478251592520,14:01:18.251,123.6700,80
50478251592520,14:01:18.251,123.6500,17
50499387955882,14:01:39.387,123.6800,85
50499388163098,14:01:39.388,123.6800,15
50499388163098,14:01:39.388,123.6800,100
50500523577800,14:01:40.523,123.7800,100
50534787343533,14:02:14.787,123.5900,100
50534787351346,14:02:14.787,123.5800,40
50534787375368,14:02:14.787,123.5800,160
50534787375368,14:02:14.787,123.5800,100
50534788572629,14:02:14.788,123.5700,5
50537111335975,14:02:17.111,123.4700,1
50537146343444,14:02:17.146,123.5000,100
50537146343444,14:02:17.146,123.5400,100
50537174049322,14:02:17.174,123.5400,1
50537183095724,14:02:17.183,123.5600,100
50537191733701,14:02:17.191,123.6300,100
50538166153013,14:02:18.166,123.5700,3
50538243781701,14:02:18.243,123.5600,3
50538292003499,14:02:18.292,123.5600,1
50538331200452,14:02:18.331,123.5600,2
50552232251599,14:02:32.232,123.6400,80
50552232277213,14:02:32.232,123.6400,40
50552232283828,14:02:32.232,123.6400,80
50552232283828,14:02:32.232,123.6400,40
50552232461773,14:02:32.232,123.6400,120
50552232519533,14:02:32.232,123.6400,5
50552232535194,14:02:32.232,123.6400,75
50552232535194,14:02:32.232,123.6400,25
50552232547989,14:02:32.232,123.6400,3
50552232585316,14:02:32.232,123.6400,69
50552232595549,14:02:32.232,123.6400,63
50572275080327,14:02:52.275,123.6800,100
50572275080327,14:02:52.275,123.6800,100
50608082138857,14:03:28.082,123.7700,100
50608820756216,14:03:28.820,123.8300,22
50609052101066,14:03:29.052,123.7850,100
50609052101066,14:03:29.052,123.8400,200
50609052200413,14:03:29.052,123.8400,100
50609057911489,14:03:29.057,123.8100,100
50609485760211,14:03:29.485,123.8100,100
50609486302259,14:03:29.486,123.8300,100
50609538263697,14:03:29.538,123.8100,100
50609555025045,14:03:29.555,123.8400,100
50612625627029,14:03:32.625,123.7900,35
50612626042867,14:03:32.626,123.7900,19
50612626091722,14:03:32.626,123.7900,2
50612626541010,14:03:32.626,123.7800,19
50612626541010,14:03:32.626,123.7800,9
50633278245635,14:03:53.278,123.9300,100
50651740828700,14:04:11.740,123.9900,100
50652620599622,14:04:12.620,124.0200,200
50670566904660,14:04:30.566,124.0400,78
50670567218496,14:04:30.567,123.9900,100
50687423622529,14:04:47.423,124.1200,100
50687423650781,14:04:47.423,124.1200,100
50687423686375,14:04:47.423,124.1200,100
50687423720294,14:04:47.423,124.1200,49
50687423751319,14:04:47.423,124.1200,51
50687423751319,14:04:47.423,124.1200,49
50687423849934,14:04:47.423,124.1200,200
50687423863579,14:04:47.423,124.1200,10
50687424181957,14:04:47.424,124.1300,100
50695234840269,14:04:55.234,124.1800,1
50699641710518,14:04:59.641,124.2400,51
50699641710518,14:04:59.641,124.2500,48
50732715057161,14:05:32.715,124.2700,100
50799723908651,14:06:39.723,124.1800,2
50799723908651,14:06:39.723,124.1800,98
50862296096688,14:07:42.296,124.2100,100
50862296422725,14:07:42.296,124.2100,41
50876022330548,14:07:56.022,124.1900,19
50876022330548,14:07:56.022,124.1900,12
50876022330548,14:07:56.022,124.1900,88
50878891996834,14:07:58.891,124.1800,1
50878893919541,14:07:58.893,124.1800,1
50890590252489,14:08:10.590,124.2400,8
50890590264868,14:08:10.590,124.2400,81
50890590266609,14:08:10.590,124.2400,11
50890591796017,14:08:10.591,124.2500,100
50890591820552,14:08:10.591,124.2500,100
50890591868219,14:08:10.591,124.2600,2
50890591917779,14:08:10.591,124.2600,100
50901583568564,14:08:21.583,124.1800,10
50936004408919,14:08:56.004,124.2800,33
50936004418058,14:08:56.004,124.2800,67
50936004418058,14:08:56.004,124.2800,53
50936004418850,14:08:56.004,124.2800,11
50936004436563,14:08:56.004,124.2800,36
50936005044189,14:08:56.005,124.2900,37
50936006095337,14:08:56.006,124.2900,100
50936006158807,14:08:56.006,124.2900,63
50944465758483,14:09:04.465,124.3200,100
50944465796224,14:09:04.465,124.3200,100
50965502325868,14:09:25.502,124.3000,2
50965502325868,14:09:25.502,124.3000,61
50965502337415,14:09:25.502,124.3000,39
50965502337415,14:09:25.502,124.3000,81
50965502339040,14:09:25.502,124.3000,19
50971108675893,14:09:31.108,124.3500,300
50971109407250,14:09:31.109,124.3600,100
50971109430255,14:09:31.109,124.3600,100
50971109722285,14:09:31.109,124.3700,100
50971110264146,14:09:31.110,124.3700,27
50971110321231,14:09:31.110,124.3700,27
50971110379570,14:09:31.110,124.3700,19
50971110412827,14:09:31.110,124.3700,8
50971110444559,14:09:31.110,124.3700,11
50971110525179,14:09:31.110,124.3700,8
50979894802321,14:09:39.894,124.3200,63
50979894812551,14:09:39.894,124.3200,37
50979894812551,14:09:39.894,124.3200,3
50979894832601,14:09:39.894,124.3200,79
51016882677128,14:10:16.882,124.3000,32
51018411356731,14:10:18.411,124.2900,1
51020010545218,14:10:20.010,124.2900,3
51020010545218,14:10:20.010,124.3000,22
51023479583987,14:10:23.479,124.3000,3
51029135861826,14:10:29.135,124.3000,100
51029135861826,14:10:29.135,124.3000,61
51029136970174,14:10:29.136,124.2700,12
51034607722424,14:10:34.607,124.2500,1
51034608613738,14:10:34.608,124.2500,9
51034608634127,14:10:34.608,124.2500,91
51034608734094,14:10:34.608,124.2400,100
51035086101124,14:10:35.086,124.2200,53
51035086116874,14:10:35.086,124.2200,47
51037868942487,14:10:37.868,124.2500,100
51037869058908,14:10:37.869,124.2500,33
51039359799645,14:10:39.359,124.1800,100
51039359799645,14:10:39.359,124.1700,100
51039359799645,14:10:39.359,124.1600,25
51039382441887,14:10:39.382,124.1600,75
51039382441887,14:10:39.382,124.1600,25
51039382483869,14:10:39.382,124.1600,75
51039382924027,14:10:39.382,124.1600,14
51058692940205,14:10:58.692,124.2300,3
51058694016115,14:10:58.694,124.2500,100
51058694016115,14:10:58.694,124.2500,100
51058696606979,14:10:58.696,124.2600,100
51058697997814,14:10:58.697,124.2600,100
51061010614371,14:11:01.010,124.3200,20
51065014695944,14:11:05.014,124.3700,2
51065014695944,14:11:05.014,124.3800,16
51065014741133,14:11:05.014,124.3800,47
51065015341848,14:11:05.015,124.3800,37
51070340394964,14:11:10.340,124.3500,20
51070340394964,14:11:10.340,124.3500,20
51070340895750,14:11:10.340,124.3400,8
51131778346418,14:12:11.778,124.4200,54
51138414128792,14:12:18.414,124.3400,100
51138414161049,14:12:18.414,124.3400,78
51138414262879,14:12:18.414,124.3300,100
51138414770860,14:12:18.414,124.3300,47
51138415366236,14:12:18.415,124.3100,53
51166990965186,14:12:46.990,124.2500,75
51176967867384,14:12:56.967,124.3500,100
51176967918827,14:12:56.967,124.3500,100
51176967985183,14:12:56.967,124.3500,67
51176967997619,14:12:56.967,124.3500,33
51206142484585,14:13:26.142,124.3200,2
51214725497113,14:13:34.725,124.3100,100
51214730590887,14:13:34.730,124.3600,10
51214730590887,14:13:34.730,124.3600,10
51214731202651,14:13:34.731,124.3800,100
51223825608105,14:13:43.825,124.3600,50
51223826354443,14:13:43.826,124.3600,100
51257537946672,14:14:17.537,124.3400,100
51257537946672,14:14:17.537,124.3300,56
51257537946672,14:14:17.537,124.3300,100
51257537946672,14:14:17.537,124.3300,44
51257538660885,14:14:17.538,124.3300,56
51280708616252,14:14:40.708,124.3900,100
51280708721662,14:14:40.708,124.3900,100
51280708912683,14:14:40.708,124.3900,100
51280708915094,14:14:40.708,124.3900,100
51280708916343,14:14:40.708,124.3900,100
51280709223806,14:14:40.709,124.3900,100
51281398178758,14:14:41.398,124.4000,69
51281398210337,14:14:41.398,124.4000,31
51296735720918,14:14:56.735,124.4400,100
51300163547818,14:15:00.163,124.4000,100
51300166065895,14:15:00.166,124.3600,100
51300166065895,14:15:00.166,124.3600,50
51300170535967,14:15:00.170,124.3600,40
51300170585835,14:15:00.170,124.3600,10
51300194491250,14:15:00.194,124.3400,1
51300221373203,14:15:00.221,124.3400,56
51300221373203,14:15:00.221,124.3400,44
51301067762766,14:15:01.067,124.3800,3
51302549003906,14:15:02.549,124.3200,100
51305543304337,14:15:05.543,124.3900,100
51308598519958,14:15:08.598,124.4400,16
51308601489208,14:15:08.601,124.4400,84
51308601489208,14:15:08.601,124.4500,16
51331124342321,14:15:31.124,124.3600,100
51331124408592,14:15:31.124,124.3600,100
51331124918597,14:15:31.124,124.3500,28
51331125630003,14:15:31.125,124.3600,85
51331125718080,14:15:31.125,124.3600,15
51331125718080,14:15:31.125,124.3400,70
51331125744373,14:15:31.125,124.3400,230
51348221860226,14:15:48.221,124.3500,84
51348221860226,14:15:48.221,124.3500,16
51348221891482,14:15:48.221,124.3500,84
51348221899675,14:15:48.221,124.3500,10
51348221907176,14:15:48.221,124.3500,84
51348221907641,14:15:48.221,124.3500,50
51348222232342,14:15:48.222,124.3500,100
51348222316051,14:15:48.222,124.3500,28
51348222349377,14:15:48.222,124.3500,44
51348222378193,14:15:48.222,124.3500,28
51348222378193,14:15:48.222,124.3500,44
51348222414772,14:15:48.222,124.3500,56
51348222511270,14:15:48.222,124.3500,56
51360463381359,14:16:00.463,124.2900,65
51360463382631,14:16:00.463,124.2900,35
51378257052359,14:16:18.257,124.2300,100
51378257052359,14:16:18.257,124.2200,2
51394885597516,14:16:34.885,124.2300,100
51394885597516,14:16:34.885,124.2300,100
51400257929542,14:16:40.257,124.3400,51
51400258448998,14:16:40.258,124.3500,100
51427852903516,14:17:07.852,124.3700,100
51427852903516,14:17:07.852,124.3700,200
51427853228911,14:17:07.853,124.3700,200
51427853228911,14:17:07.853,124.3700,100
51427853341971,14:17:07.853,124.3700,100
51428865438740,14:17:08.865,124.3700,400
51428865438740,14:17:08.865,124.3700,100
51428865438740,14:17:08.865,124.3700,100
51485154823705,14:18:05.154,124.3300,49
51485154829392,14:18:05.154,124.3300,51
51485154829392,14:18:05.154,124.3300,29
51485154830106,14:18:05.154,124.3300,71
51485154830106,14:18:05.154,124.3300,51
51485154831708,14:18:05.154,124.3300,62
51485154854523,14:18:05.154,124.3300,40
51485155328247,14:18:05.155,124.3300,100
51485155328247,14:18:05.155,124.3300,100
51485156834600,14:18:05.156,124.3300,100
51485159309151,14:18:05.159,124.3300,47
51489573410802,14:18:09.573,124.3300,65
51489601871540,14:18:09.601,124.3300,15
51491315426161,14:18:11.315,124.2900,5
51503602533706,14:18:23.602,124.2600,31
51544325056190,14:19:04.325,124.2500,100
51544325056190,14:19:04.325,124.2400,25
51549401737553,14:19:09.401,124.3100,100
51549415347376,14:19:09.415,124.3300,20
51577707610694,14:19:37.707,124.3400,1
51583910701631,14:19:43.910,124.4000,100
51624421679996,14:20:24.421,124.4300,5
51624421679996,14:20:24.421,124.4300,95
51624421728646,14:20:24.421,124.4300,5
51624421791000,14:20:24.421,124.4300,5
51624432396555,14:20:24.432,124.4200,17
51624447842032,14:20:24.447,124.4100,100
51624447842032,14:20:24.447,124.4100,26
51624448385008,14:20:24.448,124.4100,79
51624448385008,14:20:24.448,124.4100,12
51624448385008,14:20:24.448,124.4100,9
51624448397996,14:20:24.448,124.4100,24
51624448740917,14:20:24.448,124.4000,100
51626155817606,14:20:26.155,124.3900,1
51629161332791,14:20:29.161,124.4100,6
51635661097987,14:20:35.661,124.3800,100
51635933559527,14:20:35.933,124.4100,8
51636249467155,14:20:36.249,124.4200,8
51636249653018,14:20:36.249,124.4200,24
51636249791926,14:20:36.249,124.4200,8
51636249911240,14:20:36.249,124.4200,24
51639741990204,14:20:39.741,124.4200,36
51639741990204,14:20:39.741,124.4200,18
51639742021010,14:20:39.742,124.4200,82
51639742021010,14:20:39.742,124.4200,100
51639742021010,14:20:39.742,124.4200,100
51639742128060,14:20:39.742,124.4200,2
51639742537031,14:20:39.742,124.4200,98
51639742537031,14:20:39.742,124.4200,2
51639742576641,14:20:39.742,124.4200,11
51639742981822,14:20:39.742,124.4200,87
51639742981822,14:20:39.742,124.4200,13
51639743055502,14:20:39.743,124.4200,87
51639743434300,14:20:39.743,124.4200,27
51639743462422,14:20:39.743,124.4200,73
51639743659295,14:20:39.743,124.4100,100
51639743685386,14:20:39.743,124.4100,22
51642271293969,14:20:42.271,124.4200,63
51653983212031,14:20:53.983,124.4300,94
51653983212031,14:20:53.983,124.4300,44
51653984208900,14:20:53.984,124.4500,37
51653984208900,14:20:53.984,124.4600,100
51653984208900,14:20:53.984,124.4600,63
51653984348299,14:20:53.984,124.4600,37
51653994034375,14:20:53.994,124.4700,100
51653995408140,14:20:53.995,124.4800,10
51653995678528,14:20:53.995,124.4800,10
51653996040466,14:20:53.996,124.4800,10
51653996339499,14:20:53.996,124.4800,70
51654001241096,14:20:54.001,124.4550,63
51654685709499,14:20:54.685,124.5500,33
51655111300871,14:20:55.111,124.5700,100
51660597227219,14:21:00.597,124.6000,100
51660597301192,14:21:00.597,124.6000,1
51660598906476,14:21:00.598,124.6000,99
51660598972408,14:21:00.598,124.5900,1
51695529540933,14:21:35.529,124.6300,100
51702011843419,14:21:42.011,124.6400,100
51702011886348,14:21:42.011,124.6400,60
51702011886348,14:21:42.011,124.6500,30
51702012454214,14:21:42.012,124.6500,70
51715218075522,14:21:55.218,124.7300,10
51715218082524,14:21:55.218,124.7300,50
51715218168907,14:21:55.218,124.7300,40
51715218246403,14:21:55.218,124.7300,81
51715218295548,14:21:55.218,124.7300,19
51715218295548,14:21:55.218,124.7300,21
51715218474289,14:21:55.218,124.7300,19
51715218575789,14:21:55.218,124.7300,19
51722495173774,14:22:02.495,124.7500,2
51722496865891,14:22:02.496,124.7500,5
51750380847101,14:22:30.380,124.7400,33
51750381062083,14:22:30.381,124.7400,4
51750388516930,14:22:30.388,124.7500,75
51750388634804,14:22:30.388,124.7500,7
51759078164017,14:22:39.078,124.7900,100
51759078164017,14:22:39.078,124.8000,100
51759079366191,14:22:39.079,124.8000,64
51759083789229,14:22:39.083,124.8000,36
51759083789229,14:22:39.083,124.8000,4
51759085002735,14:22:39.085,124.8000,45
51759085239225,14:22:39.085,124.8000,41
51759085757494,14:22:39.085,124.8000,10
51760072106972,14:22:40.072,124.8000,1
51784710226829,14:23:04.710,124.7700,100
51796001352196,14:23:16.001,124.8100,100
51803819506833,14:23:23.819,124.8600,8
51803821181563,14:23:23.821,124.8600,16
51803822617200,14:23:23.822,124.8600,8
51866061210717,14:24:26.061,124.7900,63
51866061238816,14:24:26.061,124.7800,1
51866061238816,14:24:26.061,124.7800,9
51866061247956,14:24:26.061,124.7800,100
51866061278241,14:24:26.061,124.7800,91
51971419382980,14:26:11.419,124.7600,100
51971419399582,14:26:11.419,124.7600,12
51971419399582,14:26:11.419,124.7600,33
51971419399582,14:26:11.419,124.7600,1
51971419399582,14:26:11.419,124.7600,100
51971419458662,14:26:11.419,124.7500,100
51971420148697,14:26:11.420,124.7500,47
51971445514886,14:26:11.445,124.7200,100
51985594788565,14:26:25.594,124.7000,32
51985595177640,14:26:25.595,124.7100,5
51985595672308,14:26:25.595,124.6900,8
51985595967044,14:26:25.595,124.6900,16
51985597320156,14:26:25.597,124.6900,5
52000655934319,14:26:40.655,124.6900,71
52006936659749,14:26:46.936,124.6700,6
52006936659749,14:26:46.936,124.6700,2
52015167329160,14:26:55.167,124.6500,10
52030342281521,14:27:10.342,124.6900,100
52030343835701,14:27:10.343,124.7000,100
52053623336285,14:27:33.623,124.6400,35
52053623337717,14:27:33.623,124.6400,16
52054506262979,14:27:34.506,124.6100,33
52054506432418,14:27:34.506,124.6100,30
52054506559293,14:27:34.506,124.5800,100
52143598889512,14:29:03.598,124.6100,100
52143598889512,14:29:03.598,124.6100,22
52143598898197,14:29:03.598,124.6100,10
52158816768488,14:29:18.816,124.5800,100
52158816771372,14:29:18.816,124.5800,20
52158817401809,14:29:18.817,124.5800,60
52158817407510,14:29:18.817,124.5800,9
52203268958157,14:30:03.268,124.5500,100
52203268958157,14:30:03.268,124.5500,29
52203268958157,14:30:03.268,124.5500,2
52203269396884,14:30:03.269,124.5400,48
52203271071998,14:30:03.271,124.5400,100
52204775212420,14:30:04.775,124.4800,50
52210709074107,14:30:10.709,124.5600,72
52210709091668,14:30:10.709,124.5600,28
52210709091668,14:30:10.709,124.5600,100
52210709091668,14:30:10.709,124.5600,72
52210709100676,14:30:10.709,124.5600,128
52210709637766,14:30:10.709,124.5700,119
52210709690798,14:30:10.709,124.5700,81
52250048316925,14:30:50.048,124.6700,100
52250048316925,14:30:50.048,124.6700,100
52261262683551,14:31:01.262,124.6400,15
52261262683551,14:31:01.262,124.6400,85
52311525984145,14:31:51.525,124.6600,42
52311526015965,14:31:51.526,124.6600,58
52311526734871,14:31:51.526,124.6600,74
52311528085317,14:31:51.528,124.6500,100
52311528708173,14:31:51.528,124.6400,15
52311528708173,14:31:51.528,124.6400,57
52311528716886,14:31:51.528,124.6400,20
52311528739946,14:31:51.528,124.6400,23
52358682307071,14:32:38.682,124.6100,100
52358682380983,14:32:38.682,124.6100,100
52358682382725,14:32:38.682,124.6100,33
52382677846492,14:33:02.677,124.5800,37
52382677906140,14:33:02.677,124.5800,63
52382677906140,14:33:02.677,124.5800,37
52382677932306,14:33:02.677,124.5800,63
52382677932306,14:33:02.677,124.5800,30
52382680077727,14:33:02.680,124.5700,48
52390900165872,14:33:10.900,124.6100,100
