timestamp,time,price,volume
34200910528607,09:30:00.910,0.0000,0
34280845373783,09:31:20.845,88.0600,200
34289881687631,09:31:29.881,87.9800,28
34419402139836,09:33:39.402,88.1500,100
34419402139836,09:33:39.402,88.1500,13
34419402578396,09:33:39.402,88.1000,83
34419402590471,09:33:39.402,88.1000,17
34419402941213,09:33:39.402,88.0000,28
34419402947315,09:33:39.402,88.0000,8
34419403056547,09:33:39.403,88.1000,100
34419403081109,09:33:39.403,88.1000,100
34419403148631,09:33:39.403,88.1000,60
34419403155678,09:33:39.403,88.1000,40
34419403155678,09:33:39.403,88.1000,60
34419403178242,09:33:39.403,88.1000,40
34419403178242,09:33:39.403,88.1000,42
34419403240693,09:33:39.403,88.1000,58
34419403587878,09:33:39.403,88.1000,100
34419403644708,09:33:39.403,88.1000,100
34419404711880,09:33:39.404,88.1500,30
34419404796638,09:33:39.404,88.1000,10
34419404819061,09:33:39.404,88.1000,30
34419404834342,09:33:39.404,88.1000,10
34419405423872,09:33:39.405,88.0600,100
34419412871530,09:33:39.412,88.0300,100
34419419061700,09:33:39.419,88.0300,95
34419419088575,09:33:39.419,88.0300,5
34419419088575,09:33:39.419,88.0300,100
34419419088575,09:33:39.419,88.0300,100
34423362174937,09:33:43.362,88.0000,164
34423362678312,09:33:43.362,88.0000,100
34423362702513,09:33:43.362,88.0400,100
34423362706003,09:33:43.362,88.0000,34
34423362732512,09:33:43.362,88.0000,66
34423362732512,09:33:43.362,88.0000,34
34423362733489,09:33:43.362,88.0000,66
34423362786953,09:33:43.362,88.0000,66
34423362908876,09:33:43.362,88.0400,34
34425458773589,09:33:45.458,87.9500,100
34425458801826,09:33:45.458,87.9500,8
34425458801826,09:33:45.458,87.9500,100
34425459593147,09:33:45.459,87.9400,15
34425459593147,09:33:45.459,87.9200,85
34435618762556,09:33:55.618,88.0100,10
34450871615223,09:34:10.871,88.1400,100
34511463984716,09:35:11.463,88.0100,34
34532415406407,09:35:32.415,88.0100,53
34532415411485,09:35:32.415,88.0100,3
34532415411485,09:35:32.415,88.0100,97
34532415648282,09:35:32.415,88.0100,3
34532415648282,09:35:32.415,88.0100,60
34532415657356,09:35:32.415,88.0100,40
34532415657356,09:35:32.415,88.0000,28
34532416192188,09:35:32.416,88.0200,100
34532416192188,09:35:32.416,88.0000,172
34532416192188,09:35:32.416,88.0000,28
34532416251451,09:35:32.416,88.0000,72
34532417183163,09:35:32.417,88.0000,100
34532417252006,09:35:32.417,88.0000,100
34567550014487,09:36:07.550,88.0900,82
34567556526952,09:36:07.556,88.1400,1
34567556601446,09:36:07.556,88.1500,100
34567556601446,09:36:07.556,88.1500,100
34567556601446,09:36:07.556,88.1500,100
34567557131678,09:36:07.557,88.1200,100
34567557809391,09:36:07.557,88.1900,100
34608580588890,09:36:48.580,88.0200,200
34608580647745,09:36:48.580,88.0100,100
34608580647745,09:36:48.580,88.0000,100
34619912763856,09:36:59.912,88.0000,73
34717932597784,09:38:37.932,88.0000,1
34736641000083,09:38:56.641,88.1700,100
34736641037437,09:38:56.641,88.1700,21
34736641057006,09:38:56.641,88.1700,100
34736641073762,09:38:56.641,88.1700,79
34860501907877,09:41:00.501,88.1500,100
34860502433814,09:41:00.502,88.1500,100
34860502454718,09:41:00.502,88.1500,100
34860502838289,09:41:00.502,88.1800,30
34860502838289,09:41:00.502,88.2000,70
34860503104821,09:41:00.503,88.1800,100
34860503590549,09:41:00.503,88.1800,70
34860503590549,09:41:00.503,88.1800,30
34860627688557,09:41:00.627,88.2000,93
34860627712826,09:41:00.627,88.2000,7
34860629802688,09:41:00.629,88.2700,30
34949157718132,09:42:29.157,88.3200,100
34949157718132,09:42:29.157,88.3300,100
34949157851413,09:42:29.157,88.3400,100
34949158603899,09:42:29.158,88.3400,88
34949233152954,09:42:29.233,88.4300,36
34949233181509,09:42:29.233,88.4400,35
34950036903902,09:42:30.036,88.3800,50
34961562215667,09:42:41.562,88.3700,100
34989634494246,09:43:09.634,88.4900,100
34989634551180,09:43:09.634,88.4900,30
34989634551180,09:43:09.634,88.4900,70
34989634660265,09:43:09.634,88.4500,100
34989730842676,09:43:09.730,88.4800,3
34989730858386,09:43:09.730,88.4800,68
34989755845971,09:43:09.755,88.4900,29
34989755926292,09:43:09.755,88.4600,100
34989756002861,09:43:09.756,88.4600,100
35027633319811,09:43:47.633,88.4700,100
35058201166643,09:44:18.201,88.4600,40
35058201166643,09:44:18.201,88.4800,57
35058201166643,09:44:18.201,88.4800,3
35058201196574,09:44:18.201,88.4800,54
35058201196574,09:44:18.201,88.4800,60
35058201269885,09:44:18.201,88.4500,100
35058201277384,09:44:18.201,88.4500,30
35058201392462,09:44:18.201,88.4500,100
35058201444921,09:44:18.201,88.4500,100
35058201444921,09:44:18.201,88.4500,100
35058201586485,09:44:18.201,88.4200,30
35058201624316,09:44:18.201,88.4500,9
35058201669636,09:44:18.201,88.4500,30
35058201924519,09:44:18.201,88.4500,100
35058218231656,09:44:18.218,88.4200,9
35058232932214,09:44:18.232,88.4300,16
35058234900908,09:44:18.234,88.4300,200
35075635039524,09:44:35.635,88.4200,100
35114637471834,09:45:14.637,88.4000,100
35114637521535,09:45:14.637,88.3400,20
35114637521535,09:45:14.637,88.3000,62
35114637662512,09:45:14.637,88.3000,2
35114637662512,09:45:14.637,88.3400,68
35114638063347,09:45:14.638,88.3300,32
35131236743925,09:45:31.236,88.4300,100
35204880148348,09:46:44.880,88.3300,17
35204881094401,09:46:44.881,88.3200,1
35204881094401,09:46:44.881,88.3200,5
35204881608817,09:46:44.881,88.3200,5
35205556318976,09:46:45.556,88.3200,6
35205556359482,09:46:45.556,88.3200,6
35205556411705,09:46:45.556,88.3200,6
35205556503491,09:46:45.556,88.3200,6
35205556560207,09:46:45.556,88.3200,17
35205556605910,09:46:45.556,88.3200,5
35207379829168,09:46:47.379,88.3200,12
35207379829168,09:46:47.379,88.3100,88
35207380362185,09:46:47.380,88.3600,30
35207380468272,09:46:47.380,88.3200,30
35207380468272,09:46:47.380,88.3200,10
35207380468272,09:46:47.380,88.3200,10
35207380542336,09:46:47.380,88.3500,10
35207380568292,09:46:47.380,88.3000,100
35232240570249,09:47:12.240,88.2700,100
35232243146612,09:47:12.243,88.3100,30
35232243146612,09:47:12.243,88.3300,100
35232243146612,09:47:12.243,88.3300,70
35233235933688,09:47:13.235,88.2700,30
35235727502705,09:47:15.727,88.2600,1
35235727528661,09:47:15.727,88.2600,99
35278647224204,09:47:58.647,88.2900,100
35278647988401,09:47:58.647,88.3100,30
35278647988401,09:47:58.647,88.3200,30
35278647988401,09:47:58.647,88.3200,16
35278648178680,09:47:58.648,88.3200,84
35288091473395,09:48:08.091,88.3200,1
35288091473395,09:48:08.091,88.3200,40
35288092022265,09:48:08.092,88.2600,100
35292369378835,09:48:12.369,88.1900,100
35292369998009,09:48:12.369,88.1500,43
35357917982145,09:49:17.917,88.3700,15
35357918619801,09:49:17.918,88.3800,57
35357920244834,09:49:17.920,88.3900,48
35357934778946,09:49:17.934,88.3700,1
35373896628092,09:49:33.896,88.3500,100
35431951530276,09:50:31.951,88.4000,1
35453047701067,09:50:53.047,88.4200,21
35453047777349,09:50:53.047,88.4200,79
35453049297073,09:50:53.049,88.4400,30
35453050518629,09:50:53.050,88.4600,14
35453050544909,09:50:53.050,88.4600,43
35453050544909,09:50:53.050,88.4600,57
35474049899984,09:51:14.049,88.4800,100
35474049980809,09:51:14.049,88.4800,20
35474451976595,09:51:14.451,88.4800,10
35482578499136,09:51:22.578,88.4200,60
35482578571902,09:51:22.578,88.4200,40
35482578571902,09:51:22.578,88.4200,60
35493053699749,09:51:33.053,88.3500,100
35493053724080,09:51:33.053,88.3500,57
35493053724080,09:51:33.053,88.3500,57
35493053776915,09:51:33.053,88.3600,57
35493053776915,09:51:33.053,88.3600,43
35493053827917,09:51:33.053,88.3600,14
35550098914958,09:52:30.098,88.3300,100
35550099007879,09:52:30.099,88.3300,1
35550099383333,09:52:30.099,88.3200,1
35582253851012,09:53:02.253,88.2800,100
35582253881151,09:53:02.253,88.2800,20
35582253932289,09:53:02.253,88.2800,80
35591026826975,09:53:11.026,88.1800,45
35591027980271,09:53:11.027,88.1700,100
35591027980271,09:53:11.027,88.1700,20
35591028518149,09:53:11.028,88.1700,100
35591029854374,09:53:11.029,88.2100,100
35591039375947,09:53:11.039,88.2200,100
35591039491539,09:53:11.039,88.2100,19
35591056626082,09:53:11.056,88.2800,30
35591056743831,09:53:11.056,88.2800,81
35591056743831,09:53:11.056,88.2800,19
35591056799151,09:53:11.056,88.2800,81
35591059529604,09:53:11.059,88.2400,34
35591059529604,09:53:11.059,88.3100,100
35591059529604,09:53:11.059,88.3100,36
35592360499210,09:53:12.360,88.1700,100
35592372239301,09:53:12.372,88.1800,100
35592372802178,09:53:12.372,88.1700,100
35592457616019,09:53:12.457,88.2000,21
35592458009979,09:53:12.458,88.2100,100
35592458009979,09:53:12.458,88.2000,30
35592458072158,09:53:12.458,88.2000,70
35592460240394,09:53:12.460,88.2000,20
35706102405239,09:55:06.102,88.1800,1
35717986814250,09:55:17.986,88.2250,100
35717986945792,09:55:17.986,88.2250,100
35719598174528,09:55:19.598,88.3000,100
35719598174528,09:55:19.598,88.3000,100
35719598623639,09:55:19.598,88.2950,500
35719598623639,09:55:19.598,88.2900,3
35719598652278,09:55:19.598,88.2900,477
35719598652278,09:55:19.598,88.2900,23
35719598660353,09:55:19.598,88.3100,5
35719598705783,09:55:19.598,88.2900,23
35719598712661,09:55:19.598,88.2900,7
35719598754880,09:55:19.598,88.2900,93
35719598763099,09:55:19.598,88.2900,23
35719599006147,09:55:19.599,88.3100,1
35719599032039,09:55:19.599,88.3100,5
35719646389967,09:55:19.646,88.2000,100
35752568475522,09:55:52.568,88.2100,57
35819161722407,09:56:59.161,88.3000,100
35819161877019,09:56:59.161,88.3000,100
35819161902759,09:56:59.161,88.2700,53
35850108631277,09:57:30.108,88.2800,47
35850108691634,09:57:30.108,88.2700,47
35851952912879,09:57:31.952,88.2800,1
35917064654354,09:58:37.064,88.3200,100
35933964913840,09:58:53.964,88.3000,100
35933964969240,09:58:53.964,88.3000,100
35933964979099,09:58:53.964,88.2700,100
35935073263035,09:58:55.073,88.3000,100
35949949398202,09:59:09.949,88.2900,100
35969800315515,09:59:29.800,88.3000,100
35969803893539,09:59:29.803,88.3000,100
35969804057992,09:59:29.804,88.2700,100
36026041389297,10:00:26.041,88.3000,70
36026041422601,10:00:26.041,88.3000,30
36081712943386,10:01:21.712,88.3500,100
36103224566643,10:01:43.224,88.3000,100
36103224566643,10:01:43.224,88.2800,100
36103224831686,10:01:43.224,88.2800,100
36103224849525,10:01:43.224,88.2800,100
36103224871595,10:01:43.224,88.2800,100
36121306446701,10:02:01.306,88.2400,15
36121306949126,10:02:01.306,88.2400,14
36121307096496,10:02:01.307,88.2400,5
36126764855157,10:02:06.764,88.2400,23
36126766661608,10:02:06.766,88.2400,23
36127531566962,10:02:07.531,88.2400,100
36127531676638,10:02:07.531,88.2400,20
36127531676638,10:02:07.531,88.2300,80
36127531704719,10:02:07.531,88.2300,20
36127531760789,10:02:07.531,88.2300,100
36146031180526,10:02:26.031,88.2000,100
36148304917064,10:02:28.304,88.2500,100
36148305053041,10:02:28.305,88.2500,7
36148305053041,10:02:28.305,88.2500,57
36154542024531,10:02:34.542,88.2600,20
36154542024531,10:02:34.542,88.2600,100
36154542024531,10:02:34.542,88.2600,57
36154542641342,10:02:34.542,88.2700,100
36165280907932,10:02:45.280,88.2500,100
36166663872443,10:02:46.663,88.2500,100
36166686880611,10:02:46.686,88.2400,100
36166690891414,10:02:46.690,88.2200,100
36166703338329,10:02:46.703,88.2000,100
36166706507380,10:02:46.706,88.2000,100
36166755661019,10:02:46.755,88.2000,100
36166915738480,10:02:46.915,88.2200,100
36167000802291,10:02:47.000,88.2200,100
36186852883504,10:03:06.852,88.2100,100
36186856480442,10:03:06.856,88.2000,100
36189214225440,10:03:09.214,88.1500,100
36191120479011,10:03:11.120,88.1200,1
36266248191278,10:04:26.248,88.0600,100
36266248191278,10:04:26.248,88.0600,100
36273120871884,10:04:33.120,88.0400,29
36273121160293,10:04:33.121,88.0700,30
36273121160293,10:04:33.121,88.0900,70
36273123595230,10:04:33.123,88.0900,30
36273123942023,10:04:33.123,88.0800,300
36273123942023,10:04:33.123,88.0800,30
36273123957693,10:04:33.123,88.0800,100
36273123957693,10:04:33.123,88.0800,10
36286667280537,10:04:46.667,88.0800,100
36286843588063,10:04:46.843,88.0900,20
36286843588063,10:04:46.843,88.0900,100
36286843647337,10:04:46.843,88.0900,80
36286845852345,10:04:46.845,88.0500,30
36289761351839,10:04:49.761,88.0450,200
36289762448047,10:04:49.762,88.0400,27
36289762472103,10:04:49.762,88.0400,2
36289762565990,10:04:49.762,88.0700,10
36289763025928,10:04:49.763,88.1000,6
36292877404237,10:04:52.877,88.0500,100
36292878212333,10:04:52.878,88.0400,4
36294064375376,10:04:54.064,88.0600,100
36319030589881,10:05:19.030,88.0400,1
36319030589881,10:05:19.030,88.0200,99
36319030677895,10:05:19.030,88.0100,100
36325025422059,10:05:25.025,88.0500,88
36325025427575,10:05:25.025,88.0500,12
36346662283519,10:05:46.662,88.1150,100
36347992934842,10:05:47.992,88.1150,1
36348002258766,10:05:48.002,88.1150,4
36367732959311,10:06:07.732,88.0400,1
36413092476262,10:06:53.092,88.0200,18
36413092953684,10:06:53.092,88.0200,17
36413097619264,10:06:53.097,88.0200,5
36448974331368,10:07:28.974,88.0100,100
36456163321601,10:07:36.163,88.0000,100
36456164414523,10:07:36.164,88.0200,10
36456164468518,10:07:36.164,88.0200,90
36456164468518,10:07:36.164,88.0100,100
36456164468518,10:07:36.164,88.0100,10
36456164524593,10:07:36.164,88.0100,90
36491813471132,10:08:11.813,88.0900,100
36491813471132,10:08:11.813,88.0900,98
36491815180023,10:08:11.815,88.0900,102
36491815180023,10:08:11.815,88.0900,6
36534476784128,10:08:54.476,88.1000,10
36534482147620,10:08:54.482,88.1700,6
36554090468436,10:09:14.090,88.0900,100
36590163554248,10:09:50.163,88.1000,5
36597252149208,10:09:57.252,88.1000,13
36598191813307,10:09:58.191,88.1000,1
36609701305801,10:10:09.701,88.0900,3
36688400458908,10:11:28.400,88.0700,100
36688400567149,10:11:28.400,88.0700,100
36688400623492,10:11:28.400,88.0500,27
36688400623492,10:11:28.400,88.0400,3
36688404694829,10:11:28.404,88.0200,100
36689376607531,10:11:29.376,88.0700,6
36689377054234,10:11:29.377,88.0300,30
36689427873807,10:11:29.427,88.0600,15
36751242578523,10:12:31.242,88.0900,100
36751242578523,10:12:31.242,88.0900,5
36751242928252,10:12:31.242,88.0400,30
36751243305552,10:12:31.243,88.0800,15
36751243658557,10:12:31.243,88.0800,200
36751246041062,10:12:31.246,88.0600,29
36751246064285,10:12:31.246,88.0900,15
36751261203235,10:12:31.261,88.0900,15
36751261356605,10:12:31.261,88.0900,15
36761332813061,10:12:41.332,88.1200,100
36761362623718,10:12:41.362,88.1300,100
36864786215956,10:14:24.786,88.0400,100
36864786243914,10:14:24.786,88.0200,19
36864786824898,10:14:24.786,88.0200,15
36864786875599,10:14:24.786,88.0300,100
36864786888123,10:14:24.786,88.0300,15
36869229278171,10:14:29.229,88.0700,5
36869229278171,10:14:29.229,88.0700,4
36869230579689,10:14:29.230,88.0800,100
36869230637510,10:14:29.230,88.0800,100
36897857739395,10:14:57.857,88.0700,79
36911999433764,10:15:11.999,88.1300,100
36911999433764,10:15:11.999,88.1300,100
36911999520168,10:15:11.999,88.0700,21
36932097551860,10:15:32.097,88.1200,100
36932097551860,10:15:32.097,88.1300,100
36932097551860,10:15:32.097,88.1300,100
36932097551860,10:15:32.097,88.1300,40
36932102675288,10:15:32.102,88.1400,17
36963397222666,10:16:03.397,88.1300,100
36963406351051,10:16:03.406,88.1300,5
36990060617699,10:16:30.060,88.1900,6
37039265721943,10:17:19.265,88.1200,100
37041200782059,10:17:21.200,88.1600,100
37041201039511,10:17:21.201,88.1700,4
37041201090603,10:17:21.201,88.1700,96
37128107335505,10:18:48.107,88.1300,100
37141671052266,10:19:01.671,88.1500,100
37141671052266,10:19:01.671,88.1500,5
37162108689662,10:19:22.108,88.1500,200
37166181209663,10:19:26.181,88.1700,6
37179061919526,10:19:39.061,88.1700,100
37179061921218,10:19:39.061,88.1700,39
37179061921218,10:19:39.061,88.1800,61
37179061967773,10:19:39.061,88.1800,39
37205858022218,10:20:05.858,88.2200,6
37211774853310,10:20:11.774,88.1500,100
37370497224836,10:22:50.497,88.0600,4
37370497224836,10:22:50.497,88.0600,100
37516667939850,10:25:16.667,88.0500,99
37534543420846,10:25:34.543,88.0800,4
37591286830908,10:26:31.286,88.1100,3
37664564327466,10:27:44.564,88.0900,100
37792352967035,10:29:52.352,88.1300,3
37792353767649,10:29:52.353,88.1400,70
37792353797097,10:29:52.353,88.1400,30
37792354280473,10:29:52.354,88.1300,100
37809910465839,10:30:09.910,88.1300,200
37809911067106,10:30:09.911,88.1000,35
37810888666269,10:30:10.888,88.1300,100
37911213066314,10:31:51.213,88.1000,5
37911213146052,10:31:51.213,88.1000,66
37911213192920,10:31:51.213,88.1000,29
37911213192920,10:31:51.213,88.1000,36
37911213392282,10:31:51.213,88.1000,64
37936720031562,10:32:16.720,88.1500,3
37936720031562,10:32:16.720,88.1500,100
37936726514751,10:32:16.726,88.1300,30
38037156314778,10:33:57.156,88.1300,100
38037540774829,10:33:57.540,88.1300,100
38037546650031,10:33:57.546,88.1300,8
38061627600171,10:34:21.627,88.1000,5
38074234332575,10:34:34.234,88.1000,95
38147130165324,10:35:47.130,88.1500,48
38147130165324,10:35:47.130,88.1500,100
38147130165324,10:35:47.130,88.1500,3
38147130165324,10:35:47.130,88.1500,100
38147130165324,10:35:47.130,88.1500,5
38185581924903,10:36:25.581,88.1900,3
38207999937330,10:36:47.999,88.1750,100
38291115290104,10:38:11.115,88.1400,100
38291116049832,10:38:11.116,88.1200,15
38291116052876,10:38:11.116,88.1200,50
38291116331191,10:38:11.116,88.1200,35
38291116331191,10:38:11.116,88.1200,15
38291146103399,10:38:11.146,88.1200,17
38377860095112,10:39:37.860,88.1700,20
38377860095112,10:39:37.860,88.1700,4
38377860504698,10:39:37.860,88.1900,100
38377860947847,10:39:37.860,88.1900,67
38377860959056,10:39:37.860,88.1900,33
38377860985364,10:39:37.860,88.2000,67
38377861046106,10:39:37.861,88.2000,33
38378025660027,10:39:38.025,88.2200,58
38378025704100,10:39:38.025,88.2200,42
38378025755936,10:39:38.025,88.2000,100
38383846960924,10:39:43.846,88.2000,5
38449760111870,10:40:49.760,88.1400,64
38464107593487,10:41:04.107,88.1300,100
38469342974171,10:41:09.342,88.1300,100
38523734309034,10:42:03.734,88.1600,100
38523734309034,10:42:03.734,88.1600,2
38531938665005,10:42:11.938,88.1800,100
38583902143418,10:43:03.902,88.2100,4
38643437010141,10:44:03.437,88.2200,100
38692014814431,10:44:52.014,88.2700,3
38697321611290,10:44:57.321,88.2900,20
38697662869326,10:44:57.662,88.3100,6
38860598294530,10:47:40.598,88.2500,33
38860598305680,10:47:40.598,88.2500,50
38860598405403,10:47:40.598,88.2500,72
38860598405403,10:47:40.598,88.2500,28
38860598429672,10:47:40.598,88.2500,72
38871715879640,10:47:51.715,88.1900,60
38871715953189,10:47:51.715,88.1900,19
38875592749238,10:47:55.592,88.1900,21
38875593385623,10:47:55.593,88.1900,17
38885130511151,10:48:05.130,88.1900,3
38887145245038,10:48:07.145,88.2000,38
38887145245038,10:48:07.145,88.2000,2
38888439284792,10:48:08.439,88.2300,100
38951412036398,10:49:11.412,88.1900,6
38951416991094,10:49:11.416,88.1900,14
38965369202316,10:49:25.369,88.1700,8
39165618262265,10:52:45.618,88.1300,9
39165618319902,10:52:45.618,88.1300,49
39165618319902,10:52:45.618,88.1300,90
39165618870272,10:52:45.618,88.1200,100
39166618732092,10:52:46.618,88.1000,2
39166618732092,10:52:46.618,88.1000,3
39167618750568,10:52:47.618,88.0800,2
39167618750568,10:52:47.618,88.0800,8
39168140476929,10:52:48.140,88.1000,100
39191296103499,10:53:11.296,88.0700,2
39191296470136,10:53:11.296,88.0700,2
39259822138133,10:54:19.822,88.0500,100
39308826980080,10:55:08.826,88.1200,2
39458769600280,10:57:38.769,88.1100,55
39458769630146,10:57:38.769,88.1100,45
39489390732279,10:58:09.390,88.1300,27
39489390732279,10:58:09.390,88.1300,1
39601264263521,11:00:01.264,88.2300,7
39603381814046,11:00:03.381,88.2500,2
39605652027162,11:00:05.652,88.2700,9
39663138665020,11:01:03.138,88.3200,100
39663462485116,11:01:03.462,88.3400,100
39663501753669,11:01:03.501,88.3800,52
39663518093595,11:01:03.518,88.3800,10
39667196165596,11:01:07.196,88.3400,4
39667460439414,11:01:07.460,88.3700,2
39667460466179,11:01:07.460,88.3700,47
39741069262631,11:02:21.069,88.4400,2
39741070715456,11:02:21.070,88.4500,100
39846483664379,11:04:06.483,88.3700,27
39846483664379,11:04:06.483,88.3700,2
39846483664379,11:04:06.483,88.3700,1
39886280113760,11:04:46.280,88.3500,100
39886280113760,11:04:46.280,88.3500,100
39886280190761,11:04:46.280,88.3500,8
39928821128660,11:05:28.821,88.2800,5
40032826306686,11:07:12.826,88.2700,5
40032826856597,11:07:12.826,88.2600,1
40037944870765,11:07:17.944,88.2500,5
40038088057846,11:07:18.088,88.2300,20
40038104971313,11:07:18.104,88.2700,21
40084423517643,11:08:04.423,88.2400,41
40084425494181,11:08:04.425,88.2200,59
40168845529304,11:09:28.845,88.3000,1
40241723651417,11:10:41.723,88.4500,2
40241728767431,11:10:41.728,88.4300,10
40243392965882,11:10:43.392,88.4200,100
40243394126665,11:10:43.394,88.4400,100
40243394170358,11:10:43.394,88.4500,10
40243394170358,11:10:43.394,88.4500,5
40243394170358,11:10:43.394,88.4500,5
40243394170358,11:10:43.394,88.4500,100
40243425646052,11:10:43.425,88.4700,100
40318932393902,11:11:58.932,88.5600,100
40338291104276,11:12:18.291,88.6100,3
40359647174529,11:12:39.647,88.5500,4
40422966750940,11:13:42.966,88.6900,100
40422967651843,11:13:42.967,88.7000,1
40422967676469,11:13:42.967,88.7000,4
40422967702913,11:13:42.967,88.7000,95
40502031840238,11:15:02.031,88.7300,5
40542304533141,11:15:42.304,88.7900,100
40568298090168,11:16:08.298,88.7800,100
40569433626369,11:16:09.433,88.7600,100
40575250659188,11:16:15.250,88.7600,38
40575250715285,11:16:15.250,88.7600,19
40575251543409,11:16:15.251,88.7700,57
40578787889682,11:16:18.787,88.7700,100
40659495554695,11:17:39.495,88.7200,4
40728789174039,11:18:48.789,88.7100,36
40728789174039,11:18:48.789,88.7100,100
40729934319997,11:18:49.934,88.7000,100
40969909588473,11:22:49.909,88.6300,4
40969909588473,11:22:49.909,88.6300,1
40971555101300,11:22:51.555,88.6300,100
40972281732965,11:22:52.281,88.6700,4
40974580943548,11:22:54.580,88.7000,100
41201372502297,11:26:41.372,88.8300,6
41201372883161,11:26:41.372,88.8400,6
41201372883161,11:26:41.372,88.8400,6
41201373479533,11:26:41.373,88.8400,20
41204641475268,11:26:44.641,88.8000,100
41267886512432,11:27:47.886,88.8600,100
41267886568515,11:27:47.886,88.8600,100
41383269579145,11:29:43.269,88.9500,100
41383269579145,11:29:43.269,88.9500,100
41383269579145,11:29:43.269,88.9600,7
41384837605249,11:29:44.837,88.9000,100
41385668800734,11:29:45.668,88.9700,3
41385668952247,11:29:45.668,88.9700,97
41421128184962,11:30:21.128,88.9300,4
41562490026924,11:32:42.490,88.7800,45
41588061596562,11:33:08.061,88.7700,1
41605581298974,11:33:25.581,88.7600,1
41613748829190,11:33:33.748,88.7900,1
41613748832287,11:33:33.748,88.7900,9
41613753353939,11:33:33.753,88.8200,81
41613753522528,11:33:33.753,88.8200,19
41617581175404,11:33:37.581,88.8700,6
41694003072328,11:34:54.003,88.9000,5
41773804686412,11:36:13.804,88.8600,100
41774182454508,11:36:14.182,88.9100,43
41898581027912,11:38:18.581,88.8600,100
41899103287574,11:38:19.103,88.8600,100
41899103287574,11:38:19.103,88.8600,5
41899103287574,11:38:19.103,88.8600,95
41899103318006,11:38:19.103,88.8600,5
41899103639133,11:38:19.103,88.8700,100
41900319043868,11:38:20.319,88.9300,200
41927109142368,11:38:47.109,88.9300,100
41927109169707,11:38:47.109,88.9300,1
42079722784383,11:41:19.722,88.9300,199
42079722784383,11:41:19.722,88.9300,100
42079722784383,11:41:19.722,88.9300,5
42079724507546,11:41:19.724,88.9800,100
42079724989597,11:41:19.724,88.9800,100
42085542889933,11:41:25.542,89.0400,100
42189103161360,11:43:09.103,89.1000,4
42190978283699,11:43:10.978,89.1000,1
42195243541100,11:43:15.243,89.1000,5
42195243541100,11:43:15.243,89.1000,100
42195243541100,11:43:15.243,89.1000,100
42305599226197,11:45:05.599,89.1500,100
42305599226197,11:45:05.599,89.1500,6
42321353008956,11:45:21.353,89.1600,4
42323869804809,11:45:23.869,89.1600,96
42367746585227,11:46:07.746,89.1500,100
42367748289795,11:46:07.748,89.1500,100
42514753668825,11:48:34.753,89.0400,1
42514753668825,11:48:34.753,89.0400,100
42516261183876,11:48:36.261,88.9800,100
42516261414534,11:48:36.261,88.9800,88
42516302011906,11:48:36.302,88.9800,12
42547349060004,11:49:07.349,89.0000,100
42568335532732,11:49:28.335,89.0300,4
42568335532732,11:49:28.335,89.0300,27
42568336091593,11:49:28.336,89.0300,73
42629364887187,11:50:29.364,89.0000,68
42659841090102,11:50:59.841,89.0000,3
42659841360454,11:50:59.841,89.0100,3
42659845574591,11:50:59.845,89.0200,100
42659904126632,11:50:59.904,89.0500,55
42682482951867,11:51:22.482,89.0000,100
42835211664380,11:53:55.211,89.0400,100
42835211664380,11:53:55.211,89.0400,3
42835211664380,11:53:55.211,89.0400,97
42835211696711,11:53:55.211,89.0400,52
42835212362394,11:53:55.212,89.0500,33
42835212408205,11:53:55.212,89.0500,12
42840285156275,11:54:00.285,89.0100,100
42847901719781,11:54:07.901,89.0600,100
42847901745688,11:54:07.901,89.0600,3
42847901801938,11:54:07.901,89.0600,3
42981274117342,11:56:21.274,89.0600,68
42981274117342,11:56:21.274,89.0600,4
42981274117342,11:56:21.274,89.0600,3
42981353177688,11:56:21.353,89.1100,4
42981353204759,11:56:21.353,89.1100,3
42984580964113,11:56:24.580,89.1200,8
42984581009897,11:56:24.581,89.1200,92
43052581054344,11:57:32.581,89.2100,94
43233538752074,12:00:33.538,89.1400,100
43338879887479,12:02:18.879,89.0800,46
43338880511370,12:02:18.880,89.0900,100
43338880511370,12:02:18.880,89.0900,100
43338880511370,12:02:18.880,89.0900,2
43338881487280,12:02:18.881,89.0900,100
43339038559267,12:02:19.038,89.1200,2
43386853431806,12:03:06.853,89.1800,3
43443973996241,12:04:03.973,89.1700,200
43443973996241,12:04:03.973,89.1800,97
43443973996241,12:04:03.973,89.1800,3
43443973996241,12:04:03.973,89.1800,100
43443973996241,12:04:03.973,89.1800,100
43443973996241,12:04:03.973,89.1800,2
43460181738702,12:04:20.181,89.2000,100
43491852911662,12:04:51.852,89.2500,49
43584270830637,12:06:24.270,89.2600,2
43590958743082,12:06:30.958,89.2100,100
43590958748873,12:06:30.958,89.2100,80
43592983853064,12:06:32.983,89.2000,200
43744145876907,12:09:04.145,89.2200,100
43744145876907,12:09:04.145,89.2200,2
43792973483141,12:09:52.973,89.2200,4
43819119322793,12:10:19.119,89.2200,2
44013423945874,12:13:33.423,89.2500,96
44013423945874,12:13:33.423,89.2500,100
44013425134736,12:13:33.425,89.2200,34
44014026036147,12:13:34.026,89.2200,66
44220992212287,12:17:00.992,89.2700,49
44220992212287,12:17:00.992,89.2700,50
44220992212287,12:17:00.992,89.2700,2
44221038702531,12:17:01.038,89.3200,100
44232909731984,12:17:12.909,89.3400,6
44233122318219,12:17:13.122,89.3500,100
44233122447802,12:17:13.122,89.3500,3
44330432281210,12:18:50.432,89.3100,100
44340816452407,12:19:00.816,89.3300,100
44340818156586,12:19:00.818,89.3600,100
44340819047008,12:19:00.819,89.3800,6
44340819047008,12:19:00.819,89.3800,100
44345331503139,12:19:05.331,89.3600,100
44345332339833,12:19:05.332,89.3600,100
44364527191724,12:19:24.527,89.4400,2
44376926250110,12:19:36.926,89.4600,100
44376926251414,12:19:36.926,89.4600,2
44376926258997,12:19:36.926,89.4700,100
44377580723439,12:19:37.580,89.5400,7
44377580723439,12:19:37.580,89.5400,93
44377581051330,12:19:37.581,89.5400,7
44377581096953,12:19:37.581,89.5300,10
44377581096953,12:19:37.581,89.5200,20
44377912229918,12:19:37.912,89.5400,10
44380313966486,12:19:40.313,89.5000,900
44380314559975,12:19:40.314,89.5000,100
44380316143206,12:19:40.316,89.5200,100
44380745757119,12:19:40.745,89.4400,100
44382830964310,12:19:42.830,89.4800,56
44382830964310,12:19:42.830,89.4800,44
44386587999446,12:19:46.587,89.4600,10
44388913127390,12:19:48.913,89.4900,100
44388913127390,12:19:48.913,89.4900,50
44394251265793,12:19:54.251,89.4700,13
44407323693976,12:20:07.323,89.5400,49
44407323693976,12:20:07.323,89.5400,51
44496906433468,12:21:36.906,89.4800,100
44507455434503,12:21:47.455,89.4300,1
44513487736493,12:21:53.487,89.4200,1
44513487736493,12:21:53.487,89.4200,1
44513901291824,12:21:53.901,89.4100,1
44513901291824,12:21:53.901,89.4100,1
44513901291824,12:21:53.901,89.4000,2
44570415111150,12:22:50.415,89.3900,1
44570415111150,12:22:50.415,89.3900,1
44570415111150,12:22:50.415,89.3800,1
44570415111150,12:22:50.415,89.3800,1
44570415111150,12:22:50.415,89.3800,27
44570415111150,12:22:50.415,89.3800,1
44570415122460,12:22:50.415,89.3700,1
44570415122460,12:22:50.415,89.3700,1
44570415122460,12:22:50.415,89.3700,1
44610934101946,12:23:30.934,89.3600,1
44610934101946,12:23:30.934,89.3600,1
44610935009991,12:23:30.935,89.3500,1
44610935009991,12:23:30.935,89.3500,1
44635198787209,12:23:55.198,89.3400,1
44635198787209,12:23:55.198,89.3400,1
44635198793802,12:23:55.198,89.3300,1
44635198793802,12:23:55.198,89.3300,1
44637422566109,12:23:57.422,89.3100,1
44637422566109,12:23:57.422,89.3100,1
44637422566109,12:23:57.422,89.3100,1
44637422566109,12:23:57.422,89.3100,97
44741926271555,12:25:41.926,89.3000,1
44741926271555,12:25:41.926,89.3000,1
44742815786245,12:25:42.815,89.3000,100
44742815886621,12:25:42.815,89.3200,30
44744872000885,12:25:44.872,89.3400,2
44744872000885,12:25:44.872,89.3400,100
44744872209689,12:25:44.872,89.3400,102
44744872216797,12:25:44.872,89.3500,41
44744872238473,12:25:44.872,89.3500,7
44763369573737,12:26:03.369,89.3800,100
44763369573737,12:26:03.369,89.3800,2
44766580647601,12:26:06.580,89.4100,100
44856375887252,12:27:36.375,89.3400,30
44857457169451,12:27:37.457,89.3200,1
44857457195479,12:27:37.457,89.3200,99
44857457216702,12:27:37.457,89.3200,30
44874316822647,12:27:54.316,89.3100,100
44874580673755,12:27:54.580,89.3100,100
44874580702670,12:27:54.580,89.3100,100
44915848050074,12:28:35.848,89.3600,2
44935698537405,12:28:55.698,89.3700,56
44985449759760,12:29:45.449,89.4200,100
44985449759760,12:29:45.449,89.4200,59
44985450329089,12:29:45.450,89.4200,41
44985450329089,12:29:45.450,89.4200,100
44985450329089,12:29:45.450,89.4200,56
44985450989288,12:29:45.450,89.4600,64
44989582187615,12:29:49.582,89.4600,56
44989582187615,12:29:49.582,89.4600,2
44991929781221,12:29:51.929,89.4400,30
45005940397323,12:30:05.940,89.4200,54
45009069842355,12:30:09.069,89.4600,16
45067841252443,12:31:07.841,89.4200,100
45068295530449,12:31:08.295,89.4200,74
45068295624360,12:31:08.295,89.4300,2
45089359540672,12:31:29.359,89.4500,1
45110745725067,12:31:50.745,89.4500,2
45122981495395,12:32:02.981,89.4000,56
45133499525616,12:32:13.499,89.4000,56
45150763153535,12:32:30.763,89.3400,57
45150763180046,12:32:30.763,89.3400,43
45150763180046,12:32:30.763,89.3400,100
45150763180046,12:32:30.763,89.3400,100
45163351800973,12:32:43.351,89.3300,1
45163351800973,12:32:43.351,89.3300,1
45182882181986,12:33:02.882,89.3200,1
45182882181986,12:33:02.882,89.3200,1
45182882181986,12:33:02.882,89.3200,1
45182882181986,12:33:02.882,89.3200,4
45215716878583,12:33:35.716,89.3100,1
45215716878583,12:33:35.716,89.3100,2
45215716878583,12:33:35.716,89.3100,4
45215716878583,12:33:35.716,89.3100,2
45215724809648,12:33:35.724,89.3000,2
45217543883470,12:33:37.543,89.3200,4
45217543883470,12:33:37.543,89.3200,96
45217543913821,12:33:37.543,89.3200,4
45258596661832,12:34:18.596,89.3500,20
45318137398842,12:35:18.137,89.3100,100
45318137870709,12:35:18.137,89.3100,26
45318425084332,12:35:18.425,89.3000,100
45348444242199,12:35:48.444,89.3000,100
45348445233863,12:35:48.445,89.2900,2
45348445233863,12:35:48.445,89.2900,1
45348445233863,12:35:48.445,89.2900,4
45348445251760,12:35:48.445,89.2900,96
45348446041132,12:35:48.446,89.2800,1
45348446041132,12:35:48.446,89.2800,6
45351581319600,12:35:51.581,89.3000,3
45372121421313,12:36:12.121,89.2700,1
45372121421313,12:36:12.121,89.2700,1
45372121421313,12:36:12.121,89.2700,1
45372129193695,12:36:12.129,89.2600,1
45372129193695,12:36:12.129,89.2600,1
45372129193695,12:36:12.129,89.2600,1
45373411433667,12:36:13.411,89.2400,1
45373411433667,12:36:13.411,89.2400,1
45470492833762,12:37:50.492,89.2700,100
45470492833762,12:37:50.492,89.2700,100
45487214427717,12:38:07.214,89.2500,100
45502853605665,12:38:22.853,89.2400,73
45502853631209,12:38:22.853,89.2400,27
45502854523211,12:38:22.854,89.2300,1
45502854523211,12:38:22.854,89.2300,2
45507581951146,12:38:27.581,89.2500,100
45511808834352,12:38:31.808,89.2200,1
45511808834352,12:38:31.808,89.2200,1
45511808834352,12:38:31.808,89.2200,4
45521738111144,12:38:41.738,89.2100,1
45521738111144,12:38:41.738,89.2100,1
45521738111144,12:38:41.738,89.2100,1
45528126820779,12:38:48.126,89.2000,2
45528126820779,12:38:48.126,89.2000,2
45530581219044,12:38:50.581,89.2200,3
45569158945387,12:39:29.158,89.2400,9
45621617859612,12:40:21.617,89.2600,100
45621617859612,12:40:21.617,89.2600,3
45673503766670,12:41:13.503,89.2800,200
45687242394726,12:41:27.242,89.2900,100
45708543280527,12:41:48.543,89.2500,100
45724982052038,12:42:04.982,89.2200,100
45856523512839,12:44:16.523,89.2000,1
45856523512839,12:44:16.523,89.2000,1
45856523512839,12:44:16.523,89.2000,1
45952521835335,12:45:52.521,89.2000,100
45989430117662,12:46:29.430,89.2200,100
45989430148085,12:46:29.430,89.2200,46
45989430148085,12:46:29.430,89.2200,3
45989436659086,12:46:29.436,89.2300,100
45989458711472,12:46:29.458,89.2400,100
46041030826999,12:47:21.030,89.2700,100
46041030852216,12:47:21.030,89.2700,600
46041030852216,12:47:21.030,89.2700,8
46041031291006,12:47:21.031,89.2700,45
46041031305369,12:47:21.031,89.2700,47
46069961712995,12:47:49.961,89.2800,100
46129924873924,12:48:49.924,89.2800,200
46155632126461,12:49:15.632,89.3200,100
46155632126461,12:49:15.632,89.3200,5
46156173608917,12:49:16.173,89.3400,100
46354679249846,12:52:34.679,89.3600,6
46354679249846,12:52:34.679,89.3600,56
46354679249846,12:52:34.679,89.3600,21
46354679249846,12:52:34.679,89.3600,17
46354679737847,12:52:34.679,89.3600,83
46354680865157,12:52:34.680,89.3600,10
46369890066769,12:52:49.890,89.3200,100
46369890066769,12:52:49.890,89.3200,100
46471148087115,12:54:31.148,89.3000,42
46471148087115,12:54:31.148,89.3000,14
46525967645940,12:55:25.967,89.2900,100
46525969282780,12:55:25.969,89.2800,1
46535019184074,12:55:35.019,89.2700,1
46535019184074,12:55:35.019,89.2700,99
46535019381747,12:55:35.019,89.2700,1
46535019381747,12:55:35.019,89.2700,4
46535020250826,12:55:35.020,89.2600,1
46535020927936,12:55:35.020,89.2700,5
46535020936889,12:55:35.020,89.2700,100
46535020936889,12:55:35.020,89.2500,2
46535520773566,12:55:35.520,89.2700,100
46536030625716,12:55:36.030,89.2500,100
46536032764472,12:55:36.032,89.2400,1
46536032764472,12:55:36.032,89.2400,1
46561263529691,12:56:01.263,89.2300,1
46561263630620,12:56:01.263,89.2200,1
46561263630620,12:56:01.263,89.2200,1
46561509658305,12:56:01.509,89.2100,1
46661320837797,12:57:41.320,89.2400,3
46661320837797,12:57:41.320,89.2400,100
46661320848050,12:57:41.320,89.2400,103
46661320878265,12:57:41.320,89.2400,103
46661320887244,12:57:41.320,89.2400,72
46812641487085,13:00:12.641,89.2000,2
46812641487085,13:00:12.641,89.2000,1
46829178638913,13:00:29.178,89.2100,45
46829185254988,13:00:29.185,89.2000,100
46829186142026,13:00:29.186,89.1900,100
46835414202120,13:00:35.414,89.1800,1
46835414202120,13:00:35.414,89.1800,100
46835414202120,13:00:35.414,89.1800,100
46835414590674,13:00:35.414,89.1700,1
46912549559063,13:01:52.549,89.1600,1
46912549559063,13:01:52.549,89.1600,1
46912549559063,13:01:52.549,89.1600,100
46931515482835,13:02:11.515,89.1800,35
46931515482835,13:02:11.515,89.1800,99
46931515496402,13:02:11.515,89.1800,1
46931515496402,13:02:11.515,89.1800,100
46931515496402,13:02:11.515,89.1800,1
46931515496402,13:02:11.515,89.1800,100
47014688064552,13:03:34.688,89.1500,1
47014688126264,13:03:34.688,89.1400,1
47014688126264,13:03:34.688,89.1400,100
47014688126264,13:03:34.688,89.1400,99
47014688146810,13:03:34.688,89.1400,1
47067264944486,13:04:27.264,89.1600,200
47067264944486,13:04:27.264,89.1700,10
47067265427201,13:04:27.265,89.1700,90
47067265427201,13:04:27.265,89.1700,9
47067265427201,13:04:27.265,89.1700,1
47067265458968,13:04:27.265,89.1700,28
47067265459554,13:04:27.265,89.1700,66
47067265924303,13:04:27.265,89.1700,6
47127402789391,13:05:27.402,89.1900,12
47188540439024,13:06:28.540,89.1400,100
47205643720061,13:06:45.643,89.1400,100
47207937300696,13:06:47.937,89.1700,2
47381397224407,13:09:41.397,89.1700,64
47430005838287,13:10:30.005,89.1400,100
47430005838287,13:10:30.005,89.1400,100
47458261431711,13:10:58.261,89.1600,100
47458261431711,13:10:58.261,89.1600,100
47462767950574,13:11:02.767,89.1700,100
47621835147689,13:13:41.835,89.1600,100
47621835176961,13:13:41.835,89.1700,100
47621838273039,13:13:41.838,89.1700,100
47663222180595,13:14:23.222,89.1800,100
47663222180595,13:14:23.222,89.1800,2
47663223129887,13:14:23.223,89.1900,56
47663223135696,13:14:23.223,89.1900,32
47663223144583,13:14:23.223,89.1900,100
47663238799386,13:14:23.238,89.2000,100
47663314202203,13:14:23.314,89.2100,100
47759899355560,13:15:59.899,89.2600,100
47759899416633,13:15:59.899,89.2600,100
47780723094558,13:16:20.723,89.2300,100
47780723094558,13:16:20.723,89.2300,100
47780723094558,13:16:20.723,89.2300,100
47930285674764,13:18:50.285,89.2200,100
47930285674764,13:18:50.285,89.2200,100
47930285674764,13:18:50.285,89.2200,37
47930286100081,13:18:50.286,89.2200,37
47930287208256,13:18:50.287,89.2100,100
47930294216953,13:18:50.294,89.2000,100
47932744026262,13:18:52.744,89.2000,1
47932768454448,13:18:52.768,89.2200,100
47932768941408,13:18:52.768,89.2200,100
47932771893610,13:18:52.771,89.2300,100
47932771951100,13:18:52.771,89.2300,100
47941027555540,13:19:01.027,89.2000,99
48022861887987,13:20:22.861,89.2000,100
48045830939772,13:20:45.830,89.2000,41
48046859722010,13:20:46.859,89.1800,1
48046860312948,13:20:46.860,89.1700,1
48046860312948,13:20:46.860,89.1700,4
48046861227658,13:20:46.861,89.1600,1
48046861227658,13:20:46.861,89.1600,1
48046861227658,13:20:46.861,89.1600,100
48046862047033,13:20:46.862,89.1500,5
48047190424605,13:20:47.190,89.1400,2
48047190424605,13:20:47.190,89.1400,1
48048020182124,13:20:48.020,89.1200,2
48048020182124,13:20:48.020,89.1200,2
48049437340480,13:20:49.437,89.1100,1
48049437340480,13:20:49.437,89.1100,1
48049437340480,13:20:49.437,89.1100,1
48049437340480,13:20:49.437,89.1100,97
48051265521539,13:20:51.265,89.1700,5
48051265521539,13:20:51.265,89.1700,28
48051267052098,13:20:51.267,89.1500,100
48140702171725,13:22:20.702,89.1100,37
48140702171725,13:22:20.702,89.1000,1
48147103387909,13:22:27.103,89.0900,1
48147103387909,13:22:27.103,89.0900,1
48161552409185,13:22:41.552,89.0800,1
48161552409185,13:22:41.552,89.0800,1
48164347779498,13:22:44.347,89.0700,1
48164347779498,13:22:44.347,89.0700,100
48170259098205,13:22:50.259,89.0600,1
48170259098205,13:22:50.259,89.0600,1
48170259098205,13:22:50.259,89.0500,1
48170259098205,13:22:50.259,89.0400,2
48170259098205,13:22:50.259,89.0400,1
48170259098205,13:22:50.259,89.0400,1
48170259098205,13:22:50.259,89.0400,93
48171517034486,13:22:51.517,89.0300,1
48171517034486,13:22:51.517,89.0300,1
48171517034486,13:22:51.517,89.0300,1
48171518333333,13:22:51.518,89.0400,100
48171518333333,13:22:51.518,89.0400,10
48171532444148,13:22:51.532,89.0300,10
48173849498816,13:22:53.849,89.0300,100
48174691229641,13:22:54.691,89.0700,100
48174691229641,13:22:54.691,89.0700,4
48283938609925,13:24:43.938,89.0800,100
48283938609925,13:24:43.938,89.0800,3
48289576045825,13:24:49.576,89.0800,200
48291618132056,13:24:51.618,89.1300,100
48357263646332,13:25:57.263,89.1600,4
48449251401760,13:27:29.251,89.1300,62
48449253458238,13:27:29.253,89.1600,5
48517941410097,13:28:37.941,89.1700,100
48517941410097,13:28:37.941,89.1700,100
48545067956804,13:29:05.067,89.1700,6
48641916754636,13:30:41.916,89.1700,67
48641916754636,13:30:41.916,89.1700,6
48646581952297,13:30:46.581,89.2400,100
48646581988555,13:30:46.581,89.2400,100
48651200429647,13:30:51.200,89.2700,100
48703979080105,13:31:43.979,89.2600,100
48749094834349,13:32:29.094,89.2200,100
48850199298477,13:34:10.199,89.1900,100
48852137948946,13:34:12.137,89.1600,100
48852139167881,13:34:12.139,89.1600,50
48853768243921,13:34:13.768,89.1900,6
48853768243921,13:34:13.768,89.2000,7
48853768243921,13:34:13.768,89.2100,87
48883104083028,13:34:43.104,89.1700,1
48896611455390,13:34:56.611,89.1700,100
48904500017378,13:35:04.500,89.1700,99
48910673619310,13:35:10.673,89.1700,1
49038425240681,13:37:18.425,89.1700,100
49038425972270,13:37:18.425,89.1800,6
49038426348230,13:37:18.426,89.1700,47
49038426361060,13:37:18.426,89.1700,53
49047567039058,13:37:27.567,89.2000,100
49071214421819,13:37:51.214,89.2200,100
49071245125981,13:37:51.245,89.2500,4
49071245152554,13:37:51.245,89.2500,16
49122712654024,13:38:42.712,89.2000,100
49122712654024,13:38:42.712,89.2000,100
49180541180280,13:39:40.541,89.1800,100
49180541590971,13:39:40.541,89.1800,100
49180541590971,13:39:40.541,89.1800,100
49180541927175,13:39:40.541,89.1700,1
49200268414895,13:40:00.268,89.1600,2
49200268414895,13:40:00.268,89.1600,98
49211446017248,13:40:11.446,89.2000,100
49211446017248,13:40:11.446,89.2000,100
49211446017248,13:40:11.446,89.2000,100
49211446017248,13:40:11.446,89.2000,6
49211477058496,13:40:11.477,89.2000,100
49264905285731,13:41:04.905,89.2000,5
49264905545697,13:41:04.905,89.2000,6
49370817748354,13:42:50.817,89.2000,100
49399150578675,13:43:19.150,89.1900,102
49417578909262,13:43:37.578,89.2000,100
49441100855744,13:44:01.100,89.1600,100
49441101204114,13:44:01.101,89.1600,100
49446432345648,13:44:06.432,89.1900,100
49446432345648,13:44:06.432,89.1900,100
49446432345648,13:44:06.432,89.1900,7
49446434256825,13:44:06.434,89.2000,100
49446434256825,13:44:06.434,89.2000,100
49446437778489,13:44:06.437,89.2200,17
49460951941194,13:44:20.951,89.2400,100
49475456510007,13:44:35.456,89.2300,100
49475456871354,13:44:35.456,89.2300,100
49475606518453,13:44:35.606,89.2400,100
49476997548426,13:44:36.997,89.2500,100
49476997548426,13:44:36.997,89.2500,100
49490292264575,13:44:50.292,89.2500,90
49490292320417,13:44:50.292,89.2500,10
49490292320417,13:44:50.292,89.2500,90
49490292350587,13:44:50.292,89.2500,10
49490319655968,13:44:50.319,89.2500,100
49514553200847,13:45:14.553,89.2200,100
49514553201325,13:45:14.553,89.2200,100
49515181000563,13:45:15.181,89.2200,300
49515181364646,13:45:15.181,89.2200,300
49515181386943,13:45:15.181,89.2200,30
49515181393139,13:45:15.181,89.2200,70
49515181393139,13:45:15.181,89.2000,100
49515181393139,13:45:15.181,89.2000,100
49515181393139,13:45:15.181,89.2000,30
49515181496507,13:45:15.181,89.2000,70
49515182190208,13:45:15.182,89.2100,100
49519227879963,13:45:19.227,89.2200,100
49519254347744,13:45:19.254,89.2200,20
49519254347744,13:45:19.254,89.2200,100
49519254347744,13:45:19.254,89.2200,9
49519254791380,13:45:19.254,89.2200,100
49521536759974,13:45:21.536,89.2300,141
49521536759974,13:45:21.536,89.2300,62
49521536789591,13:45:21.536,89.2300,19
49521536802118,13:45:21.536,89.2300,19
49521536802118,13:45:21.536,89.2300,81
49521536832575,13:45:21.536,89.2300,19
49711674762362,13:48:31.674,89.3000,100
49711674762362,13:48:31.674,89.3000,7
49712987537565,13:48:32.987,89.3300,100
49712987537565,13:48:32.987,89.3300,100
49721333440953,13:48:41.333,89.3200,20
49721333828362,13:48:41.333,89.3200,20
49797178155271,13:49:57.178,89.3200,37
49797178224108,13:49:57.178,89.3200,43
49797468573431,13:49:57.468,89.3000,100
49799513424952,13:49:59.513,89.2500,100
49799513424952,13:49:59.513,89.2500,1
49799513424952,13:49:59.513,89.2500,100
49799513424952,13:49:59.513,89.2500,1
49828257952462,13:50:28.257,89.2450,100
49837059584896,13:50:37.059,89.2450,100
49842340754630,13:50:42.340,89.2400,1
49842341223410,13:50:42.341,89.2300,1
49842341223410,13:50:42.341,89.2300,1
49842341584854,13:50:42.341,89.2400,1
49842341960029,13:50:42.341,89.2400,100
49842342369937,13:50:42.342,89.2400,100
49845899054515,13:50:45.899,89.2500,100
49845899084186,13:50:45.899,89.2500,9
49845899570073,13:50:45.899,89.2600,200
49855499006228,13:50:55.499,89.2800,100
49855499879435,13:50:55.499,89.2900,90
49954915642710,13:52:34.915,89.2800,200
49954915649575,13:52:34.915,89.2800,200
49954915658790,13:52:34.915,89.2600,100
49954915658790,13:52:34.915,89.2600,100
49954916328009,13:52:34.916,89.2400,67
49954916443888,13:52:34.916,89.2400,12
49956181105619,13:52:36.181,89.2400,21
49976529892141,13:52:56.529,89.2800,25
49976529892141,13:52:56.529,89.2800,11
49992980473631,13:53:12.980,89.3100,100
50000310075184,13:53:20.310,89.3000,100
50058143537586,13:54:18.143,89.3300,100
50058143628283,13:54:18.143,89.3300,100
50058143628283,13:54:18.143,89.3300,8
50058143628283,13:54:18.143,89.3300,100
50058143628283,13:54:18.143,89.3300,200
50240329387810,13:57:20.329,89.3000,100
50253189456145,13:57:33.189,89.3100,40
50253189456145,13:57:33.189,89.3200,1
50253189456145,13:57:33.189,89.3200,6
50253189870092,13:57:33.189,89.3200,44
50253189913453,13:57:33.189,89.3200,50
50253189942132,13:57:33.189,89.3200,9
50253189942132,13:57:33.189,89.3200,91
50253190356810,13:57:33.190,89.3200,9
50253992134271,13:57:33.992,89.3000,100
50330857363355,13:58:50.857,89.3000,100
50330857363355,13:58:50.857,89.2900,100
50330857597097,13:58:50.857,89.2900,100
50330859385347,13:58:50.859,89.2500,11
50330859411521,13:58:50.859,89.2500,89
50330881300711,13:58:50.881,89.2400,100
50330881300711,13:58:50.881,89.2400,100
50331391468010,13:58:51.391,89.2200,1
50331391468010,13:58:51.391,89.2000,1
50337320196932,13:58:57.320,89.1900,2
50340081477208,13:59:00.081,89.2000,1
50353939754779,13:59:13.939,89.1700,1
50353940231190,13:59:13.940,89.1600,1
50353940457051,13:59:13.940,89.1500,1
50353940457051,13:59:13.940,89.1500,2
50353942667482,13:59:13.942,89.1600,1
50353943187115,13:59:13.943,89.1800,1
50357263872702,13:59:17.263,89.1600,1
50372169494663,13:59:32.169,89.1200,1
50401354853515,14:00:01.354,89.1000,1
50402686452966,14:00:02.686,89.0900,1
50402686837043,14:00:02.686,89.0700,1
50402686841329,14:00:02.686,89.0600,2
50402695075057,14:00:02.695,89.0500,1
50402695075057,14:00:02.695,89.0500,1
50402700962853,14:00:02.700,89.0400,2
50402701029415,14:00:02.701,89.0300,1
50402713573607,14:00:02.713,89.0200,1
50402713573607,14:00:02.713,89.0200,1
50402769054638,14:00:02.769,89.1500,2
50402769073492,14:00:02.769,89.1500,98
50402769073492,14:00:02.769,89.1500,100
50402769073492,14:00:02.769,89.1500,2
50403675030933,14:00:03.675,89.1400,69
50403675030933,14:00:03.675,89.1500,8
50405724808771,14:00:05.724,89.2100,89
50405724983609,14:00:05.724,89.2100,11
50405724983609,14:00:05.724,89.2100,89
50405760307150,14:00:05.760,89.2100,11
50442131748204,14:00:42.131,89.3900,13
50442186184193,14:00:42.186,89.4600,11
50445286913614,14:00:45.286,89.3400,100
50446508311480,14:00:46.508,89.3400,100
50447061219939,14:00:47.061,89.2900,1
50447078249274,14:00:47.078,89.2800,1
50451059313168,14:00:51.059,89.4300,100
50451060911671,14:00:51.060,89.4400,3
50457629312390,14:00:57.629,89.4500,6
50480888781077,14:01:20.888,89.4300,39
50535688028068,14:02:15.688,89.4200,100
50537827004276,14:02:17.827,89.4000,100
50537827004276,14:02:17.827,89.4000,100
50552232669211,14:02:32.232,89.4400,37
50552794259780,14:02:32.794,89.4500,100
50552794357360,14:02:32.794,89.4700,7
50645992034163,14:04:05.992,89.6400,7
50647190970220,14:04:07.190,89.7200,100
50679676032658,14:04:39.676,89.7500,78
50683081327606,14:04:43.081,89.7500,22
50811157992568,14:06:51.157,89.6800,100
50818267209713,14:06:58.267,89.7300,2
50818267771452,14:06:58.267,89.7200,100
50864934872056,14:07:44.934,89.7100,100
50918365690915,14:08:38.365,89.7800,2
50982784650195,14:09:42.784,89.7600,65
50982784655791,14:09:42.784,89.7600,35
50983557589550,14:09:43.557,89.7500,60
50990633326245,14:09:50.633,89.7900,100
51052052911653,14:10:52.052,89.8000,100
51052064906730,14:10:52.064,89.8200,19
51061074823058,14:11:01.074,89.8400,6
51065055698086,14:11:05.055,89.8700,100
51065058726983,14:11:05.058,89.8900,100
51082548806753,14:11:22.548,89.9400,7
51124434520792,14:12:04.434,89.9600,100
51131946960553,14:12:11.946,89.9700,4
51131946960553,14:12:11.946,89.9700,38
51131946978935,14:12:11.946,89.9700,62
51200801868262,14:13:20.801,89.9600,100
51200801868262,14:13:20.801,89.9600,100
51200802951783,14:13:20.802,89.9700,100
51200802959735,14:13:20.802,89.9700,78
51214048089252,14:13:34.048,89.9900,100
51214048089252,14:13:34.048,90.0000,100
51222212512055,14:13:42.212,90.0500,100
51234461464605,14:13:54.461,90.0800,31
51242136026115,14:14:02.136,90.1000,100
51262697730348,14:14:22.697,90.1200,5
51262697730348,14:14:22.697,90.1200,95
51262697798220,14:14:22.697,90.1200,5
51262697798220,14:14:22.697,90.1200,50
51281399281732,14:14:41.399,90.1500,100
51300162802061,14:15:00.162,90.1200,100
51300162802061,14:15:00.162,90.1100,50
51300162802061,14:15:00.162,90.1100,100
51300162802061,14:15:00.162,90.1100,100
51300164285382,14:15:00.164,90.1100,100
51300176380659,14:15:00.176,90.1000,62
51300176546519,14:15:00.176,90.1000,38
51300200708670,14:15:00.200,90.1000,100
51300568546611,14:15:00.568,90.0700,40
51300581762275,14:15:00.581,90.0600,30
51300915797645,14:15:00.915,90.0700,2
51301362025345,14:15:01.362,90.0700,27
51308604280443,14:15:08.604,90.1500,16
51325187131043,14:15:25.187,90.1800,100
51330831535262,14:15:30.831,90.1100,100
51330832035146,14:15:30.832,90.1000,6
51330832061172,14:15:30.832,90.1000,94
51331262092464,14:15:31.262,90.0700,2
51346373081746,14:15:46.373,90.0500,100
51404596056945,14:16:44.596,90.0500,100
51407979535205,14:16:47.979,90.1000,100
51407979535205,14:16:47.979,90.1000,5
51434060055379,14:17:14.060,90.1000,100
51474354310623,14:17:54.354,90.0500,100
51549255169094,14:19:09.255,90.0800,30
51560034798271,14:19:20.034,90.1500,2
51560034798271,14:19:20.034,90.1500,2
51583911469874,14:19:43.911,90.2000,100
51609328850494,14:20:09.328,90.2200,1
51609328850494,14:20:09.328,90.2200,4
51634950784478,14:20:34.950,90.1900,3
51634950785112,14:20:34.950,90.1900,97
51634950785112,14:20:34.950,90.1900,100
51635674282309,14:20:35.674,90.1300,100
51635674282309,14:20:35.674,90.1300,100
51654088369715,14:20:54.088,90.2100,3
51654263498218,14:20:54.263,90.2000,42
51654267275900,14:20:54.267,90.2000,58
51654685152072,14:20:54.685,90.2100,97
51661236843249,14:21:01.236,90.2900,42
51661236843249,14:21:01.236,90.2900,58
51663862957222,14:21:03.862,90.2900,42
51689246318875,14:21:29.246,90.3300,100
51715217906506,14:21:55.217,90.3300,100
51715483113517,14:21:55.483,90.2800,25
51759074966866,14:22:39.074,90.3300,1
51759074966866,14:22:39.074,90.3300,3
51759074966866,14:22:39.074,90.3300,100
51759125735234,14:22:39.125,90.3800,18
51764344232643,14:22:44.344,90.3800,100
51770024666453,14:22:50.024,90.3900,6
51770024666453,14:22:50.024,90.3900,94
51770360171007,14:22:50.360,90.3200,100
51770360171007,14:22:50.360,90.3200,100
51774196748964,14:22:54.196,90.3800,100
51787681905321,14:23:07.681,90.3800,100
51803805799305,14:23:23.805,90.4000,51
51803806089402,14:23:23.806,90.4000,40
51803806248557,14:23:23.806,90.4000,9
51803806248557,14:23:23.806,90.4000,6
51856719967382,14:24:16.719,90.3600,65
51856719970047,14:24:16.719,90.3600,35
51858284547502,14:24:18.284,90.3600,100
51860019757901,14:24:20.019,90.3900,100
51862273290440,14:24:22.273,90.3900,3
51911085494945,14:25:11.085,90.4200,22
51911899870010,14:25:11.899,90.4500,100
51964780852223,14:26:04.780,90.4700,100
52010403413166,14:26:50.403,90.4000,100
52010403413166,14:26:50.403,90.4000,100
52010403413166,14:26:50.403,90.4000,100
52010403413166,14:26:50.403,90.4000,100
52010403444104,14:26:50.403,90.4000,100
52010403444104,14:26:50.403,90.4000,100
52010403444104,14:26:50.403,90.4000,100
52015025279811,14:26:55.025,90.4000,56
52015025279811,14:26:55.025,90.4000,44
52020343973002,14:27:00.343,90.4000,56
52020343973002,14:27:00.343,90.4000,5
52020343973002,14:27:00.343,90.4000,39
52042804024533,14:27:22.804,90.3500,86
52042804025129,14:27:22.804,90.3500,14
52068778725436,14:27:48.778,90.3200,61
52068779059393,14:27:48.779,90.3200,3
52068779065684,14:27:48.779,90.3200,36
52080025927022,14:28:00.025,90.3500,100
52080026160399,14:28:00.026,90.3500,23
52080026208081,14:28:00.026,90.3500,77
52178813074980,14:29:38.813,90.3900,100
52203697339177,14:30:03.697,90.3900,56
52203697339177,14:30:03.697,90.3900,56
52203697339177,14:30:03.697,90.4000,56
52203697339177,14:30:03.697,90.4000,56
52203697339177,14:30:03.697,90.4000,6
52208694858284,14:30:08.694,90.4500,100
52229820501432,14:30:29.820,90.5100,100
52310464529901,14:31:50.464,90.4600,81
52310464582427,14:31:50.464,90.4600,7
52310464661385,14:31:50.464,90.4600,12
52310464661385,14:31:50.464,90.4600,100
52310464661385,14:31:50.464,90.4600,12
52310464692005,14:31:50.464,90.4600,8
52310465160020,14:31:50.465,90.4600,80
52310465160020,14:31:50.465,90.4600,20
52310465272987,14:31:50.465,90.4600,42
52310465272987,14:31:50.465,90.4600,100
52332953526159,14:32:12.953,90.4700,56
52332953526159,14:32:12.953,90.4700,100
52332953526159,14:32:12.953,90.4700,32
52332953577190,14:32:12.953,90.4700,68
52332953577190,14:32:12.953,90.4700,12
52332953577190,14:32:12.953,90.4700,20
52332953659561,14:32:12.953,90.4700,80
52332953694406,14:32:12.953,90.4700,20
52332953726377,14:32:12.953,90.4700,60
52332954032304,14:32:12.954,90.4700,20
52339051314245,14:32:19.051,90.5300,100
52344097944159,14:32:24.097,90.5200,100
52348725131607,14:32:28.725,90.5300,45
52358195386054,14:32:38.195,90.4700,8
52371604807618,14:32:51.604,90.5200,56
52403970931533,14:33:23.970,90.5300,100
52444369222334,14:34:04.369,90.5600,100
52444369803876,14:34:04.369,90.5600,10
52509363412160,14:35:09.363,90.6100,100
52510643201593,14:35:10.643,90.6100,100
52510643639049,14:35:10.643,90.6100,1
52516114101661,14:35:16.114,90.5600,92
52516114101661,14:35:16.114,90.5600,100
52516114101661,14:35:16.114,90.5600,200
52516114101661,14:35:16.114,90.5600,6
52516116368270,14:35:16.116,90.5200,100
52535975825752,14:35:35.975,90.5400,100
52549297637667,14:35:49.297,90.5400,100
52549297741999,14:35:49.297,90.5100,10
52564289881505,14:36:04.289,90.4700,180
52564289953200,14:36:04.289,90.4700,20
52564289953200,14:36:04.289,90.4700,20
52564290282043,14:36:04.290,90.4700,90
52564290561781,14:36:04.290,90.4700,100
52564293666719,14:36:04.293,90.4400,100
52564556835986,14:36:04.556,90.4400,200
52564556835986,14:36:04.556,90.4300,100
52564556897219,14:36:04.556,90.4300,200
52572196991887,14:36:12.196,90.4300,200
52572196991887,14:36:12.196,90.4200,100
52572197066357,14:36:12.197,90.4200,200
52572197581948,14:36:12.197,90.4200,63
52572197609113,14:36:12.197,90.4200,1
52572210052060,14:36:12.210,90.4200,1
52572210067224,14:36:12.210,90.4200,35
52572210067224,14:36:12.210,90.4200,65
52572227849091,14:36:12.227,90.4200,35
52576249511421,14:36:16.249,90.3600,200
52599536187696,14:36:39.536,90.3600,100
52599536187696,14:36:39.536,90.3600,198
52638313777698,14:37:18.313,90.4100,1
52638344327286,14:37:18.344,90.4200,100
52638344354077,14:37:18.344,90.4200,100
52638344406435,14:37:18.344,90.4200,6
52638344406435,14:37:18.344,90.4200,2
52638641419156,14:37:18.641,90.4300,100
52645794589994,14:37:25.794,90.4600,100
52646178384626,14:37:26.178,90.4600,100
52646178384626,14:37:26.178,90.4600,100
52646178384626,14:37:26.178,90.4600,200
52653053791617,14:37:33.053,90.5100,36
52660399987546,14:37:40.399,90.5600,100
52666958439166,14:37:46.958,90.6000,100
52689545614643,14:38:09.545,90.6300,100
52689546022618,14:38:09.546,90.6300,15
52689546111012,14:38:09.546,90.6300,100
52710050068296,14:38:30.050,90.5700,300
52710050068296,14:38:30.050,90.5700,100
52710050068296,14:38:30.050,90.5700,100
52710050068296,14:38:30.050,90.5700,2
52710050590120,14:38:30.050,90.5700,100
52724492083784,14:38:44.492,90.6200,100
52728207763287,14:38:48.207,90.6400,200
52728224799090,14:38:48.224,90.6600,100
52728245247528,14:38:48.245,90.6700,100
52728245247528,14:38:48.245,90.6700,100
52736832012674,14:38:56.832,90.6300,100
52756378252749,14:39:16.378,90.6300,98
52756378361303,14:39:16.378,90.6300,2
52764774424609,14:39:24.774,90.6200,100
52770333421944,14:39:30.333,90.6000,100
52770333641925,14:39:30.333,90.6000,200
52770333641925,14:39:30.333,90.6000,100
52815230496780,14:40:15.230,90.5900,100
52955055150197,14:42:35.055,90.6100,100
52955093908127,14:42:35.093,90.6100,100
52955660731651,14:42:35.660,90.6300,100
52956065209893,14:42:36.065,90.6200,14
52960045711680,14:42:40.045,90.6000,90
52960046214583,14:42:40.046,90.6000,10
52964919986669,14:42:44.919,90.6500,32
52972880497101,14:42:52.880,90.6700,11
52972880497101,14:42:52.880,90.6700,36
52974317270535,14:42:54.317,90.6700,2
52974323868250,14:42:54.323,90.6700,4
52975505338761,14:42:55.505,90.6700,58
52988931627729,14:43:08.931,90.6400,10
52996007045355,14:43:16.007,90.6000,100
52996007045355,14:43:16.007,90.6000,100
52996128640230,14:43:16.128,90.5600,100
52996130847651,14:43:16.130,90.5500,9
52996233955899,14:43:16.233,90.5500,91
53007916332838,14:43:27.916,90.6200,39
53016330876760,14:43:36.330,90.6700,100
53016330876760,14:43:36.330,90.6700,100
53016330907664,14:43:36.330,90.6700,100
53028717029195,14:43:48.717,90.7100,6
53028717029195,14:43:48.717,90.7100,94
53028717600267,14:43:48.717,90.7100,6
53078381054794,14:44:38.381,90.7300,13
53160883107002,14:46:00.883,90.7900,100
53164576652076,14:46:04.576,90.7800,100
53164576652076,14:46:04.576,90.7800,100
53164578304230,14:46:04.578,90.7800,100
53188271589487,14:46:28.271,90.7800,100
53188271589487,14:46:28.271,90.7800,97
53188271821075,14:46:28.271,90.7800,3
53188271821075,14:46:28.271,90.7800,17
53215977126106,14:46:55.977,90.8700,100
53216404454171,14:46:56.404,90.8700,1
53240480188687,14:47:20.480,90.9200,100
53245985735384,14:47:25.985,90.8600,100
53245986652948,14:47:25.986,90.8400,9
53321993929899,14:48:41.993,90.8400,400
53321994480513,14:48:41.994,90.8300,2
53321995189781,14:48:41.995,90.8300,98
53330592623446,14:48:50.592,90.8400,60
53330592652575,14:48:50.592,90.8400,40
53332033038187,14:48:52.033,90.8300,20
53332033406141,14:48:52.033,90.8300,15
53332033426461,14:48:52.033,90.8300,15
53333251583827,14:48:53.251,90.8300,100
53333251950684,14:48:53.251,90.8400,100
53417637165884,14:50:17.637,90.8700,100
53422240780073,14:50:22.240,90.8400,100
53441789281393,14:50:41.789,90.8300,100
53441789281393,14:50:41.789,90.8300,100
53441789281393,14:50:41.789,90.8300,100
53446762943177,14:50:46.762,90.8300,36
53446767189915,14:50:46.767,90.8200,100
53449767258596,14:50:49.767,90.8000,100
53449767258596,14:50:49.767,90.8000,100
53450692493177,14:50:50.692,90.7900,10
53459597630688,14:50:59.597,90.7900,100
53459597630688,14:50:59.597,90.7900,100
53459597949435,14:50:59.597,90.7900,70
53459599172311,14:50:59.599,90.7900,30
53466474278424,14:51:06.474,90.7500,100
53473426158329,14:51:13.426,90.7700,100
53476757539581,14:51:16.757,90.8100,100
53476757680948,14:51:16.757,90.8100,8
53492607732951,14:51:32.607,90.7600,100
53503643538262,14:51:43.643,90.7500,100
53503643611131,14:51:43.643,90.7500,300
53503643611131,14:51:43.643,90.7500,100
53503643709807,14:51:43.643,90.7400,100
53503643709807,14:51:43.643,90.7400,100
53504989915852,14:51:44.989,90.7500,100
53509322584473,14:51:49.322,90.7600,100
53509328498573,14:51:49.328,90.7800,100
53511095741283,14:51:51.095,90.7800,100
53522822928047,14:52:02.822,90.8300,45
53522835667523,14:52:02.835,90.8300,55
53526127062178,14:52:06.127,90.8300,8
53537192611958,14:52:17.192,90.8700,100
53541999796892,14:52:21.999,90.9000,56
53541999865823,14:52:21.999,90.9000,44
53542001846883,14:52:22.001,90.9100,100
53566927314382,14:52:46.927,90.9800,2
53566927314382,14:52:46.927,90.9900,25
53566927314382,14:52:46.927,90.9900,73
53567617124106,14:52:47.617,90.9600,56
53567617190516,14:52:47.617,90.9600,44
53570137029919,14:52:50.137,90.9500,100
53583532264302,14:53:03.532,90.9800,100
53584566374342,14:53:04.566,90.9800,100
53585813798549,14:53:05.813,90.9800,100
53585813851701,14:53:05.813,90.9800,43
53586721281500,14:53:06.721,91.0000,100
53588106976331,14:53:08.106,91.0200,3
53592356480024,14:53:12.356,91.0100,100
53599837489724,14:53:19.837,91.0100,100
53599837489724,14:53:19.837,91.0100,20
53618257705379,14:53:38.257,90.9800,100
53620980216850,14:53:40.980,90.9900,9
53625613515519,14:53:45.613,91.0100,125
53625613515519,14:53:45.613,91.0100,75
53625635189789,14:53:45.635,91.0100,25
53625635189789,14:53:45.635,91.0100,75
53625713272425,14:53:45.713,91.0100,25
53689652076937,14:54:49.652,91.0100,100
53689652076937,14:54:49.652,91.0100,100
53689763269014,14:54:49.763,90.9800,100
53700905361755,14:55:00.905,91.0100,2
53714050707991,14:55:14.050,90.9700,300
53714050707991,14:55:14.050,90.9700,100
53714050707991,14:55:14.050,90.9700,86
53751471309655,14:55:51.471,90.9900,100
53765193533495,14:56:05.193,90.9700,100
53776377324861,14:56:16.377,90.9700,3
53776377324861,14:56:16.377,90.9700,97
53776377354543,14:56:16.377,90.9700,3
53780544162872,14:56:20.544,90.9500,100
53780544609511,14:56:20.544,90.9500,100
53780545336470,14:56:20.545,90.9500,100
53780545713417,14:56:20.545,90.9500,100
53780545761733,14:56:20.545,90.9500,100
53780545835227,14:56:20.545,90.9500,100
53786189133695,14:56:26.189,90.9400,100
53797832562181,14:56:37.832,90.9800,100
53800936232313,14:56:40.936,91.0200,100
53800991547135,14:56:40.991,91.0000,25
53829595482545,14:57:09.595,91.0300,100
53829595514357,14:57:09.595,91.0300,100
53829601206417,14:57:09.601,91.0200,100
53829662622856,14:57:09.662,91.0100,100
53861920583720,14:57:41.920,91.0000,200
53861921017949,14:57:41.921,91.0200,15
53864974447212,14:57:44.974,91.0700,100
53871578594703,14:57:51.578,91.1700,100
53879967050639,14:57:59.967,91.1700,5
53879967050639,14:57:59.967,91.1800,95
53879967107926,14:57:59.967,91.1800,5
53896731974308,14:58:16.731,91.2000,55
53896731974308,14:58:16.731,91.2000,1
53896731974308,14:58:16.731,91.2000,100
53965714657604,14:59:25.714,91.1800,100
53965720397521,14:59:25.720,91.1700,100
53965722580879,14:59:25.722,91.1600,100
53965736835509,14:59:25.736,91.1900,100
53966659651573,14:59:26.659,91.1400,100
53966659651573,14:59:26.659,91.1400,100
53966659651573,14:59:26.659,91.1400,100
54000780001612,15:00:00.780,91.0900,1
54001280769661,15:00:01.280,91.0900,200
54023174877313,15:00:23.174,91.0400,3
54023174877313,15:00:23.174,91.0400,100
54076910778452,15:01:16.910,90.9900,100
54076911750525,15:01:16.911,90.9800,10
54076911750525,15:01:16.911,90.9600,56
54076917781431,15:01:16.917,90.9600,44
54117578830755,15:01:57.578,90.9500,3
54121493851566,15:02:01.493,90.9500,97
54121493851566,15:02:01.493,90.9500,100
54197844377149,15:03:17.844,90.9100,2
54197844377149,15:03:17.844,90.9100,98
54197844548290,15:03:17.844,90.9100,4
54197844582392,15:03:17.844,90.9100,96
54197845459730,15:03:17.845,90.9100,2
54197845459730,15:03:17.845,90.9100,2
54198798522388,15:03:18.798,90.9100,100
54220674241798,15:03:40.674,90.8900,100
54220675266526,15:03:40.675,90.8800,100
54224440446686,15:03:44.440,90.8600,1
54245007992770,15:04:05.007,90.8500,1
54245007992770,15:04:05.007,90.8500,100
54245007992770,15:04:05.007,90.8500,99
54245008675442,15:04:05.008,90.8500,1
54245008675442,15:04:05.008,90.8500,74
54246505389485,15:04:06.505,90.8500,26
54249248881716,15:04:09.248,90.8500,100
54255199905817,15:04:15.199,90.8700,10
54261758906273,15:04:21.758,90.8300,1
54261758906273,15:04:21.758,90.8300,99
54270124437620,15:04:30.124,90.8700,100
54270124437620,15:04:30.124,90.8700,100
54270734716247,15:04:30.734,90.8800,100
54270734716247,15:04:30.734,90.8800,100
54270734716247,15:04:30.734,90.8800,200
54271643319398,15:04:31.643,90.8900,100
54271643348902,15:04:31.643,90.9000,50
54271647102812,15:04:31.647,90.9000,50
54274528109195,15:04:34.528,90.9100,100
54274528109195,15:04:34.528,90.9100,200
54274528109195,15:04:34.528,90.9100,100
54274528109195,15:04:34.528,90.9100,100
54284613933586,15:04:44.613,90.9300,100
54296230122660,15:04:56.230,90.9300,58
54296230199457,15:04:56.230,90.9300,42
54296230199457,15:04:56.230,90.9300,56
54306895677219,15:05:06.895,90.8900,100
54306895677219,15:05:06.895,90.8900,100
54306895794068,15:05:06.895,90.8900,1
54306896113613,15:05:06.896,90.8900,3
54306896272286,15:05:06.896,90.8900,1
54306896442332,15:05:06.896,90.8900,96
54306896785880,15:05:06.896,90.8800,100
54306898184190,15:05:06.898,90.8800,100
54320259871762,15:05:20.259,90.9000,86
54320259937059,15:05:20.259,90.9000,14
54329589575000,15:05:29.589,90.9100,100
54329589575000,15:05:29.589,90.9100,100
54346041666609,15:05:46.041,90.9100,100
54351478534702,15:05:51.478,90.8900,100
54351479141323,15:05:51.479,90.8800,100
54351479141323,15:05:51.479,90.8800,100
54352652976473,15:05:52.652,90.8700,100
54354529674998,15:05:54.529,90.8600,100
54358089210269,15:05:58.089,90.8700,100
54358093240351,15:05:58.093,90.8900,100
54358096598946,15:05:58.096,90.9100,100
54358096598946,15:05:58.096,90.9100,100
54358102697335,15:05:58.102,90.9400,172
54358104134675,15:05:58.104,90.9400,100
54423227310574,15:07:03.227,90.8900,200
54423227406649,15:07:03.227,90.8800,100
54423227406649,15:07:03.227,90.8800,100
54423244583478,15:07:03.244,90.8700,100
54423244633972,15:07:03.244,90.8500,100
54423244633972,15:07:03.244,90.8500,1
54423457794921,15:07:03.457,90.8400,1
54431606832923,15:07:11.606,90.8400,30
54433706615201,15:07:13.706,90.8500,100
54433706615201,15:07:13.706,90.8500,5
54433706615201,15:07:13.706,90.8500,100
54433707041062,15:07:13.707,90.8600,100
54485499751498,15:08:05.499,90.8700,100
54485499789490,15:08:05.499,90.8700,4
54485511341854,15:08:05.511,90.8800,100
54485511709583,15:08:05.511,90.8800,41
54546049934033,15:09:06.049,90.8600,100
54568928070979,15:09:28.928,90.8200,1
54568928070979,15:09:28.928,90.8200,100
54568929141883,15:09:28.929,90.8100,1
54569942633029,15:09:29.942,90.8100,100
54569984868806,15:09:29.984,90.8000,8
54591736259753,15:09:51.736,90.7900,1
54591736259753,15:09:51.736,90.7900,5
54591745037555,15:09:51.745,90.7900,95
54591754394508,15:09:51.754,90.7800,1
54599515833381,15:09:59.515,90.7700,100
54600169490937,15:10:00.169,90.7600,1
54600169490937,15:10:00.169,90.7600,99
54609277031639,15:10:09.277,90.7500,1
54609277031639,15:10:09.277,90.7500,99
54609727374027,15:10:09.727,90.7500,1
54613259489996,15:10:13.259,90.7700,200
54613259489996,15:10:13.259,90.7800,5
54613259494450,15:10:13.259,90.7800,42
54613259689876,15:10:13.259,90.7800,53
54613259689876,15:10:13.259,90.7800,100
54613259689876,15:10:13.259,90.7800,5
54632509334198,15:10:32.509,90.7400,1
54632509334198,15:10:32.509,90.7400,100
54632509334198,15:10:32.509,90.7400,99
54632509614010,15:10:32.509,90.7400,1
54632516954994,15:10:32.516,90.7300,1
54632727156003,15:10:32.727,90.7200,1
54632727156003,15:10:32.727,90.7200,100
54632727156003,15:10:32.727,90.7200,100
54632727219386,15:10:32.727,90.7100,1
54633562438269,15:10:33.562,90.7000,1
54633562438269,15:10:33.562,90.7000,300
54633635384582,15:10:33.635,90.6900,1
54633657366063,15:10:33.657,90.6800,1
54639937978089,15:10:39.937,90.6700,1
54641651672636,15:10:41.651,90.6600,1
54641651672636,15:10:41.651,90.6600,300
54643465431246,15:10:43.465,90.6400,1
54644539942718,15:10:44.539,90.6200,100
54652593423607,15:10:52.593,90.6400,100
54652593423607,15:10:52.593,90.6400,100
54663551400288,15:11:03.551,90.6100,100
54665929228468,15:11:05.929,90.6000,1
54665929500426,15:11:05.929,90.5900,1
54665929500426,15:11:05.929,90.5900,200
54665929500426,15:11:05.929,90.5900,100
54665931805821,15:11:05.931,90.5800,1
54668752971408,15:11:08.752,90.5500,1
54686715544933,15:11:26.715,90.5300,1
54686715544933,15:11:26.715,90.5300,18
54686716346100,15:11:26.716,90.5300,82
54686719571799,15:11:26.719,90.5200,1
54686719571799,15:11:26.719,90.5200,1
54689059282912,15:11:29.059,90.5200,100
54692015399379,15:11:32.015,90.5600,100
54711728864802,15:11:51.728,90.5200,100
54756588298598,15:12:36.588,90.5600,100
54756588298598,15:12:36.588,90.5600,12
54756588298598,15:12:36.588,90.5600,3
54756588298598,15:12:36.588,90.5600,100
54756598921600,15:12:36.598,90.5800,100
54761766991146,15:12:41.766,90.5300,100
54767564908590,15:12:47.564,90.5500,100
54767564908590,15:12:47.564,90.5500,100
54790230920595,15:13:10.230,90.5600,40
54795809254238,15:13:15.809,90.5600,260
54795809254238,15:13:15.809,90.5600,25
54795809284141,15:13:15.809,90.5600,75
54795809284141,15:13:15.809,90.5600,100
54801694923237,15:13:21.694,90.5800,100
54801695208633,15:13:21.695,90.5850,100
54821827843459,15:13:41.827,90.6300,100
54836709235368,15:13:56.709,90.6100,100
54836709235368,15:13:56.709,90.6100,100
54837535422486,15:13:57.535,90.5800,1
54843648807565,15:14:03.648,90.5800,200
54849689100078,15:14:09.689,90.5400,100
54849689100078,15:14:09.689,90.5400,300
54849690279278,15:14:09.690,90.5200,100
54922182053559,15:15:22.182,90.5300,100
54922182083998,15:15:22.182,90.5300,200
54922294990293,15:15:22.294,90.5300,100
54938367849295,15:15:38.367,90.5400,100
54938367849295,15:15:38.367,90.5400,4
54938367849295,15:15:38.367,90.5400,196
54938367881866,15:15:38.367,90.5400,4
54939786416474,15:15:39.786,90.5500,100
54940289721061,15:15:40.289,90.5500,100
54940289819998,15:15:40.289,90.5500,100
54953895053681,15:15:53.895,90.5500,100
54953895594914,15:15:53.895,90.5500,100
54953895594914,15:15:53.895,90.5500,100
54953895594914,15:15:53.895,90.5500,100
54953895770267,15:15:53.895,90.5500,100
54971023457552,15:16:11.023,90.5800,9
54971031527447,15:16:11.031,90.5800,6
54990421682914,15:16:30.421,90.5600,100
54990421682914,15:16:30.421,90.5600,100
54990421682914,15:16:30.421,90.5600,200
54990421682914,15:16:30.421,90.5600,17
54990421714559,15:16:30.421,90.5600,83
54990422497154,15:16:30.422,90.5500,100
54990424426910,15:16:30.424,90.5400,100
55031244524759,15:17:11.244,90.5300,100
55031244524759,15:17:11.244,90.5300,100
55031244524759,15:17:11.244,90.5300,100
55047043083426,15:17:27.043,90.5000,1
55047043083426,15:17:27.043,90.5000,1
55049848110652,15:17:29.848,90.4900,1
55049848110652,15:17:29.848,90.4900,100
55049848632856,15:17:29.848,90.4800,1
55049848632856,15:17:29.848,90.4800,100
55049848632856,15:17:29.848,90.4800,1
55049849233251,15:17:29.849,90.4800,36
55052012030083,15:17:32.012,90.4700,1
55058983237951,15:17:38.983,90.4600,14
55058983237951,15:17:38.983,90.4600,2
55073215058847,15:17:53.215,90.4500,100
55094149972105,15:18:14.149,90.4400,4
55094149972105,15:18:14.149,90.4400,96
55178292198632,15:19:38.292,90.4400,100
55178292198632,15:19:38.292,90.4400,100
55202683380630,15:20:02.683,90.4800,43
55202683410546,15:20:02.683,90.4800,57
55202683410546,15:20:02.683,90.4800,29
55202683833094,15:20:02.683,90.4800,71
55203685329414,15:20:03.685,90.5100,100
55203685329414,15:20:03.685,90.5100,100
55212855880549,15:20:12.855,90.5300,100
55214259602918,15:20:14.259,90.5300,100
55218470965113,15:20:18.470,90.5300,200
55218471198828,15:20:18.471,90.5300,100
55218471402429,15:20:18.471,90.5300,10
55221420594441,15:20:21.420,90.5100,52
55237519002943,15:20:37.519,90.5500,100
55237519002943,15:20:37.519,90.5500,1
55237519166282,15:20:37.519,90.5500,100
55238010986771,15:20:38.010,90.5700,7
55238013113084,15:20:38.013,90.5500,30
55238013319462,15:20:38.013,90.5500,70
55238013319462,15:20:38.013,90.5500,100
55238013319462,15:20:38.013,90.5500,30
55248586504249,15:20:48.586,90.5300,48
55257666879564,15:20:57.666,90.5200,42
55269783933867,15:21:09.783,90.5200,58
55269783933867,15:21:09.783,90.5200,100
55269784668890,15:21:09.784,90.5100,62
55270153667372,15:21:10.153,90.5400,59
55302077226950,15:21:42.077,90.4900,59
55302077241190,15:21:42.077,90.4900,41
55313043845249,15:21:53.043,90.5100,100
55313043845249,15:21:53.043,90.5100,100
55325430087381,15:22:05.430,90.4800,10
55330609885988,15:22:10.609,90.4700,100
55348345691589,15:22:28.345,90.4500,2
55348345691589,15:22:28.345,90.4500,100
55365649756411,15:22:45.649,90.4400,100
55377185794174,15:22:57.185,90.4200,1
55377185794174,15:22:57.185,90.4200,1
55377443696723,15:22:57.443,90.4100,1
55377443696723,15:22:57.443,90.4100,20
55383088824731,15:23:03.088,90.4100,100
55388265153558,15:23:08.265,90.4300,200
55388265153558,15:23:08.265,90.4400,100
55388265153558,15:23:08.265,90.4400,100
55388266250214,15:23:08.266,90.4400,100
55388269061840,15:23:08.269,90.4600,100
55388269061840,15:23:08.269,90.4600,47
55388272016255,15:23:08.272,90.4700,100
55388275389163,15:23:08.275,90.4900,100
55390292481881,15:23:10.292,90.5100,100
55391861358251,15:23:11.861,90.5000,20
55397400102450,15:23:17.400,90.5100,100
55397400102450,15:23:17.400,90.5100,46
55397400120960,15:23:17.400,90.5100,54
55397402615512,15:23:17.402,90.5200,100
55412313018283,15:23:32.313,90.5000,100
55430112375546,15:23:50.112,90.5000,100
55437211500491,15:23:57.211,90.5100,100
55438011974088,15:23:58.011,90.5100,29
55449036206070,15:24:09.036,90.5000,100
55455227387044,15:24:15.227,90.5200,3
55455227387044,15:24:15.227,90.5200,91
55455227397160,15:24:15.227,90.5200,9
55455287505038,15:24:15.287,90.5300,100
55503885630050,15:25:03.885,90.5200,100
55503885630050,15:25:03.885,90.5200,100
55520413936187,15:25:20.413,90.5000,100
55520413936187,15:25:20.413,90.5000,60
55520413974294,15:25:20.413,90.5000,40
55520413974294,15:25:20.413,90.5000,47
55525325045560,15:25:25.325,90.5000,94
55528478766062,15:25:28.478,90.5100,100
55529578382416,15:25:29.578,90.5100,100
55566567688096,15:26:06.567,90.5300,100
55578829511342,15:26:18.829,90.5300,100
55578829566491,15:26:18.829,90.5300,7
55578833125871,15:26:18.833,90.5400,100
55578833125871,15:26:18.833,90.5400,20
55618015939002,15:26:58.015,90.5300,100
55618015939002,15:26:58.015,90.5300,100
55673114343349,15:27:53.114,90.5400,100
55673115356301,15:27:53.115,90.5400,34
55673123648453,15:27:53.123,90.5500,152
55673145762510,15:27:53.145,90.5600,100
55673254487947,15:27:53.254,90.5500,100
55673254487947,15:27:53.254,90.5500,100
55673255200244,15:27:53.255,90.5500,29
55688984023377,15:28:08.984,90.5300,1
55688984023377,15:28:08.984,90.5300,42
55688984023377,15:28:08.984,90.5300,100
55724277679021,15:28:44.277,90.5400,100
55724277679021,15:28:44.277,90.5400,100
55724278543396,15:28:44.278,90.5300,25
55724278570845,15:28:44.278,90.5300,75
55741932715871,15:29:01.932,90.5400,100
55754946009516,15:29:14.946,90.5300,100
55772544817619,15:29:32.544,90.5000,100
55780296551084,15:29:40.296,90.4800,1
55796555680719,15:29:56.555,90.4700,37
55796731182270,15:29:56.731,90.4700,63
55796731182270,15:29:56.731,90.4700,37
55796731235910,15:29:56.731,90.4700,62
55800678863704,15:30:00.678,90.4600,1
55803497202933,15:30:03.497,90.4500,1
55803527556095,15:30:03.527,90.4400,2
55803527556095,15:30:03.527,90.4400,1
55803527556095,15:30:03.527,90.4400,100
55806451225495,15:30:06.451,90.4300,1
55812688625455,15:30:12.688,90.4200,1
55812688625455,15:30:12.688,90.4200,100
55812688736265,15:30:12.688,90.4100,2
55814922304874,15:30:14.922,90.4000,1
55814922304874,15:30:14.922,90.4000,1
55814922304874,15:30:14.922,90.4000,1
55821914658169,15:30:21.914,90.3900,1
55821914658169,15:30:21.914,90.3900,1
55822164089042,15:30:22.164,90.3800,1
55822164089042,15:30:22.164,90.3800,1
55822164089042,15:30:22.164,90.3700,2
55822164089042,15:30:22.164,90.3700,96
55822164165120,15:30:22.164,90.3700,4
55831232719935,15:30:31.232,90.4000,2
55832822133044,15:30:32.822,90.4100,100
55832823681520,15:30:32.823,90.4200,100
55832927260454,15:30:32.927,90.4300,20
55832927260454,15:30:32.927,90.4400,80
55832928843657,15:30:32.928,90.4400,20
55868332569670,15:31:08.332,90.4400,64
55868335275354,15:31:08.335,90.4400,39
55868335506145,15:31:08.335,90.4400,97
55868340267251,15:31:08.340,90.4400,100
55872244329332,15:31:12.244,90.4400,200
55872253689200,15:31:12.253,90.4500,100
55872468713424,15:31:12.468,90.4800,2
55872468713424,15:31:12.468,90.4800,2
55872468713424,15:31:12.468,90.4800,96
55873273284146,15:31:13.273,90.4800,4
55873273284146,15:31:13.273,90.4800,96
55873273387198,15:31:13.273,90.4800,4
55873282967726,15:31:13.282,90.4700,100
55873282967726,15:31:13.282,90.4700,30
55874565166055,15:31:14.565,90.4500,100
55878753260009,15:31:18.753,90.4700,30
55891362724948,15:31:31.362,90.4900,7
55915714368117,15:31:55.714,90.5100,91
55915717150649,15:31:55.717,90.5200,100
55947644161233,15:32:27.644,90.4900,100
55947644161233,15:32:27.644,90.4900,100
55947644161233,15:32:27.644,90.4900,11
55947644161233,15:32:27.644,90.4900,13
55951908704070,15:32:31.908,90.4800,100
55974925640879,15:32:54.925,90.4700,30
55976888087496,15:32:56.888,90.4700,70
56022741046936,15:33:42.741,90.4600,100
56022741046936,15:33:42.741,90.4600,100
56022741046936,15:33:42.741,90.4600,100
56022741046936,15:33:42.741,90.4600,100
56028052812312,15:33:48.052,90.4500,100
56028055118382,15:33:48.055,90.4500,14
56029489510709,15:33:49.489,90.4500,86
56033343385672,15:33:53.343,90.4400,16
56040169890340,15:34:00.169,90.4200,100
56041797056510,15:34:01.797,90.4200,21
56041797056510,15:34:01.797,90.4200,100
56062831263653,15:34:22.831,90.4100,1
56062876041720,15:34:22.876,90.4100,8
56068055619642,15:34:28.055,90.4100,52
56068057594613,15:34:28.057,90.4100,100
56069095209051,15:34:29.095,90.4100,99
56069095221114,15:34:29.095,90.4100,49
56069095240535,15:34:29.095,90.4100,90
56073019701724,15:34:33.019,90.4100,2
56084460380217,15:34:44.460,90.4000,100
56084460380217,15:34:44.460,90.4000,100
56084874008592,15:34:44.874,90.3900,100
56092216081818,15:34:52.216,90.3700,100
56092276457579,15:34:52.276,90.3600,1
56092276457579,15:34:52.276,90.3600,1
56093856333044,15:34:53.856,90.3500,1
56093856333044,15:34:53.856,90.3500,1
56099918711087,15:34:59.918,90.3800,100
56099918711087,15:34:59.918,90.3800,100
56102103561359,15:35:02.103,90.4000,126
56103019957729,15:35:03.019,90.4100,100
56103019957729,15:35:03.019,90.4100,100
56106773245986,15:35:06.773,90.4300,4
56106773245986,15:35:06.773,90.4300,100
56106773245986,15:35:06.773,90.4300,8
56120518630933,15:35:20.518,90.4500,30
56120519839359,15:35:20.519,90.4500,100
56120519842274,15:35:20.519,90.4500,18
56120519842274,15:35:20.519,90.4500,82
56120519925266,15:35:20.519,90.4500,12
56120521070568,15:35:20.521,90.4500,6
56132248529824,15:35:32.248,90.4700,100
56132248529824,15:35:32.248,90.4700,100
56133641440709,15:35:33.641,90.5100,100
56136507014213,15:35:36.507,90.5300,100
56136507056245,15:35:36.507,90.5500,76
56164496888027,15:36:04.496,90.5200,100
56168640375893,15:36:08.640,90.5200,55
56168640375893,15:36:08.640,90.5200,100
56172086192092,15:36:12.086,90.5100,100
56172086277510,15:36:12.086,90.5100,1
56196859756206,15:36:36.859,90.5100,200
56198190367402,15:36:38.190,90.5100,3
56201557105274,15:36:41.557,90.5000,100
56201557105274,15:36:41.557,90.5000,100
56201557105274,15:36:41.557,90.5000,200
56204497465190,15:36:44.497,90.4950,100
56210441908630,15:36:50.441,90.5100,91
56210442049243,15:36:50.442,90.5100,9
56210442049243,15:36:50.442,90.5100,9
56210442100234,15:36:50.442,90.5100,73
56210442259451,15:36:50.442,90.5100,18
56210460277859,15:36:50.460,90.5200,100
56231146301206,15:37:11.146,90.5000,100
56231146301206,15:37:11.146,90.5000,100
56231146301206,15:37:11.146,90.5000,200
56231147897652,15:37:11.147,90.5000,50
56250159219435,15:37:30.159,90.5000,100
56251266791765,15:37:31.266,90.5100,166
56251267202471,15:37:31.267,90.5100,34
56251267202471,15:37:31.267,90.5100,100
56256842491648,15:37:36.842,90.5200,100
56256842725448,15:37:36.842,90.5200,100
56256842736936,15:37:36.842,90.5200,30
56258047633389,15:37:38.047,90.5200,170
56265109465517,15:37:45.109,90.5100,100
56270743184742,15:37:50.743,90.5100,100
56295601016803,15:38:15.601,90.5100,100
56297617250726,15:38:17.617,90.5100,11
56302662020797,15:38:22.662,90.5050,100
56322339965156,15:38:42.339,90.5100,100
56322339965156,15:38:42.339,90.5100,100
56322339965156,15:38:42.339,90.5100,200
56322346254424,15:38:42.346,90.5300,100
56322352440635,15:38:42.352,90.5400,60
56325866218806,15:38:45.866,90.5600,11
56347302106547,15:39:07.302,90.5100,3
56347302106547,15:39:07.302,90.5100,97
56347302546415,15:39:07.302,90.5100,103
56363220359190,15:39:23.220,90.5000,100
56363220359190,15:39:23.220,90.5000,100
56363220595960,15:39:23.220,90.5000,100
56369631136201,15:39:29.631,90.5000,100
56369631136201,15:39:29.631,90.5000,100
56387016696629,15:39:47.016,90.5000,4
56403641112243,15:40:03.641,90.4900,100
56403641112243,15:40:03.641,90.4900,100
56403641112243,15:40:03.641,90.4900,100
56403641112243,15:40:03.641,90.4900,7
56403837239562,15:40:03.837,90.4800,100
56403837292287,15:40:03.837,90.4800,100
56411974249220,15:40:11.974,90.4900,100
56419878087346,15:40:19.878,90.4900,84
56420901238246,15:40:20.901,90.4900,100
56426614630418,15:40:26.614,90.4700,100
56426658253998,15:40:26.658,90.4600,2
56426658253998,15:40:26.658,90.4600,100
56426706782111,15:40:26.706,90.4500,2
56427714363131,15:40:27.714,90.4400,100
56442936107077,15:40:42.936,90.4600,3
56442936107077,15:40:42.936,90.4600,57
56442936358335,15:40:42.936,90.4600,43
56442936358335,15:40:42.936,90.4600,57
56442936475413,15:40:42.936,90.4600,343
56442938207919,15:40:42.938,90.4700,100
56442940056208,15:40:42.940,90.4700,100
56442979665986,15:40:42.979,90.4600,100
56461116881913,15:41:01.116,90.4400,60
56461117123240,15:41:01.117,90.4400,40
56463542181823,15:41:03.542,90.4400,100
56463557696068,15:41:03.557,90.4400,92
56463557729281,15:41:03.557,90.4400,8
56463557729281,15:41:03.557,90.4400,92
56464279108076,15:41:04.279,90.4400,8
56464279108076,15:41:04.279,90.4400,100
56466548693202,15:41:06.548,90.4300,2
56468211354753,15:41:08.211,90.4200,2
56468211354753,15:41:08.211,90.4200,98
56468331911197,15:41:08.331,90.4200,2
56468331911197,15:41:08.331,90.4200,14
56468331911197,15:41:08.331,90.4200,100
56474932688948,15:41:14.932,90.4300,100
56480462636663,15:41:20.462,90.4200,100
56480462636663,15:41:20.462,90.4200,100
56480465117841,15:41:20.465,90.4100,2
56480484442777,15:41:20.484,90.4000,2
56480484442777,15:41:20.484,90.4000,1
56480484442777,15:41:20.484,90.4000,97
56480485301066,15:41:20.485,90.4000,3
56481014127351,15:41:21.014,90.3900,1
56481044646158,15:41:21.044,90.3800,2
56481044646158,15:41:21.044,90.3800,1
56498827360133,15:41:38.827,90.3700,1
56498827360133,15:41:38.827,90.3700,99
56498828394800,15:41:38.828,90.3700,1
56498840816049,15:41:38.840,90.3700,88
56498841602904,15:41:38.841,90.3700,12
56498847655195,15:41:38.847,90.3700,11
56498848053624,15:41:38.848,90.3700,22
56498848176755,15:41:38.848,90.3700,22
56498848252073,15:41:38.848,90.3700,22
56498848318739,15:41:38.848,90.3700,1
56498848392002,15:41:38.848,90.3700,21
56501886279718,15:41:41.886,90.3700,1
56509408184463,15:41:49.408,90.3800,100
56509408184463,15:41:49.408,90.3800,100
56509408214527,15:41:49.408,90.3800,100
56509408214527,15:41:49.408,90.3800,100
56509408509413,15:41:49.408,90.3800,96
56509408807817,15:41:49.408,90.3800,4
56509408807817,15:41:49.408,90.3800,96
56509409228146,15:41:49.409,90.3800,4
56522036691650,15:42:02.036,90.3900,100
56522036691650,15:42:02.036,90.3900,100
56522036691650,15:42:02.036,90.3900,100
56522036691650,15:42:02.036,90.3900,100
56522038000926,15:42:02.038,90.4000,100
56528386819232,15:42:08.386,90.4000,100
56528386819232,15:42:08.386,90.4000,100
56528387554042,15:42:08.387,90.3900,30
56531009089614,15:42:11.009,90.3800,100
56531009089614,15:42:11.009,90.3800,96
56531009118173,15:42:11.009,90.3800,4
56531009118173,15:42:11.009,90.3800,7
56531009118173,15:42:11.009,90.3800,100
56531009748891,15:42:11.009,90.3600,1
56531010329547,15:42:11.010,90.3600,96
56531010329547,15:42:11.010,90.3600,4
56531010560482,15:42:11.010,90.3600,50
56533569030119,15:42:13.569,90.3600,1
56533569097278,15:42:13.569,90.3600,45
56533569097278,15:42:13.569,90.3600,100
56533569097278,15:42:13.569,90.3600,40
56538806228862,15:42:18.806,90.3600,100
56538806228862,15:42:18.806,90.3600,100
56538806228862,15:42:18.806,90.3600,100
56538816690121,15:42:18.816,90.3500,2
56538816690121,15:42:18.816,90.3500,1
56567856923399,15:42:47.856,90.3800,4
56572345146454,15:42:52.345,90.3900,54
56573021234952,15:42:53.021,90.3900,100
56580122923080,15:43:00.122,90.4000,100
56580122923080,15:43:00.122,90.4000,100
56580122983450,15:43:00.122,90.4000,100
56580122987794,15:43:00.122,90.4000,100
56580122987794,15:43:00.122,90.4000,100
56582075822622,15:43:02.075,90.4200,100
56582075875766,15:43:02.075,90.4200,100
56625151834157,15:43:45.151,90.4300,100
56625151834157,15:43:45.151,90.4300,99
56625151834157,15:43:45.151,90.4300,100
56625151834157,15:43:45.151,90.4300,100
56625154642559,15:43:45.154,90.4400,100
56652224816215,15:44:12.224,90.4200,40
56652225051750,15:44:12.225,90.4200,1
56652225074685,15:44:12.225,90.4200,50
56652225110008,15:44:12.225,90.4200,9
56652225110008,15:44:12.225,90.4200,11
56652225204168,15:44:12.225,90.4200,28
56652225221199,15:44:12.225,90.4200,61
56652225221199,15:44:12.225,90.4200,20
56696480066772,15:44:56.480,90.4300,1
56696480066772,15:44:56.480,90.4300,3
56696480066772,15:44:56.480,90.4300,56
56696480075257,15:44:56.480,90.4300,44
56696480179535,15:44:56.480,90.4300,100
56696480661889,15:44:56.480,90.4300,44
56700422327163,15:45:00.422,90.4000,43
56700422327163,15:45:00.422,90.4000,100
56700422327163,15:45:00.422,90.4000,100
56700422327163,15:45:00.422,90.4000,100
56700422327163,15:45:00.422,90.4000,100
56700422327163,15:45:00.422,90.3800,100
56700422327163,15:45:00.422,90.3700,100
56700422327163,15:45:00.422,90.3700,100
56700422327163,15:45:00.422,90.3700,200
56700422327163,15:45:00.422,90.3500,100
56700422327163,15:45:00.422,90.3500,100
56701707496664,15:45:01.707,90.4000,100
56701708109653,15:45:01.708,90.4000,44
56702211503642,15:45:02.211,90.4000,56
56702443468353,15:45:02.443,90.4200,55
56714740446508,15:45:14.740,90.3700,100
56730808936517,15:45:30.808,90.4000,30
56730808936517,15:45:30.808,90.4000,300
56730808936517,15:45:30.808,90.4000,100
56730808936517,15:45:30.808,90.4000,5
56733141970517,15:45:33.141,90.4000,100
56743452324988,15:45:43.452,90.4200,200
56743646549920,15:45:43.646,90.4400,2
56745191102465,15:45:45.191,90.4200,200
56755777452879,15:45:55.777,90.4400,40
56755777540910,15:45:55.777,90.4400,58
56755777540910,15:45:55.777,90.4400,100
56759477702758,15:45:59.477,90.4600,2
56759477729433,15:45:59.477,90.4600,98
56759477729433,15:45:59.477,90.4600,100
56759477729433,15:45:59.477,90.4600,60
56760336654422,15:46:00.336,90.4500,30
56763117899625,15:46:03.117,90.4600,1
56764972971768,15:46:04.972,90.4700,100
56764972971768,15:46:04.972,90.4700,100
56772988927367,15:46:12.988,90.4500,29
56775374263824,15:46:15.374,90.4500,75
56791332478744,15:46:31.332,90.4500,30
56792876106096,15:46:32.876,90.4700,100
56806345513281,15:46:46.345,90.4600,30
56820078813283,15:47:00.078,90.4800,7
56820078813283,15:47:00.078,90.4800,100
56820078813283,15:47:00.078,90.4800,83
56820078845840,15:47:00.078,90.4800,17
56820078845840,15:47:00.078,90.4800,100
56820078845840,15:47:00.078,90.4800,100
56821579442744,15:47:01.579,90.4700,30
56833127267994,15:47:13.127,90.4700,100
56833127267994,15:47:13.127,90.4700,100
56833127267994,15:47:13.127,90.4700,100
56833128535151,15:47:13.128,90.4700,50
56833128586975,15:47:13.128,90.4600,5
56840817397581,15:47:20.817,90.4600,75
56843405594831,15:47:23.405,90.4600,1
56860351655473,15:47:40.351,90.4600,30
56870697909605,15:47:50.697,90.4600,5
56870697909605,15:47:50.697,90.4600,95
56873385490815,15:47:53.385,90.4600,100
56873385927321,15:47:53.385,90.4600,32
56873385927321,15:47:53.385,90.4600,100
56886939696404,15:48:06.939,90.4600,100
56898155708916,15:48:18.155,90.4500,3
56910374884008,15:48:30.374,90.4400,100
56910374884008,15:48:30.374,90.4400,100
56915428879583,15:48:35.428,90.4300,100
56915428879583,15:48:35.428,90.4300,33
56915428879583,15:48:35.428,90.4300,100
56929160696152,15:48:49.160,90.3900,100
56929896277466,15:48:49.896,90.3900,100
56929898195049,15:48:49.898,90.4000,10
56931161165636,15:48:51.161,90.4000,1
56939143647487,15:48:59.143,90.4000,4
56939143647487,15:48:59.143,90.4000,7
56939143661281,15:48:59.143,90.4000,60
56945567183257,15:49:05.567,90.4000,4
56947247599021,15:49:07.247,90.4000,2
56948400056040,15:49:08.400,90.4000,5
56965677440997,15:49:25.677,90.4000,100
56965768961900,15:49:25.768,90.4000,200
56965769030444,15:49:25.769,90.4000,22
56978615684738,15:49:38.615,90.3900,100
56979593101698,15:49:39.593,90.3800,1
56979593101698,15:49:39.593,90.3800,99
56979593409841,15:49:39.593,90.3800,1
56999969656365,15:49:59.969,90.3700,1
56999969656365,15:49:59.969,90.3700,1
56999969656365,15:49:59.969,90.3700,98
56999969658312,15:49:59.969,90.3700,2
56999969658312,15:49:59.969,90.3700,28
56999969670925,15:49:59.969,90.3700,2
56999969710246,15:49:59.969,90.3700,70
56999973679715,15:49:59.973,90.3700,50
57001903751108,15:50:01.903,90.3500,2
57001903751108,15:50:01.903,90.3500,98
57001904262040,15:50:01.904,90.3500,2
57001904262040,15:50:01.904,90.3500,100
57001940952519,15:50:01.940,90.3500,100
57003995074702,15:50:03.995,90.3400,2
57009528596241,15:50:09.528,90.3300,1
57009528596241,15:50:09.528,90.3300,1
57009528596241,15:50:09.528,90.3300,1
57009528596241,15:50:09.528,90.3300,43
57018523332464,15:50:18.523,90.3500,100
57018523332464,15:50:18.523,90.3500,100
57018523367783,15:50:18.523,90.3500,19
57018523688074,15:50:18.523,90.3500,35
57018523702496,15:50:18.523,90.3500,46
57018523702496,15:50:18.523,90.3500,100
57018523702496,15:50:18.523,90.3500,100
57018523702496,15:50:18.523,90.3500,65
57018523704713,15:50:18.523,90.3500,35
57019432999072,15:50:19.432,90.3600,100
57019433073639,15:50:19.433,90.3600,100
57019433073639,15:50:19.433,90.3600,100
57019433073639,15:50:19.433,90.3600,100
57019433229304,15:50:19.433,90.3600,75
57019433255265,15:50:19.433,90.3600,25
57019739813876,15:50:19.739,90.3700,20
57019739845495,15:50:19.739,90.3700,38
57019739879969,15:50:19.739,90.3700,30
57019739933875,15:50:19.739,90.3700,12
57072168338212,15:51:12.168,90.3600,29
57072168338212,15:51:12.168,90.3600,71
57072168422370,15:51:12.168,90.3600,77
57074480492549,15:51:14.480,90.3600,2
57077043235387,15:51:17.043,90.3600,50
57077043235387,15:51:17.043,90.3600,50
57080855963712,15:51:20.855,90.3600,50
57080856028410,15:51:20.856,90.3600,100
57111895265498,15:51:51.895,90.3600,1
57111895265498,15:51:51.895,90.3600,100
57111895265498,15:51:51.895,90.3600,68
57111895727629,15:51:51.895,90.3600,32
57111895727629,15:51:51.895,90.3600,100
57111895727629,15:51:51.895,90.3600,73
57120348664276,15:52:00.348,90.3550,100
57129369917658,15:52:09.369,90.3500,74
57129369917658,15:52:09.369,90.3500,100
57129369917658,15:52:09.369,90.3500,100
57129369917658,15:52:09.369,90.3500,12
57129369989103,15:52:09.369,90.3500,15
57129918097002,15:52:09.918,90.3400,100
57138082366178,15:52:18.082,90.3500,100
57138082366178,15:52:18.082,90.3500,100
57138082366178,15:52:18.082,90.3500,100
57138082366178,15:52:18.082,90.3500,100
57138082366178,15:52:18.082,90.3500,200
57138082692399,15:52:18.082,90.3500,74
57138082818748,15:52:18.082,90.3500,126
57138083909878,15:52:18.083,90.3500,100
57138800347599,15:52:18.800,90.3400,14
57139309058396,15:52:19.309,90.3400,300
57139310767357,15:52:19.310,90.3400,15
57143778127630,15:52:23.778,90.3400,71
57160709569621,15:52:40.709,90.3300,27
57160709596203,15:52:40.709,90.3300,73
57160709596203,15:52:40.709,90.3300,27
57160712938201,15:52:40.712,90.3300,73
57162440132053,15:52:42.440,90.3100,2
57162440132053,15:52:42.440,90.3100,3
57162739878075,15:52:42.739,90.3100,100
57174818474234,15:52:54.818,90.3300,100
57174818474234,15:52:54.818,90.3300,10
57174818474234,15:52:54.818,90.3300,40
57174818475256,15:52:54.818,90.3300,34
57174818507426,15:52:54.818,90.3300,326
57174847240534,15:52:54.847,90.3300,34
57180663637552,15:53:00.663,90.3300,66
57180663637552,15:53:00.663,90.3300,100
57180663637552,15:53:00.663,90.3300,100
57180663637552,15:53:00.663,90.3300,100
57191025702031,15:53:11.025,90.3100,100
57191032186371,15:53:11.032,90.3100,20
57202620175848,15:53:22.620,90.3100,100
57203279297726,15:53:23.279,90.3000,1
57203279297726,15:53:23.279,90.3000,1
57203279297726,15:53:23.279,90.3000,8
57203303176047,15:53:23.303,90.3000,40
57213872329702,15:53:33.872,90.2900,2
57213873098886,15:53:33.873,90.2900,100
57247445283130,15:54:07.445,90.2900,158
57247445742403,15:54:07.445,90.2900,42
57247445742403,15:54:07.445,90.2900,33
57247448776879,15:54:07.448,90.2900,67
57247448776879,15:54:07.448,90.2900,100
57247448776879,15:54:07.448,90.2900,104
57247449161862,15:54:07.449,90.2900,50
57247452248468,15:54:07.452,90.2900,100
57247457636360,15:54:07.457,90.2900,46
57247457636360,15:54:07.457,90.2900,30
57247457636360,15:54:07.457,90.2900,10
57247457636360,15:54:07.457,90.2900,14
57247457680775,15:54:07.457,90.2900,6
57247493145948,15:54:07.493,90.2900,180
57247499867636,15:54:07.499,90.2900,100
57247773409941,15:54:07.773,90.2900,100
57250263637851,15:54:10.263,90.2800,1
57250263637851,15:54:10.263,90.2800,100
57250263637851,15:54:10.263,90.2800,1
57250263637851,15:54:10.263,90.2800,98
57250263669877,15:54:10.263,90.2800,2
57250264348718,15:54:10.264,90.2800,1
57250275203240,15:54:10.275,90.2800,99
57251075982699,15:54:11.075,90.2800,95
57251076014014,15:54:11.076,90.2800,5
57270718493614,15:54:30.718,90.2900,30
57270720431030,15:54:30.720,90.2900,70
57270720431030,15:54:30.720,90.2900,19
57270729187255,15:54:30.729,90.2900,100
57270879086169,15:54:30.879,90.2900,81
57270879086169,15:54:30.879,90.2900,12
57270879519162,15:54:30.879,90.2900,13
57270879519162,15:54:30.879,90.2900,87
57271662132243,15:54:31.662,90.2900,44
57272127149492,15:54:32.127,90.2900,4
57273199687619,15:54:33.199,90.2900,100
57284001925448,15:54:44.001,90.2600,1
57284001925448,15:54:44.001,90.2600,48
57284003106516,15:54:44.003,90.2600,52
57285040502800,15:54:45.040,90.2500,91
57285855647504,15:54:45.855,90.2500,38
57285855676909,15:54:45.855,90.2500,62
57285932298461,15:54:45.932,90.2600,100
57292589978867,15:54:52.589,90.2500,100
57292609338029,15:54:52.609,90.2500,100
57300027721325,15:55:00.027,90.2600,49
57300031585353,15:55:00.031,90.2600,19
57300032029527,15:55:00.032,90.2600,100
57300033473466,15:55:00.033,90.2600,50
57300033481385,15:55:00.033,90.2600,30
57300033942476,15:55:00.033,90.2600,100
57300039139306,15:55:00.039,90.2600,52
57300039139306,15:55:00.039,90.2600,48
57300039169804,15:55:00.039,90.2600,52
57300043230283,15:55:00.043,90.2600,100
57300103198159,15:55:00.103,90.2700,50
57300165132169,15:55:00.165,90.2700,83
57300934736856,15:55:00.934,90.3100,100
57310119259092,15:55:10.119,90.3600,54
57310119710260,15:55:10.119,90.3600,4
57310120452862,15:55:10.120,90.3600,35
57311236141757,15:55:11.236,90.3900,5
57319436831485,15:55:19.436,90.3800,65
57320256251768,15:55:20.256,90.3800,35
57331665895234,15:55:31.665,90.4000,100
57331665895234,15:55:31.665,90.4000,25
57332002244985,15:55:32.002,90.4100,1
57334698709956,15:55:34.698,90.4000,100
57349866733631,15:55:49.866,90.4200,100
57350246764155,15:55:50.246,90.4400,100
57360239641513,15:56:00.239,90.4200,100
57363689416772,15:56:03.689,90.4000,26
57364046727909,15:56:04.046,90.4000,1
57364259406864,15:56:04.259,90.4000,35
57368768832475,15:56:08.768,90.4000,100
57368770363862,15:56:08.770,90.4000,17
57368795510742,15:56:08.795,90.3900,30
57368795510742,15:56:08.795,90.3900,10
57369642219241,15:56:09.642,90.3900,100
57369642219241,15:56:09.642,90.3900,100
57369745528861,15:56:09.745,90.4000,1
57370227496837,15:56:10.227,90.3900,100
57370227496837,15:56:10.227,90.3900,100
57370227496837,15:56:10.227,90.3900,100
57370227496837,15:56:10.227,90.3900,99
57370232601870,15:56:10.232,90.4000,10
57372818828073,15:56:12.818,90.3900,100
57375218098740,15:56:15.218,90.3800,100
57393989473857,15:56:33.989,90.3700,65
57398237324599,15:56:38.237,90.3800,87
57398237940465,15:56:38.237,90.3800,13
57398445784495,15:56:38.445,90.3900,6
57400201238004,15:56:40.201,90.3900,100
57415206631717,15:56:55.206,90.3700,35
57415206631717,15:56:55.206,90.3700,100
57415206631717,15:56:55.206,90.3700,100
57416758674464,15:56:56.758,90.3500,22
57420045174606,15:57:00.045,90.3400,20
57420234230389,15:57:00.234,90.3300,1
57425204678240,15:57:05.204,90.3200,2
57426035299699,15:57:06.035,90.3100,20
57426045046973,15:57:06.045,90.3100,80
57429242636803,15:57:09.242,90.3000,2
57430213863859,15:57:10.213,90.2900,24
57436251467390,15:57:16.251,90.2900,76
57440318952002,15:57:20.318,90.2800,2
57444910238379,15:57:24.910,90.2800,24
57444913496822,15:57:24.913,90.2800,41
57444914193528,15:57:24.914,90.2800,59
57449456966122,15:57:29.456,90.2700,1
57449456966122,15:57:29.456,90.2700,100
57452905540015,15:57:32.905,90.2800,3
57467951882230,15:57:47.951,90.2500,100
57467951882230,15:57:47.951,90.2500,19
57480076566058,15:58:00.076,90.2400,2
57480076566058,15:58:00.076,90.2400,3
57480077233990,15:58:00.077,90.2400,100
57480205318064,15:58:00.205,90.2400,100
57480205318064,15:58:00.205,90.2400,100
57480205318064,15:58:00.205,90.2400,100
57483427317507,15:58:03.427,90.2500,100
57483430852376,15:58:03.430,90.2600,30
57483465607096,15:58:03.465,90.2600,50
57483465815540,15:58:03.465,90.2600,20
57483465815540,15:58:03.465,90.2600,20
57483533262331,15:58:03.533,90.2600,100
57483533291357,15:58:03.533,90.2600,43
57490207916027,15:58:10.207,90.2500,30
57490207916027,15:58:10.207,90.2400,70
57490218549157,15:58:10.218,90.2400,30
57490337441638,15:58:10.337,90.2400,25
57490338148656,15:58:10.338,90.2400,1
57490339344505,15:58:10.339,90.2400,19
57500186758295,15:58:20.186,90.2300,1
57500186758295,15:58:20.186,90.2300,82
57500186758295,15:58:20.186,90.2300,20
57506051193126,15:58:26.051,90.2500,100
57507461170697,15:58:27.461,90.2600,100
57507511185424,15:58:27.511,90.2700,100
57509545373316,15:58:29.545,90.2700,100
57509545373316,15:58:29.545,90.2700,100
57509545373316,15:58:29.545,90.2700,100
57509545373316,15:58:29.545,90.2700,100
57509545373316,15:58:29.545,90.2700,100
57513227719153,15:58:33.227,90.2700,29
57514451383507,15:58:34.451,90.2700,100
57525190676119,15:58:45.190,90.2900,100
57525215779433,15:58:45.215,90.2800,30
57525215779433,15:58:45.215,90.2800,145
57526117937839,15:58:46.117,90.2900,30
57526117937839,15:58:46.117,90.2900,100
57526117937839,15:58:46.117,90.2900,20
57540684013541,15:59:00.684,90.2900,4
57545828490155,15:59:05.828,90.3100,100
57551508592935,15:59:11.508,90.3150,13
57555145523793,15:59:15.145,90.3100,10
57555145525389,15:59:15.145,90.3100,20
57561414739650,15:59:21.414,90.2800,20
57561414739650,15:59:21.414,90.2800,89
57572009159957,15:59:32.009,90.2600,20
57572009159957,15:59:32.009,90.2500,6
57572074277868,15:59:32.074,90.2500,29
57572074319188,15:59:32.074,90.2500,65
57573754267441,15:59:33.754,90.2500,66
57574743908992,15:59:34.743,90.2600,20
57574743942003,15:59:34.743,90.2600,80
57578025706233,15:59:38.025,90.2500,100
57579100208520,15:59:39.100,90.2400,84
57582905452648,15:59:42.905,90.2300,100
57583249540317,15:59:43.249,90.2300,100
57588826042095,15:59:48.826,90.2100,100
57590516113565,15:59:50.516,90.2200,100
57591957137994,15:59:51.957,90.2300,100
57591957137994,15:59:51.957,90.2300,100
57591957137994,15:59:51.957,90.2300,13
57598383289233,15:59:58.383,90.2700,100
57598383289233,15:59:58.383,90.2700,38
57598383289233,15:59:58.383,90.2700,100
57600279890393,16:00:00.279,0.0000,0
57657537247116,16:00:57.537,90.2800,100
