timestamp,time,price,volume
34200911738222,09:30:00.911,0.0000,0
34335636376111,09:32:15.636,40.1200,5
34587614627995,09:36:27.614,39.8400,100
34587614627995,09:36:27.614,39.8400,48
35688369421395,09:54:48.369,39.8300,200
35688369474031,09:54:48.369,39.8300,100
35688369474031,09:54:48.369,39.8300,100
35959689856896,09:59:19.689,39.8600,18
36061966687920,10:01:01.966,40.0000,100
36254574137944,10:04:14.574,40.0800,90
36254589318534,10:04:14.589,40.0800,10
36806921282347,10:13:26.921,40.1000,24
36806921310240,10:13:26.921,40.1000,76
36806922535625,10:13:26.922,40.1000,25
36823978764253,10:13:43.978,40.0900,1
36823978764253,10:13:43.978,40.0900,2
36936139177035,10:15:36.139,40.0800,100
36936139221829,10:15:36.139,40.0800,100
36936139419061,10:15:36.139,40.0700,115
36936139910680,10:15:36.139,40.0700,35
36936140139007,10:15:36.140,40.0700,50
36936140502987,10:15:36.140,40.0700,3
37097102363869,10:18:17.102,40.0600,37
37383205263223,10:23:03.205,40.0600,40
37497375565644,10:24:57.375,40.0600,160
37497375669187,10:24:57.375,40.0600,100
37830057959556,10:30:30.057,40.1100,100
37830058454562,10:30:30.058,40.1100,100
37830058454562,10:30:30.058,40.1100,100
37830058454562,10:30:30.058,40.1100,100
37830058454562,10:30:30.058,40.1100,100
37830058454562,10:30:30.058,40.1100,100
37846821808548,10:30:46.821,40.0500,100
37846821808548,10:30:46.821,40.0500,1
37873001851490,10:31:13.001,40.0300,100
37873002011950,10:31:13.002,40.0300,100
37921326284885,10:32:01.326,40.0400,100
37921326284885,10:32:01.326,40.0500,129
37921326284885,10:32:01.326,40.0500,271
37921326519116,10:32:01.326,40.0500,82
37921326519116,10:32:01.326,40.0500,100
38152344674508,10:35:52.344,40.1000,10
38293374827259,10:38:13.374,40.0800,46
38313704829532,10:38:33.704,40.1100,250
38360134731001,10:39:20.134,40.1100,100
38594267241536,10:43:14.267,40.0600,56
38822316889727,10:47:02.316,40.0600,44
38822316889727,10:47:02.316,40.0600,156
38822316912720,10:47:02.316,40.0600,44
38822316912720,10:47:02.316,40.0600,17
38822317002713,10:47:02.317,40.0600,83
38888073931731,10:48:08.073,40.0500,48
38896100520837,10:48:16.100,40.0900,100
38896100581744,10:48:16.100,40.1100,100
39104106410590,10:51:44.106,40.1400,200
39104106410590,10:51:44.106,40.1400,30
39104106415671,10:51:44.106,40.1400,66
39104106418917,10:51:44.106,40.1400,4
39197587851269,10:53:17.587,40.1400,39
39257043824238,10:54:17.043,40.1300,100
39428336026025,10:57:08.336,40.1300,100
39428336128596,10:57:08.336,40.1300,152
39467563204965,10:57:47.563,40.1050,100
39575468993404,10:59:35.468,40.1100,27
39575468993944,10:59:35.468,40.1100,27
39580469313263,10:59:40.469,40.1100,27
39580469314571,10:59:40.469,40.1100,19
39689665206726,11:01:29.665,40.1200,6
39689665226102,11:01:29.665,40.1200,20
39689665230875,11:01:29.665,40.1200,10
39689665629255,11:01:29.665,40.1200,20
39689665653440,11:01:29.665,40.1200,6
39689666563647,11:01:29.666,40.1400,6
39689666714536,11:01:29.666,40.1500,100
39689666714536,11:01:29.666,40.1500,12
39689698235765,11:01:29.698,40.1400,100
39693405997030,11:01:33.405,40.1400,25
39883994732576,11:04:43.994,40.1400,3
39883994752133,11:04:43.994,40.1200,63
39900471257871,11:05:00.471,40.1600,38
39900477173647,11:05:00.477,40.1500,100
40036134603150,11:07:16.134,40.1200,100
40036134954729,11:07:16.134,40.1200,100
40036140525100,11:07:16.140,40.1200,40
40036140549798,11:07:16.140,40.1200,60
40084442327375,11:08:04.442,40.1500,14
40084442887189,11:08:04.442,40.1600,9
40388554850927,11:13:08.554,40.1300,39
40536260145636,11:15:36.260,40.1200,200
40720046587792,11:18:40.046,40.1400,44
40930112918698,11:22:10.112,40.1200,100
40976051756344,11:22:56.051,40.1100,41
40976051836344,11:22:56.051,40.1100,159
41009613951546,11:23:29.613,40.1100,100
41010534868093,11:23:30.534,40.1100,100
41010534868093,11:23:30.534,40.1100,89
41010534919338,11:23:30.534,40.1100,11
41209205271672,11:26:49.205,40.0400,100
41292461161804,11:28:12.461,40.0100,32
41605668990196,11:33:25.668,40.0400,23
41605669044313,11:33:25.669,40.0400,23
41605669302989,11:33:25.669,40.0400,23
41605669308090,11:33:25.669,40.0400,23
41605669351649,11:33:25.669,40.0400,8
41605669403292,11:33:25.669,40.0600,11
41605669403292,11:33:25.669,40.0600,9
41605669704559,11:33:25.669,40.0700,10
41605670402599,11:33:25.670,40.0600,85
41613116622538,11:33:33.116,40.0500,100
41621741575699,11:33:41.741,40.0600,90
41621741575699,11:33:41.741,40.0600,100
41621741575699,11:33:41.741,40.0600,3
41621793886297,11:33:41.793,40.0600,6
41665714594266,11:34:25.714,40.0300,100
41665714594266,11:34:25.714,40.0300,100
41817945292096,11:36:57.945,40.0200,100
41817945345135,11:36:57.945,40.0200,100
42201350029405,11:43:21.350,39.9800,42
42224263662363,11:43:44.263,39.9800,58
42655187167769,11:50:55.187,40.0000,25
42717430110384,11:51:57.430,40.0200,13
42717430110384,11:51:57.430,40.0200,40
42717430161345,11:51:57.430,40.0200,100
42717430246127,11:51:57.430,40.0300,12
42795078163041,11:53:15.078,40.0300,34
42968027020997,11:56:08.027,40.0500,100
42968028851556,11:56:08.028,40.0400,100
42968029542141,11:56:08.029,40.0400,20
42973389870941,11:56:13.389,40.0200,100
42973389870941,11:56:13.389,40.0200,200
42987444850390,11:56:27.444,40.0100,100
43018583953921,11:56:58.583,39.9800,16
43031917513248,11:57:11.917,40.0000,100
43031917547073,11:57:11.917,40.0000,100
43036852194231,11:57:16.852,40.0100,6
43036853390224,11:57:16.853,40.0100,29
43036853414620,11:57:16.853,40.0100,100
43082870784837,11:58:02.870,40.0400,50
43097001625222,11:58:17.001,40.0300,100
43103111685004,11:58:23.111,40.0200,100
43103112605713,11:58:23.112,40.0200,100
43103114858781,11:58:23.114,40.0100,100
43103114858781,11:58:23.114,40.0100,81
43112517250836,11:58:32.517,40.0000,100
43114398603111,11:58:34.398,40.0000,100
43119300464192,11:58:39.300,40.0000,100
43119300464192,11:58:39.300,40.0000,100
43135405644002,11:58:55.405,40.0100,12
43135606977057,11:58:55.606,40.0200,12
43233473869148,12:00:33.473,40.0500,100
43233473869148,12:00:33.473,40.0500,100
43240256681662,12:00:40.256,40.0200,100
43240256911827,12:00:40.256,40.0200,100
43240256921779,12:00:40.256,40.0100,34
43274823085249,12:01:14.823,40.1000,20
43275321085445,12:01:15.321,40.1000,180
43275543249076,12:01:15.543,40.1000,20
43280926737638,12:01:20.926,40.1700,20
43280926737638,12:01:20.926,40.1700,10
43307573675631,12:01:47.573,40.1900,100
43307573675631,12:01:47.573,40.1900,100
43307573675631,12:01:47.573,40.1900,100
43307573791467,12:01:47.573,40.1900,30
43307574315663,12:01:47.574,40.1900,15
43307574320938,12:01:47.574,40.1900,15
43307574437196,12:01:47.574,40.1900,15
43307574470176,12:01:47.574,40.1900,15
43307574897363,12:01:47.574,40.1800,30
43307576002559,12:01:47.576,40.1800,29
43307900294100,12:01:47.900,40.1800,51
43314935836747,12:01:54.935,40.2100,10
43317553027871,12:01:57.553,40.1800,100
43317837271623,12:01:57.837,40.1800,51
43317837271623,12:01:57.837,40.1800,49
43317837371122,12:01:57.837,40.2100,30
43319174917735,12:01:59.174,40.1800,30
43325902889638,12:02:05.902,40.1800,100
43325902986067,12:02:05.902,40.2200,30
43337512264775,12:02:17.512,40.2300,21
43337512266112,12:02:17.512,40.2300,9
43340624421420,12:02:20.624,40.2000,100
43340624421420,12:02:20.624,40.2000,100
43348197828732,12:02:28.197,40.2300,9
43348197828732,12:02:28.197,40.2300,1
43351620613716,12:02:31.620,40.1900,200
43354145335495,12:02:34.145,40.1900,100
43354145433425,12:02:34.145,40.2200,30
43359028834159,12:02:39.028,40.2500,21
43359028861336,12:02:39.028,40.2500,141
43401477283339,12:03:21.477,40.2200,30
43401477283339,12:03:21.477,40.2200,170
43404375549623,12:03:24.375,40.2400,43
43404375564315,12:03:24.375,40.2400,57
43404378749094,12:03:24.378,40.2400,10
43404381051021,12:03:24.381,40.2200,53
43407285463346,12:03:27.285,40.2500,37
43561362223510,12:06:01.362,40.2300,5
43561362857138,12:06:01.362,40.2200,100
43561362857138,12:06:01.362,40.2200,100
43561362927539,12:06:01.362,40.2200,2
43561362927539,12:06:01.362,40.2200,98
43561363086865,12:06:01.363,40.2200,2
43561392141662,12:06:01.392,40.2100,100
43561392141662,12:06:01.392,40.2100,100
43588191681328,12:06:28.191,40.1800,200
43588191792234,12:06:28.191,40.1800,61
43588192474651,12:06:28.192,40.1800,39
43615624027558,12:06:55.624,40.1200,3
43615624060471,12:06:55.624,40.1200,42
43615624083601,12:06:55.624,40.1200,55
43615624083601,12:06:55.624,40.1200,15
43616435734590,12:06:56.435,40.1300,10
43616459125356,12:06:56.459,40.1500,100
43616459125356,12:06:56.459,40.1500,39
43992789230176,12:13:12.789,40.1600,2
43992789230176,12:13:12.789,40.1600,44
43995602542953,12:13:15.602,40.2100,94
43995602567185,12:13:15.602,40.2100,4
43995605598994,12:13:15.605,40.2100,2
44580680607933,12:23:00.680,40.1600,3
44580680607933,12:23:00.680,40.1600,23
44580680695560,12:23:00.680,40.1600,177
44580680805835,12:23:00.680,40.1600,100
44636913211876,12:23:56.913,40.1700,1
44636913282434,12:23:56.913,40.1700,1
44811286393692,12:26:51.286,40.1500,3
44811287499456,12:26:51.287,40.1400,100
44812245691393,12:26:52.245,40.1200,100
44895544366049,12:28:15.544,40.1500,11
44895544366049,12:28:15.544,40.1500,23
44895545925659,12:28:15.545,40.1400,100
44905543987737,12:28:25.543,40.1400,100
44919712385681,12:28:39.712,40.1400,100
44919712483806,12:28:39.712,40.1400,37
44919725133076,12:28:39.725,40.1300,100
44919735497718,12:28:39.735,40.1200,200
44919735525626,12:28:39.735,40.1200,63
44919735637883,12:28:39.735,40.1200,37
44919735637883,12:28:39.735,40.1200,37
44919739021295,12:28:39.739,40.1100,100
44927234712589,12:28:47.234,40.1200,100
44927234712589,12:28:47.234,40.1200,100
44935788650560,12:28:55.788,40.1300,100
44935788650560,12:28:55.788,40.1300,100
45212679637297,12:33:32.679,40.1300,23
45330564334169,12:35:30.564,40.1200,100
45330564437322,12:35:30.564,40.1200,100
45330564440327,12:35:30.564,40.1200,100
45330594863191,12:35:30.594,40.1200,3
45508096631947,12:38:28.096,40.0800,100
45514879244170,12:38:34.879,40.0400,31
45542250195152,12:39:02.250,40.0400,69
46111039176140,12:48:31.039,39.9500,42
46203864857339,12:50:03.864,40.0000,19
46203864878269,12:50:03.864,40.0000,81
46203864878269,12:50:03.864,40.0000,2
46203864878269,12:50:03.864,40.0000,14
46203864878269,12:50:03.864,40.0000,19
46203865095482,12:50:03.865,40.0000,97
46203865181142,12:50:03.865,40.0000,84
46214891140433,12:50:14.891,40.0100,9
46214891140433,12:50:14.891,40.0100,91
46217602187665,12:50:17.602,40.0200,17
46244002272065,12:50:44.002,40.0100,100
46244002272065,12:50:44.002,40.0100,100
46244002623920,12:50:44.002,40.0000,21
46244002629922,12:50:44.002,40.0000,51
46244002644498,12:50:44.002,40.0000,2
46244002650393,12:50:44.002,40.0000,26
46380900590151,12:53:00.900,40.0100,24
46381752700011,12:53:01.752,39.9900,36
46535409942263,12:55:35.409,39.9900,64
46535409942263,12:55:35.409,39.9900,36
46688761262837,12:58:08.761,39.9800,34
46790312728908,12:59:50.312,40.0000,15
46790312729489,12:59:50.312,40.0000,10
46790313444031,12:59:50.313,40.0000,20
46798156651803,12:59:58.156,40.0000,20
46996992086720,13:03:16.992,39.9900,53
46996992155259,13:03:16.992,39.9900,47
47288311666360,13:08:08.311,40.0000,35
47606364385759,13:13:26.364,40.0000,100
47645944122256,13:14:05.944,40.0200,22
47669158661006,13:14:29.158,40.0300,9
47669158661006,13:14:29.158,40.0300,4
47669161583813,13:14:29.161,40.0300,35
47672157584114,13:14:32.157,40.0300,29
47672157584114,13:14:32.157,40.0400,14
47672157584114,13:14:32.157,40.0400,57
47672158419827,13:14:32.158,40.0300,35
47902302968635,13:18:22.302,40.0500,9
47902302968635,13:18:22.302,40.0500,15
47904092782865,13:18:24.092,40.0300,36
47982279524404,13:19:42.279,40.0500,11
48080158445559,13:21:20.158,40.0500,14
48131205936693,13:22:11.205,40.0500,75
48131205936693,13:22:11.205,40.0700,14
48134919447383,13:22:14.919,40.0800,300
48134981054841,13:22:14.981,40.1000,100
48182718494794,13:23:02.718,40.1200,42
48484212057237,13:28:04.212,40.1300,23
48541921231618,13:29:01.921,40.1600,14
48541922208561,13:29:01.922,40.1600,38
48787758890643,13:33:07.758,40.1400,26
48963016765293,13:36:03.016,40.1800,3
48963016800719,13:36:03.016,40.1800,10
48963016800719,13:36:03.016,40.1800,4
49016655000067,13:36:56.655,40.1700,4
49016655000067,13:36:56.655,40.1700,100
49016805108566,13:36:56.805,40.1500,100
49016805108566,13:36:56.805,40.1500,100
49016806743363,13:36:56.806,40.1300,100
49016807609240,13:36:56.807,40.1200,100
49098820819432,13:38:18.820,40.1100,45
49265288106269,13:41:05.288,40.1500,14
49265509859431,13:41:05.509,40.1600,9
49265512053485,13:41:05.512,40.1600,40
49319158452353,13:41:59.158,40.1300,100
49395130769561,13:43:15.130,40.1100,33
49395852071382,13:43:15.852,40.1000,200
49395852718649,13:43:15.852,40.1000,38
49395853422869,13:43:15.853,40.1000,62
49518397383797,13:45:18.397,40.0900,100
49686536133987,13:48:06.536,40.0900,100
49686537483989,13:48:06.537,40.0900,100
49710897373659,13:48:30.897,40.0700,40
49710897401168,13:48:30.897,40.0700,60
49710897401168,13:48:30.897,40.0700,100
49710897401168,13:48:30.897,40.0700,100
49823790157307,13:50:23.790,40.0100,100
50009319724651,13:53:29.319,39.9500,45
50222042252654,13:57:02.042,39.9700,100
50304046846302,13:58:24.046,39.9400,5
50304047591801,13:58:24.047,39.9200,48
50332081480831,13:58:52.081,39.9300,100
50413016675762,14:00:13.016,39.9600,100
50413016705443,14:00:13.016,39.9700,16
50496094467319,14:01:36.094,39.9900,20
50591533318848,14:03:11.533,39.9700,100
50591567047436,14:03:11.567,39.9700,100
50593173685894,14:03:13.173,39.9700,10
50598734754678,14:03:18.734,39.9600,100
50598734754678,14:03:18.734,39.9600,100
50598735036382,14:03:18.735,39.9600,100
50599024264922,14:03:19.024,39.9500,100
50606800311971,14:03:26.800,39.9500,100
50611023829759,14:03:31.023,39.9500,100
50615610529257,14:03:35.610,39.9500,100
50691365483824,14:04:51.365,39.9900,100
50698079627118,14:04:58.079,39.9900,100
50715719160129,14:05:15.719,39.9900,9
50715719160129,14:05:15.719,39.9900,4
50732262593117,14:05:32.262,39.9800,100
50732262611288,14:05:32.262,39.9800,100
50756023451245,14:05:56.023,40.0000,1
50756023451245,14:05:56.023,40.0000,99
50756023455197,14:05:56.023,40.0000,1
50756023455197,14:05:56.023,40.0000,100
50756309205351,14:05:56.309,40.0200,14
50756309917636,14:05:56.309,40.0300,9
50878900288828,14:07:58.900,40.0500,35
50878960404697,14:07:58.960,40.0500,100
50878960453206,14:07:58.960,40.0500,100
50878960499092,14:07:58.960,40.0400,100
50894740449996,14:08:14.740,40.0200,34
50996646073793,14:09:56.646,40.0200,66
50996646073793,14:09:56.646,40.0200,100
50996646087576,14:09:56.646,40.0200,38
50996646089554,14:09:56.646,40.0200,41
50996646120443,14:09:56.646,40.0200,21
51026745409396,14:10:26.745,40.0100,100
51026745436863,14:10:26.745,40.0100,100
51026745436863,14:10:26.745,40.0100,100
51026745470764,14:10:26.745,40.0100,100
51066202905090,14:11:06.202,40.0200,100
51066202905090,14:11:06.202,40.0200,100
51175792613537,14:12:55.792,40.0500,14
51176944166351,14:12:56.944,40.0500,40
51195474085798,14:13:15.474,40.0300,40
51203022321091,14:13:23.022,40.0600,10
51203022321091,14:13:23.022,40.0600,9
51300489034095,14:15:00.489,40.0600,100
51300489118726,14:15:00.489,40.0600,100
51631671352203,14:20:31.671,40.0500,7
51635052047993,14:20:35.052,40.0200,100
51803937037639,14:23:23.937,40.0500,9
51803938555288,14:23:23.938,40.0500,5
51803938555288,14:23:23.938,40.0500,11
51804064761615,14:23:24.064,40.0400,100
51877519259133,14:24:37.519,40.0300,161
51993380495209,14:26:33.380,40.0000,200
51993382288460,14:26:33.382,39.9900,100
52384307637184,14:33:04.307,39.9100,100
52384308263641,14:33:04.308,39.9100,20
52393597574252,14:33:13.597,39.9200,20
52475708142008,14:34:35.708,39.9200,20
52475710894996,14:34:35.710,39.9200,10
52475724269430,14:34:35.724,39.9100,20
52475727735377,14:34:35.727,39.8900,300
52476619693605,14:34:36.619,39.8900,100
52476619785329,14:34:36.619,39.8900,692
52476620551399,14:34:36.620,39.8900,159
52476620588205,14:34:36.620,39.8900,149
52477839608513,14:34:37.839,39.8900,11
52477839608513,14:34:37.839,39.8900,18
52499377331171,14:34:59.377,39.9400,19
52499377331171,14:34:59.377,39.9500,81
52697904688881,14:38:17.904,39.9400,31
53090289515508,14:44:50.289,40.0100,23
53090289515508,14:44:50.289,40.0100,77
53094000373998,14:44:54.000,40.0200,100
53094000958091,14:44:54.000,40.0200,100
53161947203679,14:46:01.947,40.0100,100
53161978820658,14:46:01.978,40.0000,200
53161979417418,14:46:01.979,40.0000,135
53162713147901,14:46:02.713,40.0000,100
53422636218298,14:50:22.636,40.0200,8
53422636305972,14:50:22.636,40.0200,100
53466548686432,14:51:06.548,40.0100,73
53466548702066,14:51:06.548,40.0100,27
53466548702066,14:51:06.548,40.0100,47
53466548704814,14:51:06.548,40.0100,73
53466548756231,14:51:06.548,40.0100,45
53556164910018,14:52:36.164,40.0600,20
53586830964630,14:53:06.830,40.0300,48
53655020071270,14:54:15.020,40.0800,98
53655020098769,14:54:15.020,40.0800,2
53796464196760,14:56:36.464,40.0700,12
53806467256063,14:56:46.467,40.0700,88
53979861053024,14:59:39.861,40.0700,12
54033454472895,15:00:33.454,40.0600,29
54190733864500,15:03:10.733,40.0400,41
54241939230415,15:04:01.939,40.0400,59
54245703675595,15:04:05.703,40.0300,100
54245703675595,15:04:05.703,40.0300,8
54306921264726,15:05:06.921,40.0300,100
54323509833972,15:05:23.509,40.0300,8
54487398051046,15:08:07.398,39.9900,37
54568194044424,15:09:28.194,39.9600,10
54600278032040,15:10:00.278,39.9400,8
54643478480707,15:10:43.478,39.9300,10
54643478480707,15:10:43.478,39.9300,2
54645106347056,15:10:45.106,39.9200,3
54697656451021,15:11:37.656,39.9300,10
54717052486694,15:11:57.052,39.9300,6
54717052486694,15:11:57.052,39.9300,94
54717052571295,15:11:57.052,39.9300,6
54717053516728,15:11:57.053,39.9400,12
54717053516728,15:11:57.053,39.9400,12
54717055052354,15:11:57.055,39.9500,100
54820833959587,15:13:40.833,39.9500,50
54934337754631,15:15:34.337,40.0000,20
54934338386757,15:15:34.338,40.0000,20
54934338755832,15:15:34.338,40.0000,56
55005047324996,15:16:45.047,39.9800,100
55072730826920,15:17:52.730,39.9300,100
55072730826920,15:17:52.730,39.9300,100
55080131050003,15:18:00.131,39.9300,16
55080385754027,15:18:00.385,39.9100,62
55181827541482,15:19:41.827,39.9300,6
55195047493830,15:19:55.047,39.9300,12
55216268012133,15:20:16.268,39.9300,100
55216268117339,15:20:16.268,39.9400,6
55216856400905,15:20:16.856,39.9700,64
55391865782690,15:23:11.865,39.9000,100
55391865861229,15:23:11.865,39.9000,100
55488138549477,15:24:48.138,39.8800,20
55488138549477,15:24:48.138,39.8800,17
55698906536985,15:28:18.906,39.8900,50
56050826740820,15:34:10.826,39.8600,100
56050826836837,15:34:10.826,39.8600,100
56315288955238,15:38:35.288,39.8300,100
56315289188276,15:38:35.289,39.8300,200
56315324535763,15:38:35.324,39.8300,100
56336596824047,15:38:56.596,39.8000,100
56486992477916,15:41:26.992,39.7900,20
56486992477916,15:41:26.992,39.7900,30
56486992948434,15:41:26.992,39.7900,70
56537808619335,15:42:17.808,39.8000,18
56562491109878,15:42:42.491,39.8100,2
56562491376644,15:42:42.491,39.8200,29
56562491428222,15:42:42.491,39.8200,20
56562491633741,15:42:42.491,39.8200,29
56562543158239,15:42:42.543,39.8200,22
56582019043430,15:43:02.019,39.8300,12
56584232950017,15:43:04.232,39.8400,16
56584232950017,15:43:04.232,39.8400,10
56652095784905,15:44:12.095,39.8400,100
56652095784905,15:44:12.095,39.8400,100
56652096060005,15:44:12.096,39.8400,100
56652096172940,15:44:12.096,39.8400,100
56699794759533,15:44:59.794,39.8700,2
56743516743867,15:45:43.516,39.8700,11
56743516743867,15:45:43.516,39.8700,60
56835071953721,15:47:15.071,39.8500,100
56860740096733,15:47:40.740,39.8400,149
56860740108243,15:47:40.740,39.8400,51
56860740111924,15:47:40.740,39.8400,51
56860740211966,15:47:40.740,39.8400,49
56887315981563,15:48:07.315,39.8300,100
56887315981563,15:48:07.315,39.8300,100
56887315981563,15:48:07.315,39.8300,20
56887315981563,15:48:07.315,39.8300,52
56887316278023,15:48:07.316,39.8300,3
56887316478216,15:48:07.316,39.8300,97
56952427359702,15:49:12.427,39.8200,9
56952427359702,15:49:12.427,39.8200,100
56952427359702,15:49:12.427,39.8200,91
56952427442572,15:49:12.427,39.8200,9
57063054550145,15:51:03.054,39.7900,100
57102502236427,15:51:42.502,39.7900,2
57155710780261,15:52:35.710,39.7800,100
57175948763531,15:52:55.948,39.7700,100
57270728587341,15:54:30.728,39.7800,59
57270730485043,15:54:30.730,39.7800,41
57270730485043,15:54:30.730,39.7800,7
57270730752345,15:54:30.730,39.7800,2
57270730752345,15:54:30.730,39.7800,34
57271119055689,15:54:31.119,39.7900,2
57271119055689,15:54:31.119,39.7900,2
57271119055689,15:54:31.119,39.7900,96
57271119115084,15:54:31.119,39.7900,4
57271119115084,15:54:31.119,39.7900,2
57271119115084,15:54:31.119,39.7900,2
57271120024177,15:54:31.120,39.8100,9
57271120024177,15:54:31.120,39.8100,100
57271120154629,15:54:31.120,39.8000,100
57280403931111,15:54:40.403,39.8100,1
57297149722213,15:54:57.149,39.8100,39
57297149722213,15:54:57.149,39.8100,6
57297149955062,15:54:57.149,39.8100,9
57300051820927,15:55:00.051,39.8100,25
57300051820927,15:55:00.051,39.8100,31
57315346721507,15:55:15.346,39.8500,12
57359067952085,15:55:59.067,39.8500,88
57372497906546,15:56:12.497,39.8500,2
57372497999503,15:56:12.497,39.8400,30
57372508995358,15:56:12.508,39.8500,30
57402509710922,15:56:42.509,39.8400,200
57415286357948,15:56:55.286,39.8400,100
57423178630166,15:57:03.178,39.8550,5
57423749127776,15:57:03.749,39.8600,14
57423759197877,15:57:03.759,39.8700,7
57440185916284,15:57:20.185,39.8700,100
57481989254476,15:58:01.989,39.8600,100
57481989254476,15:58:01.989,39.8600,200
57481989572682,15:58:01.989,39.8600,100
57490131439396,15:58:10.131,39.8800,87
57490131440789,15:58:10.131,39.8800,13
57490132058778,15:58:10.132,39.8800,29
57501223540356,15:58:21.223,39.8800,100
57501808510983,15:58:21.808,39.8800,27
57501912435255,15:58:21.912,39.8700,200
57514150259386,15:58:34.150,39.8600,100
57519813688396,15:58:39.813,39.8800,100
57532595298781,15:58:52.595,39.8900,100
57533098430831,15:58:53.098,39.9000,100
57533601223221,15:58:53.601,39.9000,100
57539167684620,15:58:59.167,39.9000,100
57545713983061,15:59:05.713,39.9300,100
57545721954865,15:59:05.721,39.9300,100
57557072325156,15:59:17.072,39.9100,100
57560149190237,15:59:20.149,39.9400,100
57590238146253,15:59:50.238,39.9300,8
57593191685932,15:59:53.191,39.9300,92
57600302877416,16:00:00.302,0.0000,0
