timestamp,time,price,volume
34195011231193,09:29:55.011,46.1600,100
34195011427911,09:29:55.011,46.2200,100
34200253287162,09:30:00.253,0.0000,0
34228981646799,09:30:28.981,45.9100,66
34228981646799,09:30:28.981,45.9100,34
34228981646799,09:30:28.981,45.9100,45
34342330162648,09:32:22.330,45.7400,95
34384494732978,09:33:04.494,45.7500,100
34384494732978,09:33:04.494,45.7500,48
34384494782639,09:33:04.494,45.7600,33
34384494803205,09:33:04.494,45.8000,45
34400454058492,09:33:20.454,45.7400,100
34400454084452,09:33:20.454,45.7400,100
34525481814287,09:35:25.481,45.8600,23
34525482224550,09:35:25.482,45.8500,90
34525482224550,09:35:25.482,45.8400,10
34525482546403,09:35:25.482,45.8700,10
34525482555701,09:35:25.482,45.8600,69
34525482571877,09:35:25.482,45.8700,100
34525482594365,09:35:25.482,45.8600,31
34525482645855,09:35:25.482,45.8600,100
34525482688306,09:35:25.482,45.8700,6
34525482850006,09:35:25.482,45.8700,100
34540945074789,09:35:40.945,45.9300,6
34655578633080,09:37:35.578,46.0000,5
34726959564875,09:38:46.959,46.0500,37
34726959585028,09:38:46.959,46.0500,63
34726959585028,09:38:46.959,46.0500,37
34727479339373,09:38:47.479,46.1000,100
34727479434685,09:38:47.479,46.0600,100
34752108688367,09:39:12.108,46.1100,100
34841372994343,09:40:41.372,46.2400,79
34841372994343,09:40:41.372,46.2500,21
34841373095430,09:40:41.373,46.1900,100
34841373281065,09:40:41.373,46.1900,100
34865248521074,09:41:05.248,46.0900,400
34865248521074,09:41:05.248,46.0900,100
34865248589713,09:41:05.248,46.0600,100
34885296721353,09:41:25.296,46.0200,47
34929163136894,09:42:09.163,45.9600,100
34929163136894,09:42:09.163,45.9600,109
34962949837244,09:42:42.949,46.0800,100
34962949837244,09:42:42.949,46.0900,100
34993119604522,09:43:13.119,46.1000,8
35008016479657,09:43:28.016,46.0100,100
35009016603827,09:43:29.016,45.9900,2
35009016722964,09:43:29.016,45.9900,100
35021164332368,09:43:41.164,46.0300,100
35076008042749,09:44:36.008,46.0300,1
35076008042749,09:44:36.008,46.0300,99
35150098691981,09:45:50.098,45.9900,1
35188010878076,09:46:28.010,45.9900,1
35234167880759,09:47:14.167,45.9700,5
35234167916076,09:47:14.167,45.9500,1
35234167916076,09:47:14.167,45.9300,46
35234170391400,09:47:14.170,45.9500,100
35234991768280,09:47:14.991,45.9300,54
35234991768280,09:47:14.991,45.9300,46
35248009852707,09:47:28.009,45.9300,2
35299852575440,09:48:19.852,45.8800,50
35299852580268,09:48:19.852,45.8800,50
35299852580268,09:48:19.852,45.8800,30
35299854307564,09:48:19.854,45.9100,100
35308006848214,09:48:28.006,45.9100,2
35368012686673,09:49:28.012,45.9000,2
35388590313989,09:49:48.590,45.8300,100
35419300535501,09:50:19.300,45.7800,100
35419300592247,09:50:19.300,45.7900,20
35419406699016,09:50:19.406,45.7900,100
35424075105864,09:50:24.075,45.8000,100
35428025185180,09:50:28.025,45.8000,1
35432452103871,09:50:32.452,45.8200,100
35433199282251,09:50:33.199,45.8300,100
35433199282251,09:50:33.199,45.8300,100
35434175283046,09:50:34.175,45.8400,100
35434175283046,09:50:34.175,45.8400,100
35434181579950,09:50:34.181,45.8600,100
35613731232694,09:53:33.731,45.9300,8
35663286395490,09:54:23.286,45.9400,111
35663286395490,09:54:23.286,45.9400,39
35663286398588,09:54:23.286,45.9400,70
35663286413071,09:54:23.286,45.9500,92
35663286431067,09:54:23.286,45.9500,8
35663286979493,09:54:23.286,45.9400,50
35663286995493,09:54:23.286,45.9400,50
35700003199604,09:55:00.003,45.9800,100
35700003369326,09:55:00.003,45.9700,100
35701229160177,09:55:01.229,45.9850,100
35709578594110,09:55:09.578,45.9600,100
35729756161486,09:55:29.756,45.9700,2
35729756238809,09:55:29.756,45.9800,100
35729756238809,09:55:29.756,45.9800,1
35744792712724,09:55:44.792,45.9500,69
35744792714309,09:55:44.792,45.9500,31
35746344305059,09:55:46.344,45.9400,114
35746344316532,09:55:46.344,45.9400,66
35746344323966,09:55:46.344,45.9400,20
35788024503820,09:56:28.024,45.8900,1
35848007196911,09:57:28.007,45.9000,2
35891538827862,09:58:11.538,45.9200,7
35891538852585,09:58:11.538,45.9200,93
35891539446678,09:58:11.539,45.9200,100
35899282194271,09:58:19.282,45.9600,5
35909279621679,09:58:29.279,45.9600,68
35909279625950,09:58:29.279,45.9600,27
35913380700164,09:58:33.380,45.9900,100
35913987179634,09:58:33.987,46.0200,100
35914756290878,09:58:34.756,46.0100,100
35940029613380,09:59:00.029,46.0300,1
35940029688377,09:59:00.029,46.0200,100
35940029688377,09:59:00.029,46.0200,100
35940029742669,09:59:00.029,46.0200,10
35940029750579,09:59:00.029,46.0200,90
35940029750579,09:59:00.029,46.0200,10
35940029949185,09:59:00.029,46.0200,10
35940029984737,09:59:00.029,46.0200,37
35940029985965,09:59:00.029,46.0200,53
35940030455524,09:59:00.030,46.0200,100
35940030457905,09:59:00.030,46.0100,50
35940030459746,09:59:00.030,46.0100,50
35940125274391,09:59:00.125,46.0300,100
36028044040772,10:00:28.044,46.0400,1
36029056241451,10:00:29.056,46.0300,100
36031930683288,10:00:31.930,46.0350,100
36036862709588,10:00:36.862,46.0600,100
36070886374213,10:01:10.886,46.0200,19
36070886428570,10:01:10.886,46.0200,81
36070903166620,10:01:10.903,46.0100,100
36071243902671,10:01:11.243,46.0100,100
36082066014986,10:01:22.066,46.0050,100
36097008556883,10:01:37.008,46.0100,1
36112231514743,10:01:52.231,45.9900,100
36112231514743,10:01:52.231,45.9900,95
36112232023970,10:01:52.232,45.9900,100
36112232067503,10:01:52.232,45.9900,5
36112875035320,10:01:52.875,45.9900,100
36112875035320,10:01:52.875,45.9900,200
36112875439556,10:01:52.875,46.0000,23
36114073297153,10:01:54.073,46.0000,77
36114073297153,10:01:54.073,46.0000,23
36114073325001,10:01:54.073,46.0000,77
36115069784558,10:01:55.069,46.0000,30
36115434245603,10:01:55.434,46.0000,70
36116182994143,10:01:56.182,45.9700,100
36124459113049,10:02:04.459,45.9750,99
36148822064143,10:02:28.822,45.9800,1
36148822064143,10:02:28.822,45.9900,12
36148822811286,10:02:28.822,45.9900,87
36148822834917,10:02:28.822,45.9900,13
36149019051840,10:02:29.019,46.0000,100
36149019051840,10:02:29.019,46.0000,70
36149019051840,10:02:29.019,46.0000,30
36150653579370,10:02:30.653,46.0000,100
36166688106010,10:02:46.688,45.9700,100
36175437229616,10:02:55.437,45.9700,100
36176196295314,10:02:56.196,45.9500,100
36176197701039,10:02:56.197,45.9500,46
36191403166622,10:03:11.403,45.9450,100
36191403166622,10:03:11.403,45.9400,100
36192076462914,10:03:12.076,45.9400,200
36192077247056,10:03:12.077,45.9300,100
36192077247056,10:03:12.077,45.9300,100
36192077247056,10:03:12.077,45.9300,100
36192751735627,10:03:12.751,45.9200,100
36192751735627,10:03:12.751,45.9200,100
36208007582758,10:03:28.007,45.9300,1
36208010322375,10:03:28.010,45.9500,100
36214071614594,10:03:34.071,45.9700,32
36214071614594,10:03:34.071,45.9700,100
36241327582764,10:04:01.327,46.0000,100
36241327582764,10:04:01.327,46.0000,100
36241327638903,10:04:01.327,46.0200,100
36241327638903,10:04:01.327,46.0200,80
36328011569034,10:05:28.011,46.0000,1
36338612160628,10:05:38.612,46.0200,13
36338612160628,10:05:38.612,46.0200,100
36338612803929,10:05:38.612,46.0200,100
36338614351048,10:05:38.614,46.0400,100
36338614351048,10:05:38.614,46.0400,500
36338614486695,10:05:38.614,46.0400,100
36338628606052,10:05:38.628,46.0600,100
36338720852668,10:05:38.720,46.0300,100
36343503262029,10:05:43.503,46.0600,100
36343568652852,10:05:43.568,46.0500,58
36345818230742,10:05:45.818,46.0500,42
36345818230742,10:05:45.818,46.0400,58
36345818264779,10:05:45.818,46.0400,42
36369794431954,10:06:09.794,46.0600,200
36384031932435,10:06:24.031,46.0600,100
36396008062726,10:06:36.008,46.0400,5
36396008062726,10:06:36.008,46.0300,46
36396008098660,10:06:36.008,46.0300,54
36397344709234,10:06:37.344,46.0350,100
36398005750314,10:06:38.005,46.0400,1
36398005750314,10:06:38.005,46.0500,14
36398005750314,10:06:38.005,46.0500,85
36451624898578,10:07:31.624,46.0000,100
36451625022448,10:07:31.625,46.0000,100
36452011388719,10:07:32.011,45.9900,1
36508012785282,10:08:28.012,45.9800,2
36509994889926,10:08:29.994,45.9700,90
36568099499631,10:09:28.099,45.9700,1
36629019590120,10:10:29.019,45.9100,1
36646273195184,10:10:46.273,45.9000,10
36646273522415,10:10:46.273,45.9000,10
36646273755018,10:10:46.273,45.9000,10
36646273801103,10:10:46.273,45.8900,10
36657356929235,10:10:57.356,45.9100,12
36657356929235,10:10:57.356,45.9100,100
36657356929235,10:10:57.356,45.9100,100
36657356929235,10:10:57.356,45.9100,109
36657358467416,10:10:57.358,45.9200,100
36657358467416,10:10:57.358,45.9200,100
36657358467416,10:10:57.358,45.9200,100
36657358495723,10:10:57.358,45.9200,100
36657359750071,10:10:57.359,45.9300,100
36657359774369,10:10:57.359,45.9300,100
36657359774369,10:10:57.359,45.9300,100
36657360531665,10:10:57.360,45.9350,100
36657360569410,10:10:57.360,45.9400,100
36657369001483,10:10:57.369,45.9500,8
36657723359158,10:10:57.723,45.9500,100
36657723359158,10:10:57.723,45.9500,100
36657921126248,10:10:57.921,45.9400,100
36665242256225,10:11:05.242,45.9400,100
36672410573979,10:11:12.410,45.9500,1
36688012706128,10:11:28.012,45.9400,1
36700249055975,10:11:40.249,45.9600,100
36700249089525,10:11:40.249,45.9600,67
36700249095957,10:11:40.249,45.9600,33
36700249095957,10:11:40.249,45.9600,17
36700249118295,10:11:40.249,45.9600,100
36700249200710,10:11:40.249,45.9600,23
36700249286335,10:11:40.249,45.9600,60
36705220026655,10:11:45.220,45.9900,100
36708734732480,10:11:48.734,46.0200,100
36710902150163,10:11:50.902,46.0200,100
36755300989976,10:12:35.300,46.0300,1
36797369655541,10:13:17.369,46.0500,8
36816016013823,10:13:36.016,46.0300,1
36869008491551,10:14:29.008,46.0100,64
36869008516194,10:14:29.008,46.0100,36
36869008516194,10:14:29.008,46.0100,100
36890846806402,10:14:50.846,46.0000,62
36890846842107,10:14:50.846,46.0000,38
36893864478089,10:14:53.864,46.0000,2
36961271585087,10:16:01.271,46.0000,10
36978419547342,10:16:18.419,46.0200,108
36978419547342,10:16:18.419,46.0200,12
36978419547342,10:16:18.419,46.0200,80
36978419548575,10:16:18.419,46.0200,20
36978420945721,10:16:18.420,46.0300,92
36978422578198,10:16:18.422,46.0300,8
36996951466373,10:16:36.951,46.0400,100
36996952869815,10:16:36.952,46.0500,92
36996952869815,10:16:36.952,46.0500,100
36997077155279,10:16:37.077,46.0600,100
36997077155279,10:16:37.077,46.0600,100
36997077155279,10:16:37.077,46.0600,100
36997166160166,10:16:37.166,46.0700,100
36997166160166,10:16:37.166,46.0700,100
36997844848800,10:16:37.844,46.0500,100
37011010083826,10:16:51.010,46.0600,100
37011010568766,10:16:51.010,46.0750,100
37038207003271,10:17:18.207,46.0650,100
37038207003271,10:17:18.207,46.0500,50
37038207006106,10:17:18.207,46.0500,50
37038207031299,10:17:18.207,46.0500,100
37038232769056,10:17:18.232,46.0500,100
37038232793212,10:17:18.232,46.0500,100
37038232834829,10:17:18.232,46.0500,100
37038232834829,10:17:18.232,46.0500,100
37038257462140,10:17:18.257,46.0500,100
37038257527455,10:17:18.257,46.0500,100
37038257563685,10:17:18.257,46.0500,100
37038259387268,10:17:18.259,46.0800,23
37038260010989,10:17:18.260,46.0700,100
37038261296192,10:17:18.261,46.0800,100
37038261317532,10:17:18.261,46.0800,77
37038262097067,10:17:18.262,46.0700,100
37038262682249,10:17:18.262,46.0800,100
37038262682249,10:17:18.262,46.0800,100
37044781685657,10:17:24.781,46.0850,200
37044960113289,10:17:24.960,46.0700,35
37045361315422,10:17:25.361,46.0700,2
37046724302310,10:17:26.724,46.0700,63
37046724302310,10:17:26.724,46.0700,37
37055020439315,10:17:35.020,46.0800,100
37089669553904,10:18:09.669,46.0700,100
37089669553904,10:18:09.669,46.0700,100
37089900623099,10:18:09.900,46.0600,100
37089900623099,10:18:09.900,46.0600,100
37090083689345,10:18:10.083,46.0500,100
37090163516067,10:18:10.163,46.0500,6
37093411303257,10:18:13.411,46.0700,100
37094855233138,10:18:14.855,46.0800,100
37094855233138,10:18:14.855,46.0800,13
37111549437947,10:18:31.549,46.0900,100
37129988403148,10:18:49.988,46.0800,100
37140214089981,10:19:00.214,46.0950,100
37149763361399,10:19:09.763,46.1100,100
37149768979359,10:19:09.768,46.1200,100
37149768979359,10:19:09.768,46.1200,100
37170780307553,10:19:30.780,46.1400,200
37183063059182,10:19:43.063,46.1500,100
37184006420327,10:19:44.006,46.1700,100
37184006420327,10:19:44.006,46.1700,100
37184006449062,10:19:44.006,46.1700,100
37184006449062,10:19:44.006,46.1700,100
37228011826779,10:20:28.011,46.1800,1
37228041906399,10:20:28.041,46.2000,100
37228041906399,10:20:28.041,46.2000,14
37263358445361,10:21:03.358,46.2200,200
37263358445361,10:21:03.358,46.2300,100
37267094843041,10:21:07.094,46.2400,100
37270586793617,10:21:10.586,46.2400,100
37270586886132,10:21:10.586,46.2200,100
37270587029540,10:21:10.587,46.2200,100
37270587151955,10:21:10.587,46.2100,30
37270587337609,10:21:10.587,46.2100,70
37270587337609,10:21:10.587,46.2100,70
37270587346973,10:21:10.587,46.2100,30
37270587346973,10:21:10.587,46.2100,39
37270587363744,10:21:10.587,46.2100,61
37270587852089,10:21:10.587,46.2100,100
37270691908376,10:21:10.691,46.2100,100
37270808834826,10:21:10.808,46.2100,100
37270808834826,10:21:10.808,46.2100,100
37270809452304,10:21:10.809,46.2100,100
37270811270625,10:21:10.811,46.2000,88
37270860982957,10:21:10.860,46.2000,12
37270860982957,10:21:10.860,46.2000,188
37270863680286,10:21:10.863,46.2000,12
37274453745172,10:21:14.453,46.1900,94
37280361206650,10:21:20.361,46.1950,6
37280361206650,10:21:20.361,46.1800,200
37280361206650,10:21:20.361,46.1800,4
37280361771455,10:21:20.361,46.1800,7
37280362295462,10:21:20.362,46.1800,8
37302986299108,10:21:42.986,46.1900,100
37302986299108,10:21:42.986,46.1800,100
37348006024189,10:22:28.006,46.1900,2
37361390471774,10:22:41.390,46.1900,100
37361390632687,10:22:41.390,46.1900,100
37361390632687,10:22:41.390,46.1700,100
37361390632687,10:22:41.390,46.1700,4
37361390634097,10:22:41.390,46.1700,96
37361390634097,10:22:41.390,46.1700,36
37361390644743,10:22:41.390,46.1700,31
37361393245831,10:22:41.393,46.1500,33
37361490862844,10:22:41.490,46.1500,1
37361490862844,10:22:41.490,46.1500,1
37361490862844,10:22:41.490,46.1500,3
37363045175109,10:22:43.045,46.1500,100
37363045175109,10:22:43.045,46.1400,100
37363045809548,10:22:43.045,46.1400,100
37363046930727,10:22:43.046,46.1400,20
37366579795695,10:22:46.579,46.1400,80
37366579795695,10:22:46.579,46.1350,100
37366579795695,10:22:46.579,46.1100,100
37369972540365,10:22:49.972,46.1000,200
37378238273486,10:22:58.238,46.0800,5
37378238273486,10:22:58.238,46.0750,24
37378241204717,10:22:58.241,46.0700,11
37378241376280,10:22:58.241,46.0700,6
37378242285698,10:22:58.242,46.0700,22
37378242495085,10:22:58.242,46.0700,5
37378245024907,10:22:58.245,46.0700,32
37409007245915,10:23:29.007,46.0400,1
37409007245915,10:23:29.007,46.0400,1
37409007246793,10:23:29.007,46.0400,148
37409007460217,10:23:29.007,46.0500,100
37409009407360,10:23:29.009,46.0600,100
37409009407360,10:23:29.009,46.0500,100
37420149351653,10:23:40.149,46.0700,100
37420149351653,10:23:40.149,46.0700,14
37420149351653,10:23:40.149,46.0700,100
37425570339610,10:23:45.570,46.0900,100
37425570339610,10:23:45.570,46.0900,100
37471844048537,10:24:31.844,46.0900,1
37511248630957,10:25:11.248,46.1200,13
37575178047839,10:26:15.178,46.1100,100
37575241018596,10:26:15.241,46.0900,100
37587155011279,10:26:27.155,46.1050,100
37593863071668,10:26:33.863,46.1050,100
37594302171277,10:26:34.302,46.0900,100
37617012735953,10:26:57.012,46.0800,1
37644369599775,10:27:24.369,46.0800,109
37660021887084,10:27:40.021,46.1000,1
37665528698395,10:27:45.528,46.1100,13
37690327676719,10:28:10.327,46.1000,100
37690328335773,10:28:10.328,46.1000,1
37698755317868,10:28:18.755,46.1000,1
37698755317868,10:28:18.755,46.1100,1
37698755317868,10:28:18.755,46.1100,5
37699122595772,10:28:19.122,46.1000,100
37699697067276,10:28:19.697,46.1000,132
37699697078768,10:28:19.697,46.1000,50
37699697085762,10:28:19.697,46.1000,18
37699798496488,10:28:19.798,46.1000,1
37699942709247,10:28:19.942,46.0900,100
37699944913866,10:28:19.944,46.0900,89
37699944995619,10:28:19.944,46.0900,11
37704154016359,10:28:24.154,46.0800,88
37704154089517,10:28:24.154,46.0800,1
37704154089517,10:28:24.154,46.0800,11
37704154089517,10:28:24.154,46.0800,100
37708012822881,10:28:28.012,46.0800,1
37715458730530,10:28:35.458,46.0800,27
37715491193116,10:28:35.491,46.0750,72
37715491193116,10:28:35.491,46.0700,28
37731113561758,10:28:51.113,46.0600,72
37731113561758,10:28:51.113,46.0600,100
37731114125747,10:28:51.114,46.0500,450
37731114646039,10:28:51.114,46.0400,1
37731114646039,10:28:51.114,46.0400,23
37768099372699,10:29:28.099,46.0550,101
37769010750126,10:29:29.010,46.0500,1
37769012616309,10:29:29.012,46.0600,100
37769012642789,10:29:29.012,46.0600,100
37770565787136,10:29:30.565,46.0700,100
37770565787136,10:29:30.565,46.0700,100
37770565787136,10:29:30.565,46.0700,13
37770565787136,10:29:30.565,46.0700,100
37770565787136,10:29:30.565,46.0700,100
37771044053171,10:29:31.044,46.0750,100
37785633446775,10:29:45.633,46.0850,100
37785633446775,10:29:45.633,46.0800,100
37785633459836,10:29:45.633,46.0800,100
37785636901382,10:29:45.636,46.0700,44
37785637334045,10:29:45.637,46.0700,56
37785638009659,10:29:45.638,46.0700,5
37785638009659,10:29:45.638,46.0700,100
37785739207322,10:29:45.739,46.0700,5
37791637259970,10:29:51.637,46.0750,100
37799550858722,10:29:59.550,46.0700,100
37801696714878,10:30:01.696,46.0700,1
37802171025347,10:30:02.171,46.0800,100
37802171100632,10:30:02.171,46.0800,81
37802171129033,10:30:02.171,46.0800,100
37812381408735,10:30:12.381,46.0900,100
37812381437969,10:30:12.381,46.0900,13
37824458916985,10:30:24.458,46.1000,135
37824458916985,10:30:24.458,46.1000,100
37825158750675,10:30:25.158,46.1050,100
37826456986784,10:30:26.456,46.1050,100
37826456986784,10:30:26.456,46.1000,100
37826457071862,10:30:26.457,46.1000,100
37831730156307,10:30:31.730,46.1100,100
37842629262725,10:30:42.629,46.1200,100
37842629262725,10:30:42.629,46.1200,72
37885336564475,10:31:25.336,46.1200,100
37889851475910,10:31:29.851,46.1250,100
37889851475910,10:31:29.851,46.1250,100
37895023766062,10:31:35.023,46.1200,100
37902635559702,10:31:42.635,46.1300,6
37902635559702,10:31:42.635,46.1300,7
37902635564277,10:31:42.635,46.1300,67
37902635571653,10:31:42.635,46.1300,26
37902635713071,10:31:42.635,46.1300,100
37902635744277,10:31:42.635,46.1300,100
37902635809031,10:31:42.635,46.1300,100
37902636283918,10:31:42.636,46.1400,100
37902636283918,10:31:42.636,46.1400,100
37902636283918,10:31:42.636,46.1400,100
37919142716361,10:31:59.142,46.1300,98
37919142797805,10:31:59.142,46.1300,2
37930850096925,10:32:10.850,46.1400,12
37948464781775,10:32:28.464,46.1500,74
37948464786218,10:32:28.464,46.1500,26
37948464922307,10:32:28.464,46.1500,100
37948465969475,10:32:28.465,46.1500,100
37948466704460,10:32:28.466,46.1500,100
37948803815044,10:32:28.803,46.1600,100
37949502909109,10:32:29.502,46.1650,100
37950022106733,10:32:30.022,46.1650,100
37950022239405,10:32:30.022,46.1600,100
37950023118037,10:32:30.023,46.1600,100
37950056867702,10:32:30.056,46.1600,13
37950056867702,10:32:30.056,46.1600,87
37952508427927,10:32:32.508,46.1650,100
37976781515183,10:32:56.781,46.1700,50
37976781541954,10:32:56.781,46.1700,50
37978509403816,10:32:58.509,46.1750,100
37978509403816,10:32:58.509,46.1700,100
37982752432473,10:33:02.752,46.1600,200
37982753785093,10:33:02.753,46.1500,100
37982753785093,10:33:02.753,46.1500,100
37982753785093,10:33:02.753,46.1500,100
37982800926615,10:33:02.800,46.1500,100
38025868264492,10:33:45.868,46.1800,100
38025868264492,10:33:45.868,46.1800,100
38025868264492,10:33:45.868,46.1800,10
38031019055170,10:33:51.019,46.2000,98
38031019084089,10:33:51.019,46.2000,2
38032149067620,10:33:52.149,46.2100,100
38032149113873,10:33:52.149,46.2100,22
38043027568542,10:34:03.027,46.2200,50
38043027569988,10:34:03.027,46.2200,50
38043035875398,10:34:03.035,46.2200,100
38043035875398,10:34:03.035,46.2200,100
38051165505708,10:34:11.165,46.2300,4
38051165857619,10:34:11.165,46.2300,8
38051575866576,10:34:11.575,46.2300,10
38051575866576,10:34:11.575,46.2300,200
38051575866576,10:34:11.575,46.2300,100
38051575866576,10:34:11.575,46.2300,100
38051575866576,10:34:11.575,46.2300,100
38051575866576,10:34:11.575,46.2300,77
38051575900380,10:34:11.575,46.2300,23
38051604825252,10:34:11.604,46.2200,100
38057066450921,10:34:17.066,46.2200,9
38068527291399,10:34:28.527,46.2100,199
38068527294816,10:34:28.527,46.2100,1
38068527294816,10:34:28.527,46.2100,1
38068527302538,10:34:28.527,46.2100,98
38068527303157,10:34:28.527,46.2100,1
38068527307815,10:34:28.527,46.2000,50
38068527514705,10:34:28.527,46.2000,50
38068527514705,10:34:28.527,46.2000,2
38069438867097,10:34:29.438,46.2000,10
38069638755697,10:34:29.638,46.1900,100
38070022534138,10:34:30.022,46.1900,100
38089533258418,10:34:49.533,46.1500,100
38089533258418,10:34:49.533,46.1500,100
38089534041327,10:34:49.534,46.1500,100
38089534041327,10:34:49.534,46.1500,100
38089534041327,10:34:49.534,46.1500,94
38089534562546,10:34:49.534,46.1500,48
38089534612614,10:34:49.534,46.1500,58
38089534713231,10:34:49.534,46.1500,100
38089535062708,10:34:49.535,46.1500,47
38090649554513,10:34:50.649,46.1600,100
38090649639755,10:34:50.649,46.1600,100
38093928839021,10:34:53.928,46.1600,100
38103982703872,10:35:03.982,46.1700,100
38103983398950,10:35:03.983,46.1800,100
38103983398950,10:35:03.983,46.1800,100
38103983442260,10:35:03.983,46.1800,100
38104312718675,10:35:04.312,46.1850,100
38112384864826,10:35:12.384,46.1900,100
38131257485376,10:35:31.257,46.2000,49
38131257488895,10:35:31.257,46.2000,50
38131257790486,10:35:31.257,46.2000,101
38131261042069,10:35:31.261,46.2100,100
38134719788813,10:35:34.719,46.2100,100
38134720580993,10:35:34.720,46.2000,100
38164393763980,10:36:04.393,46.1800,82
38164870238615,10:36:04.870,46.1850,100
38165022978436,10:36:05.022,46.1800,100
38165023003380,10:36:05.023,46.1800,18
38165023003380,10:36:05.023,46.1800,200
38165023005225,10:36:05.023,46.1800,100
38165918975992,10:36:05.918,46.1700,100
38165919141569,10:36:05.919,46.1700,100
38165949404256,10:36:05.949,46.1600,100
38167124282594,10:36:07.124,46.1550,100
38170025688502,10:36:10.025,46.1500,100
38170025688502,10:36:10.025,46.1500,100
38170025769895,10:36:10.025,46.1500,100
38174450230355,10:36:14.450,46.1400,100
38205106659529,10:36:45.106,46.1300,1
38222203176127,10:37:02.203,46.1400,100
38222203176127,10:37:02.203,46.1400,129
38222383358422,10:37:02.383,46.1500,100
38222383383728,10:37:02.383,46.1500,13
38222383383728,10:37:02.383,46.1500,100
38222383383728,10:37:02.383,46.1500,100
38234295998386,10:37:14.295,46.1400,2
38234296008028,10:37:14.296,46.1400,50
38234296018975,10:37:14.296,46.1400,48
38248077721930,10:37:28.077,46.1200,100
38248233562886,10:37:28.233,46.1100,100
38248235295253,10:37:28.235,46.1100,12
38248235322588,10:37:28.235,46.1100,88
38248235322588,10:37:28.235,46.1100,100
38248235322588,10:37:28.235,46.1100,100
38248239933980,10:37:28.239,46.1100,100
38259093254264,10:37:39.093,46.1200,100
38262741596730,10:37:42.741,46.1100,100
38283343315950,10:38:03.343,46.1200,1
38283343315950,10:38:03.343,46.1200,12
38294712607782,10:38:14.712,46.1300,66
38294712613087,10:38:14.712,46.1300,34
38294712613087,10:38:14.712,46.1300,200
38294712613087,10:38:14.712,46.1300,16
38294712614134,10:38:14.712,46.1300,50
38294712615408,10:38:14.712,46.1300,34
38294713881095,10:38:14.713,46.1300,100
38299467817462,10:38:19.467,46.1500,100
38328912420027,10:38:48.912,46.1700,100
38329800369747,10:38:49.800,46.1800,8
38329800984782,10:38:49.800,46.1800,10
38329801051920,10:38:49.801,46.1800,100
38330026132015,10:38:50.026,46.1800,100
38331968596279,10:38:51.968,46.1800,10
38342401515344,10:39:02.401,46.2000,1
38342401551337,10:39:02.401,46.2000,100
38347384156987,10:39:07.384,46.2100,100
38347484351633,10:39:07.484,46.2100,5
38349752406340,10:39:09.752,46.2100,5
38367210222059,10:39:27.210,46.2150,100
38367210222059,10:39:27.210,46.2000,100
38367210580944,10:39:27.210,46.2000,100
38380024996852,10:39:40.024,46.2000,100
38416990849016,10:40:16.990,46.2000,100
38417136611558,10:40:17.136,46.1900,100
38417136611558,10:40:17.136,46.1900,100
38417136646085,10:40:17.136,46.1900,100
38421410860064,10:40:21.410,46.1900,12
38422513883434,10:40:22.513,46.1950,100
38422532159874,10:40:22.532,46.1900,100
38422532702265,10:40:22.532,46.1800,200
38422532702265,10:40:22.532,46.1800,100
38422533504576,10:40:22.533,46.1700,100
38422533504576,10:40:22.533,46.1700,100
38422533532480,10:40:22.533,46.1700,100
38422801606548,10:40:22.801,46.1700,100
38428011327654,10:40:28.011,46.1600,1
38463451117991,10:41:03.451,46.1400,100
38463451132615,10:41:03.451,46.1300,89
38463451134994,10:41:03.451,46.1300,11
38463451134994,10:41:03.451,46.1300,100
38490818963438,10:41:30.818,46.1200,1
38490819091401,10:41:30.819,46.1300,100
38495020692135,10:41:35.020,46.1350,100
38495020729074,10:41:35.020,46.1400,89
38495020734916,10:41:35.020,46.1400,11
38495020734916,10:41:35.020,46.1400,39
38495020754507,10:41:35.020,46.1400,61
38495020754507,10:41:35.020,46.1400,100
38505025338906,10:41:45.025,46.1300,100
38505025338906,10:41:45.025,46.1300,1
38505025369478,10:41:45.025,46.1300,99
38505056313497,10:41:45.056,46.1200,100
38505126120043,10:41:45.126,46.1200,100
38507619534020,10:41:47.619,46.1150,69
38509266935523,10:41:49.266,46.1150,31
38509266935523,10:41:49.266,46.1100,100
38509266935523,10:41:49.266,46.1100,100
38509266935523,10:41:49.266,46.1100,69
38509266975618,10:41:49.266,46.1100,31
38509267713664,10:41:49.267,46.1000,100
38512176108685,10:41:52.176,46.1000,100
38548008155660,10:42:28.008,46.1100,2
38599932648774,10:43:19.932,46.1200,8
38599932673451,10:43:19.932,46.1200,92
38602386590525,10:43:22.386,46.1200,12
38602387021631,10:43:22.387,46.1300,100
38602387021631,10:43:22.387,46.1300,1
38689341858309,10:44:49.341,46.1200,1
38695114582554,10:44:55.114,46.1500,98
38695131590173,10:44:55.131,46.1500,2
38695131590173,10:44:55.131,46.1500,13
38695131590173,10:44:55.131,46.1500,37
38695131590173,10:44:55.131,46.1500,48
38695131627017,10:44:55.131,46.1500,52
38695131627017,10:44:55.131,46.1500,10
38695143438246,10:44:55.143,46.1600,100
38695475467198,10:44:55.475,46.1700,100
38695475493927,10:44:55.475,46.1700,30
38696752404885,10:44:56.752,46.1700,100
38696752404885,10:44:56.752,46.1700,100
38697573719158,10:44:57.573,46.1800,33
38697573820526,10:44:57.573,46.1800,67
38701811552217,10:45:01.811,46.2000,100
38710020616276,10:45:10.020,46.2300,100
38710020616276,10:45:10.020,46.2200,100
38710020907421,10:45:10.020,46.2200,100
38710022948807,10:45:10.022,46.2100,100
38713214873556,10:45:13.214,46.2000,100
38713214873556,10:45:13.214,46.2000,9
38719653765617,10:45:19.653,46.2200,7
38719655308965,10:45:19.655,46.2400,100
38719656116073,10:45:19.656,46.2500,100
38719657523802,10:45:19.657,46.2500,100
38719657601571,10:45:19.657,46.2500,19
38719657603579,10:45:19.657,46.2500,37
38719657659614,10:45:19.657,46.2500,100
38719657659614,10:45:19.657,46.2500,100
38719657687671,10:45:19.657,46.2500,100
38719657741612,10:45:19.657,46.2500,44
38719680307271,10:45:19.680,46.2500,44
38720024845904,10:45:20.024,46.2400,100
38720025322384,10:45:20.025,46.2400,100
38720025498707,10:45:20.025,46.2400,100
38730228281734,10:45:30.228,46.2350,100
38730228281734,10:45:30.228,46.2000,81
38730230424818,10:45:30.230,46.2100,100
38752418671443,10:45:52.418,46.2300,100
38752418671443,10:45:52.418,46.2300,30
38786529305913,10:46:26.529,46.2500,100
38786529305913,10:46:26.529,46.2500,13
38786529305913,10:46:26.529,46.2500,100
38786529305913,10:46:26.529,46.2500,100
38831885994023,10:47:11.885,46.2600,100
38831899417062,10:47:11.899,46.2400,99
38831915295362,10:47:11.915,46.2400,101
38831915295362,10:47:11.915,46.2400,27
38831915350516,10:47:11.915,46.2400,73
38832498196948,10:47:12.498,46.2400,100
38836498747037,10:47:16.498,46.2450,100
38842023947833,10:47:22.023,46.2600,1
38842023947833,10:47:22.023,46.2600,3
38894864319619,10:48:14.864,46.2700,8
38907031004039,10:48:27.031,46.2700,13
38907031004039,10:48:27.031,46.2700,77
38907031041114,10:48:27.031,46.2700,50
38907031050355,10:48:27.031,46.2700,73
38907032231810,10:48:27.032,46.2800,100
38907032231810,10:48:27.032,46.2800,100
38907032646301,10:48:27.032,46.2800,100
38907035472590,10:48:27.035,46.2800,100
38907389458040,10:48:27.389,46.2900,100
38907389485591,10:48:27.389,46.2900,1
38907389531824,10:48:27.389,46.2900,99
38907390900519,10:48:27.390,46.3000,100
38907707565866,10:48:27.707,46.3100,100
38916673254581,10:48:36.673,46.3300,50
38916673753802,10:48:36.673,46.3300,50
38925643170558,10:48:45.643,46.3300,100
38925643224094,10:48:45.643,46.3300,10
38925685770409,10:48:45.685,46.3300,100
38925686026844,10:48:45.686,46.3300,100
38925687139936,10:48:45.687,46.3300,100
38925689111440,10:48:45.689,46.3200,100
38925689111440,10:48:45.689,46.3200,100
38925689111440,10:48:45.689,46.3200,100
38925689111440,10:48:45.689,46.3200,100
38925702130118,10:48:45.702,46.3100,100
38925706729791,10:48:45.706,46.3000,12
38925706738920,10:48:45.706,46.3000,88
38964233219064,10:49:24.233,46.3400,100
38964233219064,10:49:24.233,46.3400,100
38964234171561,10:49:24.234,46.3600,100
39009369476478,10:50:09.369,46.3700,100
39009369513513,10:50:09.369,46.3700,50
39009369514822,10:50:09.369,46.3700,50
39009369514822,10:50:09.369,46.3700,14
39010407578055,10:50:10.407,46.3600,100
39019003461194,10:50:19.003,46.3500,100
39019003461194,10:50:19.003,46.3500,200
39019004559686,10:50:19.004,46.3400,100
39019004559686,10:50:19.004,46.3400,100
39022720114015,10:50:22.720,46.3400,50
39022720190102,10:50:22.720,46.3400,50
39035257346847,10:50:35.257,46.3400,100
39036327418763,10:50:36.327,46.3200,1
39036327465474,10:50:36.327,46.3200,99
39054770783422,10:50:54.770,46.2900,100
39054770783422,10:50:54.770,46.2900,100
39098516879005,10:51:38.516,46.3200,1
39098519864825,10:51:38.519,46.3300,100
39121067449561,10:52:01.067,46.3500,50
39121067463882,10:52:01.067,46.3500,39
39121067464311,10:52:01.067,46.3500,11
39122389573179,10:52:02.389,46.3600,100
39139812989155,10:52:19.812,46.3500,100
39146923059808,10:52:26.923,46.3500,44
39146926695777,10:52:26.926,46.3500,56
39146926695777,10:52:26.926,46.3400,100
39146926695777,10:52:26.926,46.3400,13
39146926700596,10:52:26.926,46.3400,31
39146926726283,10:52:26.926,46.3400,56
39146938187687,10:52:26.938,46.3300,100
39147609548515,10:52:27.609,46.3200,100
39147609548515,10:52:27.609,46.3200,100
39147803253733,10:52:27.803,46.3100,100
39169559927552,10:52:49.559,46.3100,59
39169559929600,10:52:49.559,46.3100,19
39169560038204,10:52:49.560,46.3100,22
39169562637741,10:52:49.562,46.3000,88
39169575698634,10:52:49.575,46.3000,12
39169759989922,10:52:49.759,46.2800,100
39180212046574,10:53:00.212,46.3100,100
39200190557073,10:53:20.190,46.3100,100
39200190560437,10:53:20.190,46.3200,48
39200190561046,10:53:20.190,46.3200,27
39265247445042,10:54:25.247,46.3200,2
39265247538015,10:54:25.247,46.3200,68
39265247538015,10:54:25.247,46.3200,14
39265247538015,10:54:25.247,46.3200,100
39265247538015,10:54:25.247,46.3200,100
39269283553565,10:54:29.283,46.3300,59
39320223051503,10:55:20.223,46.3500,50
39320223079982,10:55:20.223,46.3500,50
39320223079982,10:55:20.223,46.3500,100
39320223079982,10:55:20.223,46.3500,22
39320223142540,10:55:20.223,46.3500,78
39323601300663,10:55:23.601,46.3700,100
39328823493736,10:55:28.823,46.3700,100
39340221118726,10:55:40.221,46.3850,100
39369515450850,10:56:09.515,46.3800,10
39369515450850,10:56:09.515,46.3700,90
39369515495885,10:56:09.515,46.3700,10
39369515495885,10:56:09.515,46.3700,100
39369526101273,10:56:09.526,46.3600,100
39369526101273,10:56:09.526,46.3600,100
39369526101273,10:56:09.526,46.3600,100
39378760604221,10:56:18.760,46.3550,100
39382279233934,10:56:22.279,46.3600,1
39382279233934,10:56:22.279,46.3600,7
39382279257218,10:56:22.279,46.3600,10
39382279260218,10:56:22.279,46.3600,83
39382279260218,10:56:22.279,46.3600,100
39389336500781,10:56:29.336,46.3700,13
39395507556793,10:56:35.507,46.3600,100
39395507556793,10:56:35.507,46.3600,100
39395507556793,10:56:35.507,46.3500,100
39395510897082,10:56:35.510,46.3500,100
39395513126681,10:56:35.513,46.3400,100
39406098015082,10:56:46.098,46.3500,50
39406098112133,10:56:46.098,46.3450,50
39406098112133,10:56:46.098,46.3400,24
39451806900876,10:57:31.806,46.3600,2
39451808474507,10:57:31.808,46.3700,100
39451808474507,10:57:31.808,46.3700,100
39467246292395,10:57:47.246,46.3700,14
39467246367960,10:57:47.246,46.3700,14
39467246526587,10:57:47.246,46.3700,72
39467397035326,10:57:47.397,46.3600,50
39467403143272,10:57:47.403,46.3600,50
39467403143272,10:57:47.403,46.3600,50
39467914109002,10:57:47.914,46.3500,14
39469159839614,10:57:49.159,46.3600,100
39484353038056,10:58:04.353,46.3700,100
39484353038056,10:58:04.353,46.3700,13
39580638938924,10:59:40.638,46.3800,1
39580642744141,10:59:40.642,46.3900,38
39580642744141,10:59:40.642,46.3900,62
39580642796588,10:59:40.642,46.3900,38
39580642796588,10:59:40.642,46.3900,108
39601018443346,11:00:01.018,46.4000,100
39601018443346,11:00:01.018,46.4000,98
39601018447712,11:00:01.018,46.4000,2
39602808794549,11:00:02.808,46.4100,100
39603804035714,11:00:03.804,46.4100,100
39603804035714,11:00:03.804,46.4100,100
39603804035714,11:00:03.804,46.4100,100
39603804035714,11:00:03.804,46.4100,13
39603804035714,11:00:03.804,46.4100,100
39653659558016,11:00:53.659,46.4300,100
39653660572112,11:00:53.660,46.4200,100
39653660572112,11:00:53.660,46.4200,100
39653661398917,11:00:53.661,46.4100,100
39653661398917,11:00:53.661,46.4100,100
39654804790308,11:00:54.804,46.4000,100
39654804976252,11:00:54.804,46.4000,100
39654804976252,11:00:54.804,46.4000,100
39654804976252,11:00:54.804,46.4000,100
39654804976252,11:00:54.804,46.4000,100
39662913885460,11:01:02.913,46.4100,42
39662913885460,11:01:02.913,46.4100,100
39662913885460,11:01:02.913,46.4100,58
39662913894474,11:01:02.913,46.4100,100
39662914200305,11:01:02.914,46.4100,42
39663380853776,11:01:03.380,46.4200,3
39663382114930,11:01:03.382,46.4200,50
39663382140914,11:01:03.382,46.4200,47
39663469309240,11:01:03.469,46.4500,5
39664814276382,11:01:04.814,46.4300,100
39667169718866,11:01:07.169,46.4300,100
39667170080106,11:01:07.170,46.4200,100
39704672355835,11:01:44.672,46.4100,60
39708764856625,11:01:48.764,46.4200,73
39721821305236,11:02:01.821,46.4300,61
39721821415411,11:02:01.821,46.4300,39
39721821415411,11:02:01.821,46.4300,100
39721821415411,11:02:01.821,46.4300,100
39723799271756,11:02:03.799,46.4500,100
39723799271756,11:02:03.799,46.4500,100
39723799271756,11:02:03.799,46.4500,13
39723830430659,11:02:03.830,46.4600,100
39724700909123,11:02:04.700,46.4900,1
39724701113238,11:02:04.701,46.4900,99
39724701113238,11:02:04.701,46.4900,1
39724701234568,11:02:04.701,46.4900,99
39724706725511,11:02:04.706,46.5000,100
39724706749650,11:02:04.706,46.5000,1
39724707489594,11:02:04.707,46.5000,99
39724805242094,11:02:04.805,46.5300,100
39734158501480,11:02:14.158,46.5400,100
39734158501480,11:02:14.158,46.5200,100
39734158501480,11:02:14.158,46.5200,200
39734158530585,11:02:14.158,46.5200,100
39735105916822,11:02:15.105,46.5150,100
39735679723837,11:02:15.679,46.5100,100
39735680626797,11:02:15.680,46.5100,100
39775408035140,11:02:55.408,46.5100,100
39778737428057,11:02:58.737,46.5100,1
39792273470769,11:03:12.273,46.5000,10
39792274286752,11:03:12.274,46.5000,5
39792275450746,11:03:12.275,46.5000,100
39792276206196,11:03:12.276,46.5000,5
39792279831586,11:03:12.279,46.5000,95
39792279831586,11:03:12.279,46.5000,5
39792279885588,11:03:12.279,46.5000,95
39792279961021,11:03:12.279,46.5000,100
39792279971842,11:03:12.279,46.5000,100
39792899686096,11:03:12.899,46.5100,99
39792899686096,11:03:12.899,46.5100,1
39792933766056,11:03:12.933,46.5100,100
39792933832831,11:03:12.933,46.5100,98
39795647619589,11:03:15.647,46.5150,100
39795647806613,11:03:15.647,46.5150,100
39802670390733,11:03:22.670,46.5200,8
39802819340836,11:03:22.819,46.5200,92
39802819340836,11:03:22.819,46.5200,100
39804242778369,11:03:24.242,46.5200,100
39813191478540,11:03:33.191,46.5150,100
39813191478540,11:03:33.191,46.5100,100
39813191478540,11:03:33.191,46.5100,100
39813191695648,11:03:33.191,46.5100,100
39845639143243,11:04:05.639,46.5100,100
39845639143243,11:04:05.639,46.5100,14
39845639143243,11:04:05.639,46.5100,100
39845806170995,11:04:05.806,46.5200,100
39845806833060,11:04:05.806,46.5200,100
39845836911417,11:04:05.836,46.5300,100
39846713480277,11:04:06.713,46.5400,100
39846714375269,11:04:06.714,46.5400,100
39846805982703,11:04:06.805,46.5400,100
39862904110520,11:04:22.904,46.5500,100
39862904110520,11:04:22.904,46.5500,100
39863804789446,11:04:23.804,46.5600,100
39863804789446,11:04:23.804,46.5600,100
39865783715022,11:04:25.783,46.5700,100
39865791027004,11:04:25.791,46.5700,100
39865791027004,11:04:25.791,46.5700,200
39865805545143,11:04:25.805,46.5700,100
39868807513104,11:04:28.807,46.5800,19
39874409383581,11:04:34.409,46.5700,100
39874409797928,11:04:34.409,46.5700,100
39891721017748,11:04:51.721,46.5800,181
39891721017748,11:04:51.721,46.5800,100
39891721017748,11:04:51.721,46.5800,100
39891722087909,11:04:51.722,46.6100,100
39891722087909,11:04:51.722,46.6100,44
39892023362702,11:04:52.023,46.6000,100
39895211464720,11:04:55.211,46.6000,30
39895469798579,11:04:55.469,46.5900,100
39895471840067,11:04:55.471,46.5900,100
39895472887544,11:04:55.472,46.5850,70
39895472887544,11:04:55.472,46.5800,30
39895472916180,11:04:55.472,46.5800,70
39895477659604,11:04:55.477,46.5700,100
39895480125258,11:04:55.480,46.5600,44
39895482467419,11:04:55.482,46.5650,100
39897361981640,11:04:57.361,46.5700,100
39904203126683,11:05:04.203,46.5900,100
39904221528374,11:05:04.221,46.6050,100
39905291559066,11:05:05.291,46.6050,100
39905292230861,11:05:05.292,46.6000,100
39914837812446,11:05:14.837,46.6050,100
39914837812446,11:05:14.837,46.6000,100
39914837812446,11:05:14.837,46.6000,100
39914837849112,11:05:14.837,46.6000,100
39914837849112,11:05:14.837,46.6000,400
39937331268153,11:05:37.331,46.6000,26
39937331278257,11:05:37.331,46.6000,74
39937332292023,11:05:37.332,46.6100,100
39937332292023,11:05:37.332,46.6100,100
39937332292023,11:05:37.332,46.6100,100
39937395910236,11:05:37.395,46.6200,100
39939398872476,11:05:39.398,46.6300,100
39939428967742,11:05:39.428,46.6400,100
39941728826963,11:05:41.728,46.6500,100
39941728884447,11:05:41.728,46.6500,100
39943551305942,11:05:43.551,46.6400,100
39966494452295,11:06:06.494,46.6300,100
39966494496212,11:06:06.494,46.6300,100
39967370861841,11:06:07.370,46.6200,100
39967370861841,11:06:07.370,46.6200,100
39974178951225,11:06:14.178,46.6100,5
39974178951225,11:06:14.178,46.6100,95
39974179243056,11:06:14.179,46.6100,5
39974179243056,11:06:14.179,46.6000,95
39974179306239,11:06:14.179,46.6000,5
39988525399699,11:06:28.525,46.5800,2
39988525399699,11:06:28.525,46.5800,98
39988525429686,11:06:28.525,46.5800,2
40036890376065,11:07:16.890,46.5600,200
40037252482224,11:07:17.252,46.5500,2
40048005645671,11:07:28.005,46.5600,1
40049770187126,11:07:29.770,46.5500,100
40051759190731,11:07:31.759,46.5400,100
40109117044149,11:08:29.117,46.5400,1
40109117260608,11:08:29.117,46.5500,100
40109117260608,11:08:29.117,46.5500,100
40109117260608,11:08:29.117,46.5500,14
40109120973403,11:08:29.120,46.5600,100
40109120973403,11:08:29.120,46.5600,100
40116749474849,11:08:36.749,46.5600,100
40158000177763,11:09:18.000,46.5800,100
40158116547463,11:09:18.116,46.5800,100
40158116585446,11:09:18.116,46.5800,100
40161919580046,11:09:21.919,46.5800,100
40170492290320,11:09:30.492,46.5800,100
40186858364869,11:09:46.858,46.5700,100
40197212369550,11:09:57.212,46.5800,100
40197213006051,11:09:57.213,46.5900,100
40197213006051,11:09:57.213,46.5900,92
40197213044372,11:09:57.213,46.5900,8
40197213044372,11:09:57.213,46.5900,100
40204448327846,11:10:04.448,46.5850,75
40231278585003,11:10:31.278,46.5700,100
40231278585003,11:10:31.278,46.5700,100
40234545049830,11:10:34.545,46.5700,2
40234545141740,11:10:34.545,46.5700,100
40234545696162,11:10:34.545,46.5600,100
40251315358049,11:10:51.315,46.5400,200
40251781003224,11:10:51.781,46.5400,100
40263856972984,11:11:03.856,46.5600,5
40285304452802,11:11:25.304,46.5400,100
40285304481257,11:11:25.304,46.5400,100
40285304481257,11:11:25.304,46.5400,100
40285334728560,11:11:25.334,46.5400,100
40285729146053,11:11:25.729,46.5300,100
40288013415474,11:11:28.013,46.5300,1
40299267162197,11:11:39.267,46.5300,99
40299267162197,11:11:39.267,46.5200,1
40309910421675,11:11:49.910,46.5400,6
40310595458366,11:11:50.595,46.5300,100
40318865609150,11:11:58.865,46.5300,200
40318865664917,11:11:58.865,46.5300,40
40318986682619,11:11:58.986,46.5300,100
40320825986582,11:12:00.825,46.5400,94
40350711700522,11:12:30.711,46.5500,54
40391147433050,11:13:11.147,46.5600,50
40391147464239,11:13:11.147,46.5600,50
40391147464239,11:13:11.147,46.5600,14
40392296715478,11:13:12.296,46.5700,88
40393585152204,11:13:13.585,46.5800,100
40393585208470,11:13:13.585,46.5800,100
40393585297711,11:13:13.585,46.5800,100
40393585719109,11:13:13.585,46.5800,44
40393585883306,11:13:13.585,46.5800,44
40393587627200,11:13:13.587,46.5800,100
40393589005618,11:13:13.589,46.5800,56
40393590647559,11:13:13.590,46.5800,10
40393590647559,11:13:13.590,46.5800,12
40393704257922,11:13:13.704,46.5800,200
40393704342367,11:13:13.704,46.5800,134
40393704461530,11:13:13.704,46.5800,100
40393704461530,11:13:13.704,46.5800,100
40393704461530,11:13:13.704,46.5800,100
40393704461530,11:13:13.704,46.5800,100
40395494638967,11:13:15.494,46.5800,100
40395494638967,11:13:15.494,46.5700,100
40395494638967,11:13:15.494,46.5700,100
40395496739499,11:13:15.496,46.5600,100
40415219054220,11:13:35.219,46.5800,8
40421726047977,11:13:41.726,46.5800,97
40421726047977,11:13:41.726,46.5800,100
40421726047977,11:13:41.726,46.5800,3
40421726097612,11:13:41.726,46.5800,97
40425588140525,11:13:45.588,46.6000,100
40425588140525,11:13:45.588,46.6000,100
40428072868448,11:13:48.072,46.6000,100
40464453848372,11:14:24.453,46.6100,108
40464453848372,11:14:24.453,46.6100,100
40464453848372,11:14:24.453,46.6100,14
40464461426023,11:14:24.461,46.6200,8
40465727288345,11:14:25.727,46.6300,192
40465727751534,11:14:25.727,46.6300,100
40465727751534,11:14:25.727,46.6300,8
40531182743104,11:15:31.182,46.6200,1
40531182743104,11:15:31.182,46.6200,41
40531183259134,11:15:31.183,46.6100,42
40531183848621,11:15:31.183,46.6100,58
40531183848621,11:15:31.183,46.6100,6
40531183857887,11:15:31.183,46.6100,32
40531183876293,11:15:31.183,46.6100,37
40531184217778,11:15:31.184,46.6100,25
40531184217778,11:15:31.184,46.6100,75
40531184863825,11:15:31.184,46.6100,25
40531184863825,11:15:31.184,46.6100,63
40531184898313,11:15:31.184,46.6100,37
40531184898313,11:15:31.184,46.6100,26
40531184929567,11:15:31.184,46.6100,74
40531187965674,11:15:31.187,46.6000,64
40531207524500,11:15:31.207,46.6000,36
40531211797192,11:15:31.211,46.5900,44
40531232616846,11:15:31.232,46.5900,56
40531232616846,11:15:31.232,46.5900,100
40534107362491,11:15:34.107,46.5600,88
40534108070924,11:15:34.108,46.5600,12
40534108070924,11:15:34.108,46.5500,76
40536013956468,11:15:36.013,46.5500,1
40553513887573,11:15:53.513,46.5700,100
40553515165682,11:15:53.515,46.5800,100
40553520742843,11:15:53.520,46.5800,100
40554087313620,11:15:54.087,46.5800,100
40554515194821,11:15:54.515,46.5700,100
40554515271571,11:15:54.515,46.5700,200
40563992309834,11:16:03.992,46.5800,100
40563992384228,11:16:03.992,46.5800,14
40563992391705,11:16:03.992,46.5900,84
40563996105572,11:16:03.996,46.5900,16
40563996105572,11:16:03.996,46.5900,100
40564062342202,11:16:04.062,46.5900,100
40584447266024,11:16:24.447,46.6000,15
40584447266687,11:16:24.447,46.6000,50
40584447270755,11:16:24.447,46.6000,35
40584469973273,11:16:24.469,46.6000,100
40584469973273,11:16:24.469,46.6000,100
40590400288141,11:16:30.400,46.6100,47
40615090362016,11:16:55.090,46.6100,5
40616849778126,11:16:56.849,46.6000,100
40616849851091,11:16:56.849,46.5900,50
40632096088655,11:17:12.096,46.6000,1
40632096088655,11:17:12.096,46.6000,99
40632096089702,11:17:12.096,46.6000,1
40643441991953,11:17:23.441,46.5900,50
40680525271924,11:18:00.525,46.6000,97
40680525506498,11:18:00.525,46.6000,3
40687767789220,11:18:07.767,46.6100,140
40687767827022,11:18:07.767,46.6100,160
40687767827022,11:18:07.767,46.6100,40
40687767851284,11:18:07.767,46.6100,50
40687767853750,11:18:07.767,46.6100,10
40687769029613,11:18:07.769,46.6000,100
40687796769768,11:18:07.796,46.5900,100
40687796857697,11:18:07.796,46.5800,30
40691812940488,11:18:11.812,46.5900,3
40691812952616,11:18:11.812,46.5900,97
40702446931029,11:18:22.446,46.5950,86
40703485672911,11:18:23.485,46.6100,8
40720164787345,11:18:40.164,46.6100,81
40720165232172,11:18:40.165,46.6100,19
40729943328017,11:18:49.943,46.6100,100
40729943328017,11:18:49.943,46.6000,100
40729943366859,11:18:49.943,46.6000,100
40764112049072,11:19:24.112,46.5900,50
40764112160605,11:19:24.112,46.5900,50
40767460745404,11:19:27.460,46.5700,100
40772784073087,11:19:32.784,46.5650,100
40776700050716,11:19:36.700,46.5600,100
40776700050716,11:19:36.700,46.5600,5
40785095819994,11:19:45.095,46.5600,1
40785095819994,11:19:45.095,46.5600,100
40786500035409,11:19:46.500,46.5700,100
40786500035409,11:19:46.500,46.5700,100
40786500035409,11:19:46.500,46.5700,14
40786500035409,11:19:46.500,46.5700,100
40786500035409,11:19:46.500,46.5700,22
40786500044480,11:19:46.500,46.5700,100
40795006715302,11:19:55.006,46.5850,13
40855121628662,11:20:55.121,46.5900,1
40856190092784,11:20:56.190,46.5900,100
40856190092784,11:20:56.190,46.5900,100
40888006169906,11:21:28.006,46.6000,100
40888006169906,11:21:28.006,46.6000,14
40888007319447,11:21:28.007,46.5900,2
40890385803635,11:21:30.385,46.6100,100
40903352316874,11:21:43.352,46.5900,100
40903352316874,11:21:43.352,46.5900,100
40915962302516,11:21:55.962,46.5900,33
40930113697317,11:22:10.113,46.5800,32
40930113943878,11:22:10.113,46.5800,50
40930113959081,11:22:10.113,46.5800,18
40930115780895,11:22:10.115,46.5700,44
40930118201771,11:22:10.118,46.5700,44
40930118802430,11:22:10.118,46.5700,12
40930122276969,11:22:10.122,46.5500,32
40930122470262,11:22:10.122,46.5500,12
40930122610487,11:22:10.122,46.5500,88
40930167146147,11:22:10.167,46.5500,8
40950829864974,11:22:30.829,46.5500,1
40961332529126,11:22:41.332,46.5400,100
40969907646599,11:22:49.907,46.5100,100
40971573862625,11:22:51.573,46.5300,100
40972590579719,11:22:52.590,46.5500,100
40972591438157,11:22:52.591,46.5500,14
40975137153549,11:22:55.137,46.5500,81
40978533446665,11:22:58.533,46.5550,19
40978533446665,11:22:58.533,46.5400,81
40978669161063,11:22:58.669,46.5300,8
40978669195982,11:22:58.669,46.5300,92
41020063303743,11:23:40.063,46.5600,1
41028208043677,11:23:48.208,46.5700,100
41028208043677,11:23:48.208,46.5700,1
41028208044281,11:23:48.208,46.5800,88
41028208214506,11:23:48.208,46.5800,12
41038669801672,11:23:58.669,46.5900,100
41107806840030,11:25:07.806,46.6000,100
41107806840030,11:25:07.806,46.6000,14
41107806840030,11:25:07.806,46.6000,86
41107806876738,11:25:07.806,46.6000,8
41107807075244,11:25:07.807,46.6000,6
41141750222207,11:25:41.750,46.6100,57
41141750233386,11:25:41.750,46.6100,8
41141750236268,11:25:41.750,46.6100,35
41143580743307,11:25:43.580,46.6200,100
41143580743307,11:25:43.580,46.6200,50
41143592052353,11:25:43.592,46.6200,50
41143592052353,11:25:43.592,46.6200,100
41143592126539,11:25:43.592,46.6200,47
41143592153482,11:25:43.592,46.6200,53
41143592183117,11:25:43.592,46.6200,100
41143592382557,11:25:43.592,46.6200,100
41143593170343,11:25:43.593,46.6200,100
41143593397948,11:25:43.593,46.6200,53
41145629933651,11:25:45.629,46.6250,100
41145629933651,11:25:45.629,46.6200,100
41145629933651,11:25:45.629,46.6200,100
41145629942151,11:25:45.629,46.6200,100
41145629942151,11:25:45.629,46.6200,100
41145715354346,11:25:45.715,46.6300,100
41145715354346,11:25:45.715,46.6300,47
41146330715886,11:25:46.330,46.6400,100
41146330715886,11:25:46.330,46.6400,100
41146330715886,11:25:46.330,46.6400,100
41149927289588,11:25:49.927,46.6350,100
41149927289588,11:25:49.927,46.6300,100
41149927289588,11:25:49.927,46.6300,100
41149951371398,11:25:49.951,46.6300,100
41149964038166,11:25:49.964,46.6300,100
41149964038166,11:25:49.964,46.6300,50
41159414490217,11:25:59.414,46.6400,200
41160090185164,11:26:00.090,46.6500,1
41160090410317,11:26:00.090,46.6550,100
41160090741808,11:26:00.090,46.6500,100
41160092398430,11:26:00.092,46.6500,100
41160092398430,11:26:00.092,46.6500,100
41160097441207,11:26:00.097,46.6400,100
41163801800358,11:26:03.801,46.6400,100
41163801800358,11:26:03.801,46.6400,100
41163801800358,11:26:03.801,46.6400,14
41163816920868,11:26:03.816,46.6600,100
41172891562045,11:26:12.891,46.6650,100
41173137770860,11:26:13.137,46.6600,100
41173137770860,11:26:13.137,46.6600,100
41173137770860,11:26:13.137,46.6600,100
41174020158192,11:26:14.020,46.6600,90
41185618373986,11:26:25.618,46.6650,10
41185618373986,11:26:25.618,46.6600,100
41185618373986,11:26:25.618,46.6600,100
41185618373986,11:26:25.618,46.6600,190
41185618884491,11:26:25.618,46.6600,3
41191602589748,11:26:31.602,46.6600,100
41201987519487,11:26:41.987,46.6500,100
41230005658509,11:27:10.005,46.6700,100
41230005694797,11:27:10.005,46.6700,50
41230005722548,11:27:10.005,46.6700,50
41232706262275,11:27:12.706,46.6800,100
41232706262275,11:27:12.706,46.6800,200
41241504085834,11:27:21.504,46.6700,50
41241504085834,11:27:21.504,46.6700,50
41247981088885,11:27:27.981,46.6650,50
41283821443456,11:28:03.821,46.6800,12
41283821453454,11:28:03.821,46.6800,50
41283821454976,11:28:03.821,46.6800,38
41283821454976,11:28:03.821,46.6800,100
41283821458831,11:28:03.821,46.6800,15
41283825866986,11:28:03.825,46.6900,100
41286683634539,11:28:06.683,46.7000,60
41300477937236,11:28:20.477,46.6950,100
41300477937236,11:28:20.477,46.6900,100
41300477937236,11:28:20.477,46.6900,1
41300477937236,11:28:20.477,46.6900,7
41300477993687,11:28:20.477,46.6900,83
41300478054165,11:28:20.478,46.6900,17
41300578880814,11:28:20.578,46.6900,17
41310351095819,11:28:30.351,46.7000,40
41310351095819,11:28:30.351,46.7000,60
41310351110650,11:28:30.351,46.7000,40
41310351110650,11:28:30.351,46.7000,59
41310351133191,11:28:30.351,46.7000,41
41331039505181,11:28:51.039,46.7000,2
41332429699328,11:28:52.429,46.6900,100
41332429699328,11:28:52.429,46.6900,100
41332429699328,11:28:52.429,46.6900,30
41332456433287,11:28:52.456,46.6800,100
41332456456476,11:28:52.456,46.6800,100
41335883232586,11:28:55.883,46.6950,7
41343908566667,11:29:03.908,46.7000,22
41348365477806,11:29:08.365,46.6900,100
41348365477806,11:29:08.365,46.6900,68
41348369847764,11:29:08.369,46.6800,100
41372716371874,11:29:32.716,46.6700,100
41389925424614,11:29:49.925,46.6500,100
41389938982583,11:29:49.938,46.6500,100
41389940626757,11:29:49.940,46.6400,88
41389940652624,11:29:49.940,46.6400,12
41389940652624,11:29:49.940,46.6400,200
41394929093629,11:29:54.929,46.6400,57
41394929102649,11:29:54.929,46.6400,43
41394929102649,11:29:54.929,46.6400,42
41394929108240,11:29:54.929,46.6400,58
41402040818215,11:30:02.040,46.6450,100
41402040818215,11:30:02.040,46.6400,300
41417500030280,11:30:17.500,46.6400,100
41417500035766,11:30:17.500,46.6400,9
41417500062886,11:30:17.500,46.6400,91
41417501430137,11:30:17.501,46.6500,100
41420237591377,11:30:20.237,46.6500,100
41440284941328,11:30:40.284,46.6450,100
41440284941328,11:30:40.284,46.6400,200
41447924299309,11:30:47.924,46.6450,100
41447924299309,11:30:47.924,46.6400,200
41450521583609,11:30:50.521,46.6500,100
41450521583609,11:30:50.521,46.6500,14
41450521583609,11:30:50.521,46.6500,86
41450521616359,11:30:50.521,46.6500,14
41450521616359,11:30:50.521,46.6500,56
41450521664792,11:30:50.521,46.6500,44
41463810197061,11:31:03.810,46.6750,71
41463987021087,11:31:03.987,46.6750,29
41463987021087,11:31:03.987,46.6700,100
41463987021087,11:31:03.987,46.6700,100
41463987021087,11:31:03.987,46.6700,71
41463987050153,11:31:03.987,46.6700,129
41463987050153,11:31:03.987,46.6700,200
41464293826316,11:31:04.293,46.6800,100
41464293826316,11:31:04.293,46.6800,99
41464296078579,11:31:04.296,46.6800,100
41471188714249,11:31:11.188,46.6900,100
41471435718104,11:31:11.435,46.6800,100
41471435718104,11:31:11.435,46.6800,100
41476262574745,11:31:16.262,46.6950,100
41476262735757,11:31:16.262,46.6900,50
41476262764654,11:31:16.262,46.6900,50
41476403375641,11:31:16.403,46.6900,100
41476403657479,11:31:16.403,46.6900,100
41476403682914,11:31:16.403,46.6900,100
41476403682914,11:31:16.403,46.6900,100
41478106309362,11:31:18.106,46.6900,100
41478106516098,11:31:18.106,46.6900,100
41478108648758,11:31:18.108,46.6900,18
41478108654707,11:31:18.108,46.6900,82
41478108654707,11:31:18.108,46.6900,36
41478108655684,11:31:18.108,46.6900,50
41478108664263,11:31:18.108,46.6900,14
41478108664263,11:31:18.108,46.7000,36
41479558907693,11:31:19.558,46.7000,64
41479558907693,11:31:19.558,46.7000,36
41479560478075,11:31:19.560,46.7000,64
41479560478075,11:31:19.560,46.7000,200
41479567428055,11:31:19.567,46.7150,100
41479567690329,11:31:19.567,46.7100,100
41479567690329,11:31:19.567,46.7100,100
41479567690329,11:31:19.567,46.7100,100
41483285068750,11:31:23.285,46.7100,100
41483285094942,11:31:23.285,46.7100,100
41484537460886,11:31:24.537,46.7150,200
41484537460886,11:31:24.537,46.7100,100
41486841644031,11:31:26.841,46.7200,100
41486841644031,11:31:26.841,46.7200,100
41498782192746,11:31:38.782,46.7300,100
41498782192746,11:31:38.782,46.7300,6
41498782242596,11:31:38.782,46.7300,94
41498782242596,11:31:38.782,46.7300,100
41499022171515,11:31:39.022,46.7400,200
41505335325445,11:31:45.335,46.7550,100
41512210159590,11:31:52.210,46.7600,100
41512210159590,11:31:52.210,46.7600,100
41512212229724,11:31:52.212,46.7700,100
41512214253807,11:31:52.214,46.7800,100
41516965175619,11:31:56.965,46.7900,100
41516965200574,11:31:56.965,46.7900,200
41518152453953,11:31:58.152,46.7700,100
41518152478224,11:31:58.152,46.7700,100
41522835413048,11:32:02.835,46.7800,1
41523699115167,11:32:03.699,46.7800,99
41523707583822,11:32:03.707,46.7700,200
41523708486603,11:32:03.708,46.7600,100
41524054228572,11:32:04.054,46.7550,100
41532630404142,11:32:12.630,46.7600,100
41532630404142,11:32:12.630,46.7600,100
41532633004943,11:32:12.633,46.7800,100
41532635697693,11:32:12.635,46.8000,100
41532635697693,11:32:12.635,46.8000,100
41532635697693,11:32:12.635,46.8000,100
41532641868607,11:32:12.641,46.8000,100
41532657065265,11:32:12.657,46.7900,100
41532657617359,11:32:12.657,46.7800,100
41532773114783,11:32:12.773,46.7800,100
41534822298195,11:32:14.822,46.7900,100
41545026880129,11:32:25.026,46.7850,100
41545027015121,11:32:25.027,46.7850,100
41549459097004,11:32:29.459,46.7900,29
41549459150167,11:32:29.459,46.7900,71
41549459150167,11:32:29.459,46.7900,16
41554610754888,11:32:34.610,46.7850,200
41554610758790,11:32:34.610,46.7800,100
41554610758790,11:32:34.610,46.7800,100
41590900191089,11:33:10.900,46.7500,100
41604316687558,11:33:24.316,46.7300,100
41643657715306,11:34:03.657,46.7000,100
41643657715306,11:34:03.657,46.7000,100
41652904739969,11:34:12.904,46.7000,100
41655492114036,11:34:15.492,46.7200,100
41655492114036,11:34:15.492,46.7200,100
41655492114036,11:34:15.492,46.7200,100
41659197571441,11:34:19.197,46.7200,100
41659197571441,11:34:19.197,46.7200,16
41679933261434,11:34:39.933,46.7200,100
41679933288252,11:34:39.933,46.7200,200
41679934397103,11:34:39.934,46.7100,100
41679934397103,11:34:39.934,46.7100,100
41679934397103,11:34:39.934,46.7100,100
41692855359292,11:34:52.855,46.6900,100
41692855712690,11:34:52.855,46.6900,100
41692855712690,11:34:52.855,46.6900,100
41692855758227,11:34:52.855,46.7000,100
41692855758227,11:34:52.855,46.7000,100
41693431048623,11:34:53.431,46.7100,100
41693431519360,11:34:53.431,46.7100,100
41694897838852,11:34:54.897,46.7400,200
41694897838852,11:34:54.897,46.7400,100
41694899491113,11:34:54.899,46.7500,100
41695098164119,11:34:55.098,46.7500,100
41695098188199,11:34:55.098,46.7500,100
41695098188199,11:34:55.098,46.7500,100
41695399292701,11:34:55.399,46.7500,100
41696897617842,11:34:56.897,46.7600,100
41698379187582,11:34:58.379,46.7500,100
41754148018068,11:35:54.148,46.7600,100
41754148018068,11:35:54.148,46.7600,200
41754785218756,11:35:54.785,46.7700,100
41754786868618,11:35:54.786,46.7900,200
41755386305414,11:35:55.386,46.7800,100
41760753892029,11:36:00.753,46.7800,10
41781978887485,11:36:21.978,46.7800,10
41781978887485,11:36:21.978,46.7700,200
41781978887485,11:36:21.978,46.7700,29
41781978915779,11:36:21.978,46.7700,71
41781978915779,11:36:21.978,46.7700,10
41783008444252,11:36:23.008,46.7600,100
41783542799320,11:36:23.542,46.7500,100
41787278001488,11:36:27.278,46.7400,100
41787278001488,11:36:27.278,46.7400,1
41792104440694,11:36:32.104,46.7300,100
41792105136469,11:36:32.105,46.7300,38
41792105161222,11:36:32.105,46.7300,62
41792105241981,11:36:32.105,46.7300,5
41795024050813,11:36:35.024,46.7200,19
41795026103539,11:36:35.026,46.7200,81
41795116048121,11:36:35.116,46.6900,13
41807002360760,11:36:47.002,46.7100,100
41807397413323,11:36:47.397,46.7100,4
41811979593212,11:36:51.979,46.7100,96
41863198936155,11:37:43.198,46.7100,4
41863413906847,11:37:43.413,46.7100,96
41863413906847,11:37:43.413,46.7100,100
41864014362958,11:37:44.014,46.7000,1
41874314170825,11:37:54.314,46.7200,100
41874314170825,11:37:54.314,46.7200,100
41893000897711,11:38:13.000,46.7100,1
41893000947063,11:38:13.000,46.7100,99
41908163045248,11:38:28.163,46.7100,1
41909362703966,11:38:29.362,46.7000,100
41909363213326,11:38:29.363,46.7000,100
41917883483674,11:38:37.883,46.6900,30
41935279395696,11:38:55.279,46.6900,100
41936500139126,11:38:56.500,46.6900,100
41938660480415,11:38:58.660,46.6900,100
41938660516517,11:38:58.660,46.6900,1
41938660564177,11:38:58.660,46.6900,99
41939739552814,11:38:59.739,46.6900,16
41962434107645,11:39:22.434,46.6900,1
41962434107645,11:39:22.434,46.6900,99
41962963404208,11:39:22.963,46.6900,101
41962968725953,11:39:22.968,46.7000,99
41968329359290,11:39:28.329,46.7000,1
41990054667031,11:39:50.054,46.6900,24
41990354872051,11:39:50.354,46.6900,100
41990354872051,11:39:50.354,46.6900,100
41990962990462,11:39:50.962,46.6900,100
41992020665847,11:39:52.020,46.6900,100
41992020665847,11:39:52.020,46.6900,100
41992021136852,11:39:52.021,46.6900,100
41992022580212,11:39:52.022,46.7000,100
41992022730241,11:39:52.022,46.7000,100
41996957423037,11:39:56.957,46.7100,100
42001315628192,11:40:01.315,46.7000,100
42001315628192,11:40:01.315,46.7000,100
42001316608263,11:40:01.316,46.7000,100
42038092727805,11:40:38.092,46.7000,100
42038092727805,11:40:38.092,46.7000,100
42046973998203,11:40:46.973,46.6900,100
42049939898836,11:40:49.939,46.7000,100
42049939976541,11:40:49.939,46.7000,100
42049940004025,11:40:49.940,46.7000,17
42091408474471,11:41:31.408,46.6900,1
42122102671733,11:42:02.102,46.7000,200
42122102671733,11:42:02.102,46.7000,100
42122418379327,11:42:02.418,46.7100,100
42125641021057,11:42:05.641,46.7100,100
42130737901109,11:42:10.737,46.7100,17
42130737901109,11:42:10.737,46.7100,82
42130740406248,11:42:10.740,46.7100,110
42130740578724,11:42:10.740,46.7100,8
42130740578724,11:42:10.740,46.7100,92
42130740608367,11:42:10.740,46.7100,8
42146023952879,11:42:26.023,46.7200,100
42175925036145,11:42:55.925,46.7200,10
42208011308706,11:43:28.011,46.7200,1
42294514068641,11:44:54.514,46.7200,100
42294514068641,11:44:54.514,46.7200,5
42326085947615,11:45:26.085,46.7300,100
42326085947615,11:45:26.085,46.7300,16
42326085947615,11:45:26.085,46.7300,176
42326086812533,11:45:26.086,46.7400,100
42326086906245,11:45:26.086,46.7500,100
42326086932047,11:45:26.086,46.7500,100
42326086932047,11:45:26.086,46.7500,100
42346176439000,11:45:46.176,46.7400,100
42346176439000,11:45:46.176,46.7400,100
42346176469338,11:45:46.176,46.7400,100
42346177516305,11:45:46.177,46.7300,100
42346178662576,11:45:46.178,46.7300,100
42346179541608,11:45:46.179,46.7300,100
42357006315613,11:45:57.006,46.7200,95
42357006315613,11:45:57.006,46.7200,13
42357311977756,11:45:57.311,46.7200,87
42357311977756,11:45:57.311,46.7200,92
42357311978942,11:45:57.311,46.7200,8
42357311978942,11:45:57.311,46.7200,92
42357312012319,11:45:57.312,46.7200,8
42357389999323,11:45:57.389,46.7200,8
42357390839109,11:45:57.390,46.7200,19
42358641375063,11:45:58.641,46.7100,100
42358641375063,11:45:58.641,46.7100,100
42358650352796,11:45:58.650,46.7100,92
42359190816946,11:45:59.190,46.7200,100
42384799943656,11:46:24.799,46.7300,100
42384799943656,11:46:24.799,46.7300,200
42384799943656,11:46:24.799,46.7300,1
42384799943656,11:46:24.799,46.7300,16
42384799943656,11:46:24.799,46.7300,2
42384799943656,11:46:24.799,46.7300,1
42384799943656,11:46:24.799,46.7300,2
42413519901164,11:46:53.519,46.7100,100
42413519901164,11:46:53.519,46.7100,22
42413520130937,11:46:53.520,46.7100,78
42414010169354,11:46:54.010,46.7100,95
42414010335627,11:46:54.010,46.7100,5
42414013478456,11:46:54.013,46.7000,22
42415880432207,11:46:55.880,46.7000,2
42417419792291,11:46:57.419,46.7000,6
42419261693048,11:46:59.261,46.7000,1
42425437359063,11:47:05.437,46.7000,8
42444651046480,11:47:24.651,46.7100,100
42444651046480,11:47:24.651,46.7100,81
42444651282977,11:47:24.651,46.7100,2
42444655962135,11:47:24.655,46.7300,100
42452420771851,11:47:32.420,46.7200,2
42457671513184,11:47:37.671,46.7300,5
42465379786731,11:47:45.379,46.7400,100
42467339368502,11:47:47.339,46.7500,100
42467339496599,11:47:47.339,46.7500,100
42467339552562,11:47:47.339,46.7600,36
42477420668516,11:47:57.420,46.7600,64
42485781456991,11:48:05.781,46.7600,100
42523957550387,11:48:43.957,46.7700,16
42523957550387,11:48:43.957,46.7700,62
42523957582816,11:48:43.957,46.7700,38
42523963855155,11:48:43.963,46.7800,100
42537010906731,11:48:57.010,46.8000,100
42537010906731,11:48:57.010,46.8000,100
42537010906731,11:48:57.010,46.8000,100
42546384246038,11:49:06.384,46.8200,100
42546384272936,11:49:06.384,46.8200,100
42546385551389,11:49:06.385,46.8100,100
42553449631136,11:49:13.449,46.8100,100
42578239746070,11:49:38.239,46.8200,2
42612929598214,11:50:12.929,46.8100,100
42612929628783,11:50:12.929,46.8100,7
42612929652954,11:50:12.929,46.8100,28
42612929658908,11:50:12.929,46.8100,16
42612929747611,11:50:12.929,46.8100,49
42612929747611,11:50:12.929,46.8100,30
42612933290843,11:50:12.933,46.7900,100
42612934763547,11:50:12.934,46.7800,32
42612934825677,11:50:12.934,46.7800,68
42612935992946,11:50:12.935,46.7800,44
42612963778282,11:50:12.963,46.7800,50
42618506351061,11:50:18.506,46.7800,5
42622422672183,11:50:22.422,46.7800,3
42628856287368,11:50:28.856,46.7800,100
42656179367502,11:50:56.179,46.7700,13
42656180116500,11:50:56.180,46.7700,100
42656180195471,11:50:56.180,46.7700,87
42656180195471,11:50:56.180,46.7700,100
42670759411130,11:51:10.759,46.7700,100
42670759411130,11:51:10.759,46.7700,17
42693875179249,11:51:33.875,46.7600,23
42693875196032,11:51:33.875,46.7600,59
42693875205532,11:51:33.875,46.7600,18
42693971917477,11:51:33.971,46.7600,100
42724039480337,11:52:04.039,46.7500,2
42724039480337,11:52:04.039,46.7500,16
42724040301671,11:52:04.040,46.7500,5
42730638480048,11:52:10.638,46.7600,5
42737280404489,11:52:17.280,46.7600,100
42769651505726,11:52:49.651,46.7400,100
42790903712061,11:53:10.903,46.7600,56
42790903712061,11:53:10.903,46.7600,100
42790903712061,11:53:10.903,46.7600,79
42790903716426,11:53:10.903,46.7600,21
42790903739701,11:53:10.903,46.7700,100
42842330707861,11:54:02.330,46.7400,85
42842330707861,11:54:02.330,46.7400,15
42850417021261,11:54:10.417,46.7400,85
42850417021261,11:54:10.417,46.7400,15
42904744205761,11:55:04.744,46.7700,100
42904744205761,11:55:04.744,46.7700,16
42904744205761,11:55:04.744,46.7700,100
42904754337243,11:55:04.754,46.7800,100
42922908955540,11:55:22.908,46.7800,100
42925540775422,11:55:25.540,46.7700,100
42925540775422,11:55:25.540,46.7700,100
42925540775422,11:55:25.540,46.7700,100
42925540775422,11:55:25.540,46.7700,42
42963119110702,11:56:03.119,46.7500,100
42963119110702,11:56:03.119,46.7500,85
42963119111441,11:56:03.119,46.7500,15
42968092457900,11:56:08.092,46.7500,100
42968092457900,11:56:08.092,46.7500,30
42990800052222,11:56:30.800,46.7500,1
43004716078307,11:56:44.716,46.7100,100
43004716916256,11:56:44.716,46.7100,200
43016245860237,11:56:56.245,46.7100,100
43016245886656,11:56:56.245,46.7100,16
43033512492301,11:57:13.512,46.7300,2
43033512492301,11:57:13.512,46.7300,79
43058149423719,11:57:38.149,46.7400,100
43058149423719,11:57:38.149,46.7400,44
43058149426953,11:57:38.149,46.7500,6
43058149427519,11:57:38.149,46.7500,50
43058167724285,11:57:38.167,46.7500,44
43058218472322,11:57:38.218,46.7500,5
43058218472322,11:57:38.218,46.7500,100
43063773116677,11:57:43.773,46.7800,100
43072055391048,11:57:52.055,46.7850,100
43072056466344,11:57:52.056,46.7900,100
43077424298210,11:57:57.424,46.8000,100
43080619585930,11:58:00.619,46.8000,100
43080619585930,11:58:00.619,46.8000,100
43088608845080,11:58:08.608,46.8100,8
43089483959850,11:58:09.483,46.8000,100
43089484067812,11:58:09.484,46.8000,100
43089484665591,11:58:09.484,46.7900,10
43091292441211,11:58:11.292,46.8000,100
43130279934729,11:58:50.279,46.8200,100
43161766685151,11:59:21.766,46.8000,100
43161766688631,11:59:21.766,46.7900,39
43161766697690,11:59:21.766,46.7900,50
43198528688592,11:59:58.528,46.8100,100
43250644837436,12:00:50.644,46.8100,1
43294872333430,12:01:34.872,46.8000,100
43294872710372,12:01:34.872,46.8000,5
43295019070584,12:01:35.019,46.8000,1
43296830383215,12:01:36.830,46.8000,4
43303065093108,12:01:43.065,46.8100,16
43303068136767,12:01:43.068,46.8200,52
43316057745385,12:01:56.057,46.8100,100
43334073801883,12:02:14.073,46.8200,1
43334073801883,12:02:14.073,46.8200,16
43339734028362,12:02:19.734,46.8300,100
43339734066321,12:02:19.734,46.8300,50
43339734108570,12:02:19.734,46.8300,50
43339734108570,12:02:19.734,46.8300,50
43339734121043,12:02:19.734,46.8300,50
43339734240291,12:02:19.734,46.8400,200
43339734240291,12:02:19.734,46.8400,100
43339774525185,12:02:19.774,46.8400,100
43357189063853,12:02:37.189,46.8500,100
43363411891832,12:02:43.411,46.8500,100
43365436278950,12:02:45.436,46.8600,100
43474863876918,12:04:34.863,46.8600,100
43474863876918,12:04:34.863,46.8600,100
43474863876918,12:04:34.863,46.8600,100
43474864405826,12:04:34.864,46.8600,100
43474864410616,12:04:34.864,46.8600,100
43475464015018,12:04:35.464,46.8500,100
43475464058312,12:04:35.464,46.8500,100
43475464058312,12:04:35.464,46.8500,100
43477827292029,12:04:37.827,46.8500,5
43477827320757,12:04:37.827,46.8500,11
43478093597738,12:04:38.093,46.8500,100
43539016475423,12:05:39.016,46.8500,1
43540253875323,12:05:40.253,46.8500,100
43540253875323,12:05:40.253,46.8500,100
43559510761676,12:05:59.510,46.8400,100
43559510797701,12:05:59.510,46.8400,100
43559549991058,12:05:59.549,46.8400,100
43559549991058,12:05:59.549,46.8500,100
43559549991058,12:05:59.549,46.8500,100
43559571003068,12:05:59.571,46.8600,100
43559571003068,12:05:59.571,46.8600,100
43561688154395,12:06:01.688,46.8700,100
43561688154395,12:06:01.688,46.8700,100
43561688154395,12:06:01.688,46.8700,100
43561688549541,12:06:01.688,46.8700,1
43569125559996,12:06:09.125,46.8800,50
43569131944623,12:06:09.131,46.8800,50
43569131944623,12:06:09.131,46.8800,16
43569132488617,12:06:09.132,46.8900,66
43569133019118,12:06:09.133,46.8900,34
43569133019118,12:06:09.133,46.8900,92
43569133067359,12:06:09.133,46.8900,8
43574673529328,12:06:14.673,46.8800,100
43582054784533,12:06:22.054,46.8800,100
43582065674994,12:06:22.065,46.8800,100
43583020316936,12:06:23.020,46.8800,1
43598081626959,12:06:38.081,46.8700,100
43616021243933,12:06:56.021,46.8700,100
43623492996494,12:07:03.492,46.8700,100
43629533565216,12:07:09.533,46.8800,75
43629540997674,12:07:09.540,46.8900,40
43675717172769,12:07:55.717,46.8900,160
43684506996211,12:08:04.506,46.8900,8
43692028945126,12:08:12.028,46.9000,100
43692028945126,12:08:12.028,46.9000,1
43692028945126,12:08:12.028,46.9000,15
43692028945126,12:08:12.028,46.9000,84
43692029565761,12:08:12.029,46.9000,16
43712817863481,12:08:32.817,46.8900,100
43774958643298,12:09:34.958,46.8800,100
43774958676979,12:09:34.958,46.8800,30
43775704372640,12:09:35.704,46.8700,100
43775704372640,12:09:35.704,46.8700,100
43775705488557,12:09:35.705,46.8700,100
43775705488557,12:09:35.705,46.8700,100
43776725422501,12:09:36.725,46.8700,100
43800004911124,12:10:00.004,46.8500,200
43800006075914,12:10:00.006,46.8500,100
43800006166176,12:10:00.006,46.8500,100
43802963796216,12:10:02.963,46.8400,100
43817462902694,12:10:17.462,46.8300,100
43826967341316,12:10:26.967,46.8300,100
43828042533354,12:10:28.042,46.8300,2
43856436822682,12:10:56.436,46.8400,16
43884527764618,12:11:24.527,46.8400,5
43888016598152,12:11:28.016,46.8400,2
43910090232963,12:11:50.090,46.8400,100
43910090469465,12:11:50.090,46.8400,100
43929445168574,12:12:09.445,46.8300,17
43929445181541,12:12:09.445,46.8300,50
43929445227600,12:12:09.445,46.8300,33
43929445227600,12:12:09.445,46.8300,65
43929445227600,12:12:09.445,46.8300,16
43989110528568,12:13:09.110,46.8400,1
44035457767694,12:13:55.457,46.8400,100
44035457767694,12:13:55.457,46.8400,100
44060781896359,12:14:20.781,46.8300,100
44060781896359,12:14:20.781,46.8300,66
44060781931402,12:14:20.781,46.8300,34
44060781931402,12:14:20.781,46.8300,30
44071058865719,12:14:31.058,46.8100,100
44079926444769,12:14:39.926,46.8100,15
44079928708449,12:14:39.928,46.8200,100
44079928708449,12:14:39.928,46.8200,100
44119651521984,12:15:19.651,46.8400,54
44119651525898,12:15:19.651,46.8400,46
44119651525898,12:15:19.651,46.8400,10
44119651529479,12:15:19.651,46.8400,55
44119651534520,12:15:19.651,46.8400,35
44119651534520,12:15:19.651,46.8400,100
44120669528465,12:15:20.669,46.8500,100
44120669929864,12:15:20.669,46.8600,100
44120669929864,12:15:20.669,46.8600,100
44120669929864,12:15:20.669,46.8600,100
44120669929864,12:15:20.669,46.8600,100
44120669929864,12:15:20.669,46.8600,100
44181691413688,12:16:21.691,46.8700,100
44187072974333,12:16:27.072,46.8700,98
44187073003475,12:16:27.073,46.8700,2
44193016451876,12:16:33.016,46.8700,100
44200029561024,12:16:40.029,46.8700,100
44211723452856,12:16:51.723,46.8800,100
44211723914644,12:16:51.723,46.8800,100
44211723914644,12:16:51.723,46.8800,16
44221507794152,12:17:01.507,46.8800,100
44221508210439,12:17:01.508,46.8700,100
44244668015579,12:17:24.668,46.8600,100
44282785407564,12:18:02.785,46.8400,88
44282785733478,12:18:02.785,46.8400,12
44282787031374,12:18:02.787,46.8300,8
44282788003614,12:18:02.788,46.8400,44
44282789887986,12:18:02.789,46.8300,88
44282791036416,12:18:02.791,46.8300,4
44282794341048,12:18:02.794,46.8300,44
44282822943647,12:18:02.822,46.8300,56
44282822943647,12:18:02.822,46.8300,100
44292525754144,12:18:12.525,46.8200,100
44327341548822,12:18:47.341,46.8100,100
44327341737127,12:18:47.341,46.8100,100
44327341739232,12:18:47.341,46.8100,100
44327342090508,12:18:47.342,46.8100,100
44327342283903,12:18:47.342,46.8000,14
44327342497865,12:18:47.342,46.8000,100
44327345017749,12:18:47.345,46.8100,1
44329018920554,12:18:49.018,46.7900,1
44357317750893,12:19:17.317,46.7700,39
44357317750893,12:19:17.317,46.7700,9
44357317772613,12:19:17.317,46.7700,91
44357317772613,12:19:17.317,46.7700,100
44357328036436,12:19:17.328,46.7900,100
44357328060454,12:19:17.328,46.7900,100
44357428816881,12:19:17.428,46.7900,100
44357429644903,12:19:17.429,46.7800,100
44357430135655,12:19:17.430,46.7800,100
44357430957250,12:19:17.430,46.7800,100
44385991699488,12:19:45.991,46.7800,100
44422298061097,12:20:22.298,46.7900,53
44422298076693,12:20:22.298,46.7900,47
44422298076693,12:20:22.298,46.7900,9
44422298688164,12:20:22.298,46.7900,5
44505234837029,12:21:45.234,46.7800,94
44505235175233,12:21:45.235,46.7800,6
44505239320304,12:21:45.239,46.7700,1
44505239320304,12:21:45.239,46.7700,100
44505239320304,12:21:45.239,46.7700,33
44505239420067,12:21:45.239,46.7700,67
44509851730731,12:21:49.851,46.7600,100
44510739720307,12:21:50.739,46.7700,100
44510739720307,12:21:50.739,46.7700,100
44548025751196,12:22:28.025,46.7700,1
44548025834966,12:22:28.025,46.7800,14
44548025834966,12:22:28.025,46.7800,52
44552433184893,12:22:32.433,46.7900,100
44570415174622,12:22:50.415,46.7800,100
44570415174622,12:22:50.415,46.7800,100
44577397824119,12:22:57.397,46.7800,30
44602676318150,12:23:22.676,46.7700,37
44602676328001,12:23:22.676,46.7700,63
44624010104513,12:23:44.010,46.7600,1
44627825223056,12:23:47.825,46.7600,100
44627825223056,12:23:47.825,46.7500,100
44630476256682,12:23:50.476,46.7500,100
44696015907731,12:24:56.015,46.7500,1
44708747121950,12:25:08.747,46.7600,2
44708747166410,12:25:08.747,46.7600,2
44708747170219,12:25:08.747,46.7600,2
44708747175082,12:25:08.747,46.7600,1
44709008136041,12:25:09.008,46.7700,4
44722821430837,12:25:22.821,46.7700,11
44727045506527,12:25:27.045,46.7700,100
44800820862470,12:26:40.820,46.7700,100
44800821099283,12:26:40.821,46.7700,88
44800821113893,12:26:40.821,46.7700,12
44812148502453,12:26:52.148,46.7700,100
44812149797083,12:26:52.149,46.7800,100
44817661878344,12:26:57.661,46.7800,1
44817661904934,12:26:57.661,46.7800,99
44876013763319,12:27:56.013,46.7800,58
44876013769153,12:27:56.013,46.7800,42
44876013769153,12:27:56.013,46.7800,95
44876013779910,12:27:56.013,46.7800,5
44880005780064,12:28:00.005,46.7900,100
44880005780064,12:28:00.005,46.7900,100
44880005780064,12:28:00.005,46.7900,100
44880005780064,12:28:00.005,46.7900,100
44880005780064,12:28:00.005,46.7900,14
44880007784121,12:28:00.007,46.8000,100
44880007784121,12:28:00.007,46.8000,100
44880007817034,12:28:00.007,46.8000,100
44880023464025,12:28:00.023,46.8000,100
44901206214729,12:28:21.206,46.8100,100
44908661757856,12:28:28.661,46.8100,8
44924076003721,12:28:44.076,46.8000,100
44941231260970,12:29:01.231,46.8000,1
44941239829847,12:29:01.239,46.8100,6
44941239829847,12:29:01.239,46.8100,3
44961220475496,12:29:21.220,46.8100,100
44991411414297,12:29:51.411,46.8000,100
44994786004010,12:29:54.786,46.7900,100
44994786029594,12:29:54.786,46.7900,100
45000897799366,12:30:00.897,46.7900,1
45001634631080,12:30:01.634,46.7800,100
45002022627658,12:30:02.022,46.7800,100
45005956255074,12:30:05.956,46.7700,100
45005956255074,12:30:05.956,46.7700,5
45005956306083,12:30:05.956,46.7700,95
45005956306083,12:30:05.956,46.7700,58
45005956331794,12:30:05.956,46.7700,42
45037914155845,12:30:37.914,46.7700,1
45060006709864,12:31:00.006,46.7700,4
45069546418784,12:31:09.546,46.7700,100
45081806110989,12:31:21.806,46.7700,100
45126616070045,12:32:06.616,46.7750,111
45142860440278,12:32:22.860,46.7800,172
45142860440278,12:32:22.860,46.7800,14
45144976525456,12:32:24.976,46.7800,100
45146415114439,12:32:26.415,46.7800,100
45183172724374,12:33:03.172,46.7900,100
45183173148579,12:33:03.173,46.7900,10
45184694202990,12:33:04.694,46.8000,100
45203429637656,12:33:23.429,46.8000,100
45216919390132,12:33:36.919,46.8000,100
45216919390132,12:33:36.919,46.8000,200
45219112741516,12:33:39.112,46.8000,100
45219915267505,12:33:39.915,46.8050,63
45221465193519,12:33:41.465,46.8050,37
45221465193519,12:33:41.465,46.8000,63
45226947180084,12:33:46.947,46.8000,37
45227800581435,12:33:47.800,46.8000,100
45234985945150,12:33:54.985,46.8000,100
45268013938824,12:34:28.013,46.8000,2
45310845497146,12:35:10.845,46.8100,100
45310845497146,12:35:10.845,46.8100,98
45310845538578,12:35:10.845,46.8100,2
45310845538578,12:35:10.845,46.8100,15
45310845538578,12:35:10.845,46.8100,100
45310850107590,12:35:10.850,46.8200,100
45310850107590,12:35:10.850,46.8200,100
45325362596237,12:35:25.362,46.8300,42
45325362800418,12:35:25.362,46.8300,2
45325362801094,12:35:25.362,46.8300,56
45325362801094,12:35:25.362,46.8300,96
45325362809564,12:35:25.362,46.8300,102
45325362810106,12:35:25.362,46.8300,50
45325362817460,12:35:25.362,46.8300,50
45325362832914,12:35:25.362,46.8300,2
45329384419598,12:35:29.384,46.8400,100
45374428150592,12:36:14.428,46.8200,100
45374428150592,12:36:14.428,46.8200,100
45374428150592,12:36:14.428,46.8200,100
45374428150592,12:36:14.428,46.8200,30
45388530774002,12:36:28.530,46.8150,100
45389948785886,12:36:29.948,46.8100,100
45389948785886,12:36:29.948,46.8100,50
45389948813752,12:36:29.948,46.8100,50
45389950752253,12:36:29.950,46.8000,100
45389950752253,12:36:29.950,46.8000,100
45389950799435,12:36:29.950,46.8000,100
45389950799435,12:36:29.950,46.8000,100
45389951040732,12:36:29.951,46.8000,2
45389951306533,12:36:29.951,46.8000,11
45429918583037,12:37:09.918,46.7900,100
45429918583037,12:37:09.918,46.7900,200
45429918583037,12:37:09.918,46.7900,100
45429918583037,12:37:09.918,46.7900,200
45429918721994,12:37:09.918,46.7900,1
45488670655439,12:38:08.670,46.8000,100
45488670747549,12:38:08.670,46.8000,100
45488670747549,12:38:08.670,46.8000,16
45492487233597,12:38:12.487,46.8100,8
45496875452605,12:38:16.875,46.8100,92
45496877669743,12:38:16.877,46.8200,8
45533312464050,12:38:53.312,46.8100,1
45533312600186,12:38:53.312,46.8100,5
45533312795846,12:38:53.312,46.8000,100
45533312795846,12:38:53.312,46.8000,100
45544048189774,12:39:04.048,46.8000,100
45568013366928,12:39:28.013,46.8000,2
45600407811813,12:40:00.407,46.8100,40
45600407842502,12:40:00.407,46.8100,60
45633352876868,12:40:33.352,46.8000,100
45660047650195,12:41:00.047,46.8000,108
45692755552331,12:41:32.755,46.8000,100
45692777924795,12:41:32.777,46.7950,99
45692921369501,12:41:32.921,46.7950,100
45694496322500,12:41:34.496,46.8000,100
45694496374033,12:41:34.496,46.8000,8
45696266376846,12:41:36.266,46.8100,100
45702795952536,12:41:42.795,46.8000,100
45711051183671,12:41:51.051,46.7900,100
45711051209791,12:41:51.051,46.7900,100
45711051690986,12:41:51.051,46.7900,5
45711101377789,12:41:51.101,46.7900,100
45711101377789,12:41:51.101,46.7900,4
45711101448925,12:41:51.101,46.7900,100
45721253005671,12:42:01.253,46.7800,16
45723219893906,12:42:03.219,46.7900,2
45723219893906,12:42:03.219,46.7900,16
45725055783453,12:42:05.055,46.7900,100
45725055783453,12:42:05.055,46.7900,100
45727293123606,12:42:07.293,46.7800,100
45731484089273,12:42:11.484,46.7800,95
45773008822862,12:42:53.008,46.8000,89
45773008834377,12:42:53.008,46.8000,11
45773008834377,12:42:53.008,46.8000,90
45773008835142,12:42:53.008,46.8000,10
45800123481257,12:43:20.123,46.8100,8
45800123505973,12:43:20.123,46.8100,92
45800123505973,12:43:20.123,46.8100,100
45801134971739,12:43:21.134,46.8100,100
45833153993568,12:43:53.153,46.8000,2
45833153999804,12:43:53.153,46.8000,98
45833153999804,12:43:53.153,46.8000,2
45833154104333,12:43:53.154,46.8000,98
45833166752453,12:43:53.166,46.8000,100
45843962422306,12:44:03.962,46.8000,51
45843962528580,12:44:03.962,46.8000,5
45843965190432,12:44:03.965,46.8000,44
45882014548995,12:44:42.014,46.7800,2
45882127982576,12:44:42.127,46.7800,18
45895096388302,12:44:55.096,46.7800,5
45928897954614,12:45:28.897,46.7900,2
45964237321176,12:46:04.237,46.7900,100
46019876911722,12:46:59.876,46.7900,85
46019877130398,12:46:59.877,46.7900,15
46023363842969,12:47:03.363,46.7950,100
46046368212350,12:47:26.368,46.8000,1
46046368212350,12:47:26.368,46.8000,16
46046368212350,12:47:26.368,46.8000,20
46046368219937,12:47:26.368,46.8000,37
46046368628021,12:47:26.368,46.8000,43
46047460535207,12:47:27.460,46.8100,100
46047475625556,12:47:27.475,46.8100,100
46047475625556,12:47:27.475,46.8100,100
46052166975965,12:47:32.166,46.8100,100
46070020873032,12:47:50.020,46.8000,100
46071159753323,12:47:51.159,46.7900,100
46116924895910,12:48:36.924,46.7900,100
46116924895910,12:48:36.924,46.7900,16
46116927559848,12:48:36.927,46.8000,46
46116927559848,12:48:36.927,46.8000,54
46129919085940,12:48:49.919,46.7900,100
46129919085940,12:48:49.919,46.7900,100
46144358069707,12:49:04.358,46.7800,9
46158818641584,12:49:18.818,46.7700,100
46158818641584,12:49:18.818,46.7700,2
46158818650517,12:49:18.818,46.7700,18
46158819459747,12:49:18.819,46.7600,100
46166720186520,12:49:26.720,46.7400,100
46166720445353,12:49:26.720,46.7400,100
46166720842104,12:49:26.720,46.7400,100
46166721892076,12:49:26.721,46.7400,100
46166721892076,12:49:26.721,46.7400,100
46167036619905,12:49:27.036,46.7400,100
46167757698673,12:49:27.757,46.7400,100
46168031503654,12:49:28.031,46.7300,1
46213065820997,12:50:13.065,46.7400,100
46213065850331,12:50:13.065,46.7400,16
46238026202780,12:50:38.026,46.7500,100
46238026228606,12:50:38.026,46.7500,100
46242768922008,12:50:42.768,46.7600,100
46243515086503,12:50:43.515,46.7700,100
46254955533120,12:50:54.955,46.7700,100
46254981625588,12:50:54.981,46.7750,100
46279148868142,12:51:19.148,46.7800,74
46279148885916,12:51:19.148,46.7800,126
46279148885916,12:51:19.148,46.7800,74
46279148923678,12:51:19.148,46.7800,26
46291982859292,12:51:31.982,46.7900,5
46348794020085,12:52:28.794,46.7900,2
46369890140768,12:52:49.890,46.7900,100
46369890140768,12:52:49.890,46.7900,100
46369890540717,12:52:49.890,46.7900,100
46369890566695,12:52:49.890,46.7900,100
46376108697013,12:52:56.108,46.7900,100
46376108998573,12:52:56.108,46.7900,7
46376109858292,12:52:56.109,46.7900,100
46383581185428,12:53:03.581,46.7850,29
46395315859396,12:53:15.315,46.7900,7
46395315884234,12:53:15.315,46.7900,93
46398060935338,12:53:18.060,46.7900,100
46398060935338,12:53:18.060,46.7900,50
46398060990429,12:53:18.060,46.7900,16
46407671837359,12:53:27.671,46.7800,28
46407671842030,12:53:27.671,46.7800,72
46415112704322,12:53:35.112,46.7700,100
46417112255529,12:53:37.112,46.7800,100
46417112255529,12:53:37.112,46.7800,100
46417112255529,12:53:37.112,46.7800,100
46417112255529,12:53:37.112,46.7800,100
46417118142167,12:53:37.118,46.7900,80
46417119171426,12:53:37.119,46.7900,20
46419821782952,12:53:39.821,46.8000,50
46420325975471,12:53:40.325,46.7950,100
46435578882910,12:53:55.578,46.7900,2
46441089439430,12:54:01.089,46.7900,100
46441089439430,12:54:01.089,46.7900,100
46441089439430,12:54:01.089,46.7900,100
46441756438680,12:54:01.756,46.7900,100
46443383478914,12:54:03.383,46.7800,100
46443384327922,12:54:03.384,46.7800,100
46444387296227,12:54:04.387,46.7800,100
46449682626080,12:54:09.682,46.7750,100
46459973464961,12:54:19.973,46.7700,100
46467921584696,12:54:27.921,46.7700,100
46467921584696,12:54:27.921,46.7700,100
46523904350105,12:55:23.904,46.7600,1
46523908076609,12:55:23.908,46.7600,50
46523930928831,12:55:23.930,46.7600,50
46527998990456,12:55:27.998,46.7600,100
46537349417617,12:55:37.349,46.7500,100
46561514451269,12:56:01.514,46.7400,100
46582539325149,12:56:22.539,46.7500,5
46582539325149,12:56:22.539,46.7600,100
46582539325149,12:56:22.539,46.7600,100
46582539325149,12:56:22.539,46.7600,15
46582539325149,12:56:22.539,46.7600,25
46582539388507,12:56:22.539,46.7600,5
46582539562569,12:56:22.539,46.7700,100
46582539562569,12:56:22.539,46.7700,100
46582539562569,12:56:22.539,46.7700,100
46582539562569,12:56:22.539,46.7700,8
46582541084879,12:56:22.541,46.7700,100
46624484167282,12:57:04.484,46.7700,100
46645235086722,12:57:25.235,46.7700,100
46645235113533,12:57:25.235,46.7700,100
46696575725768,12:58:16.575,46.7600,100
46696575725768,12:58:16.575,46.7600,3
46696583659574,12:58:16.583,46.7500,100
46696637955171,12:58:16.637,46.7400,100
46696637955171,12:58:16.637,46.7400,100
46705065051862,12:58:25.065,46.7250,100
46712157322723,12:58:32.157,46.7200,100
46712157843078,12:58:32.157,46.7200,100
46713043579897,12:58:33.043,46.7100,1
46730246287467,12:58:50.246,46.7100,100
46734725027038,12:58:54.725,46.7100,100
46758900042893,12:59:18.900,46.7100,29
46758900499980,12:59:18.900,46.7100,1
46786013757120,12:59:46.013,46.7000,60
46786013791103,12:59:46.013,46.7000,40
46786014525474,12:59:46.014,46.7000,82
46786014562766,12:59:46.014,46.7000,57
46786014566156,12:59:46.014,46.7000,43
46792981592555,12:59:52.981,46.7100,16
46792981592555,12:59:52.981,46.7100,6
46792981605526,12:59:52.981,46.7100,51
46792981617777,12:59:52.981,46.7100,43
46813353461067,13:00:13.353,46.7100,100
46813353461067,13:00:13.353,46.7000,57
46834902932294,13:00:34.902,46.6900,15
46834903018350,13:00:34.903,46.6900,85
46842666953256,13:00:42.666,46.6800,100
46842668122641,13:00:42.668,46.6800,68
46858912247265,13:00:58.912,46.6700,100
46858982954928,13:00:58.982,46.6700,100
46858983070632,13:00:58.983,46.6700,100
46858983114649,13:00:58.983,46.6700,8
46888022356662,13:01:28.022,46.6700,1
46888022358765,13:01:28.022,46.6800,14
46888022358765,13:01:28.022,46.6800,34
46888022364324,13:01:28.022,46.6800,50
46888022385182,13:01:28.022,46.6800,16
46888022385182,13:01:28.022,46.6800,7
46888022385182,13:01:28.022,46.6800,98
46888022968429,13:01:28.022,46.6800,54
46904222003232,13:01:44.222,46.6900,100
46904222081609,13:01:44.222,46.6900,45
46904222129276,13:01:44.222,46.6900,55
46924226290554,13:02:04.226,46.6950,17
46937381613767,13:02:17.381,46.6900,38
46937402345026,13:02:17.402,46.6900,62
46943483868318,13:02:23.483,46.6900,62
46951512964306,13:02:31.512,46.6800,8
46951514063139,13:02:31.514,46.6800,13
46951514074546,13:02:31.514,46.6800,79
46962256788462,13:02:42.256,46.6900,1
46962256788462,13:02:42.256,46.6900,100
46962256788462,13:02:42.256,46.6900,15
46999257206562,13:03:19.257,46.7000,100
46999258564711,13:03:19.258,46.7000,100
46999258564711,13:03:19.258,46.7000,100
47039440131487,13:03:59.440,46.6900,100
47039440134973,13:03:59.440,46.6900,5
47041226776694,13:04:01.226,46.6800,100
47041226802013,13:04:01.226,46.6800,30
47057454573522,13:04:17.454,46.6800,15
47074666348707,13:04:34.666,46.6800,100
47074666348707,13:04:34.666,46.6800,100
47074666348707,13:04:34.666,46.6800,100
47087717861651,13:04:47.717,46.6750,82
47087717875586,13:04:47.717,46.6750,18
47087717875586,13:04:47.717,46.6700,71
47087717913008,13:04:47.717,46.6700,29
47094534012510,13:04:54.534,46.6700,100
47095213409840,13:04:55.213,46.6650,12
47098495070392,13:04:58.495,46.6800,52
47121783846043,13:05:21.783,46.6800,1
47194529253941,13:06:34.529,46.6800,51
47194529268800,13:06:34.529,46.6800,48
47194529276388,13:06:34.529,46.6800,100
47194529276388,13:06:34.529,46.6800,15
47194529276388,13:06:34.529,46.6800,100
47302607116656,13:08:22.607,46.6900,8
47334157930232,13:08:54.157,46.6900,100
47334157930232,13:08:54.157,46.6900,100
47334157930232,13:08:54.157,46.6900,100
47334157930232,13:08:54.157,46.6900,6
47334157930232,13:08:54.157,46.6900,100
47334157930232,13:08:54.157,46.6900,15
47334157930232,13:08:54.157,46.6900,48
47334161399631,13:08:54.161,46.7000,100
47334161399631,13:08:54.161,46.7000,2
47334161428872,13:08:54.161,46.7000,98
47334161428872,13:08:54.161,46.7000,100
47336780164092,13:08:56.780,46.7050,100
47336780164092,13:08:56.780,46.7000,100
47336780164092,13:08:56.780,46.7000,100
47336780200568,13:08:56.780,46.7000,100
47336781568332,13:08:56.781,46.7000,54
47422070224545,13:10:22.070,46.7000,100
47422070224545,13:10:22.070,46.7000,100
47422075614857,13:10:22.075,46.6900,100
47422075614857,13:10:22.075,46.6900,100
47422075614857,13:10:22.075,46.6900,100
47422075614857,13:10:22.075,46.6900,100
47422089581567,13:10:22.089,46.6800,100
47422089581567,13:10:22.089,46.6800,100
47423319112983,13:10:23.319,46.6700,200
47423319112983,13:10:23.319,46.6700,50
47423487487639,13:10:23.487,46.6700,100
47424896075474,13:10:24.896,46.6800,100
47424896105987,13:10:24.896,46.6800,200
47424896105987,13:10:24.896,46.6800,100
47424896105987,13:10:24.896,46.6800,15
47441933977428,13:10:41.933,46.6800,5
47474132721522,13:11:14.132,46.6900,100
47474132721522,13:11:14.132,46.6900,100
47474132721522,13:11:14.132,46.6900,100
47474132721522,13:11:14.132,46.6900,14
47474135757730,13:11:14.135,46.7000,100
47474462108115,13:11:14.462,46.7100,250
47474462133278,13:11:14.462,46.7100,50
47474462133278,13:11:14.462,46.7100,100
47474462133278,13:11:14.462,46.7100,100
47474462133278,13:11:14.462,46.7100,100
47474463020547,13:11:14.463,46.7200,100
47474463020547,13:11:14.463,46.7200,100
47474463517832,13:11:14.463,46.7200,100
47474514024292,13:11:14.514,46.7200,7
47474514073878,13:11:14.514,46.7200,93
47491668906726,13:11:31.668,46.7150,100
47491684902285,13:11:31.684,46.7100,52
47491861608768,13:11:31.861,46.7100,33
47492125713157,13:11:32.125,46.7100,100
47492125742512,13:11:32.125,46.7100,15
47492125742512,13:11:32.125,46.7100,100
47504181852843,13:11:44.181,46.7000,100
47520508010377,13:12:00.508,46.7000,100
47522050011742,13:12:02.050,46.7000,100
47578838966770,13:12:58.838,46.7000,8
47591159397121,13:13:11.159,46.6900,40
47591159407660,13:13:11.159,46.6900,53
47591159418688,13:13:11.159,46.6900,7
47591159418688,13:13:11.159,46.6900,31
47591159473738,13:13:11.159,46.6900,69
47591160330202,13:13:11.160,46.6800,27
47591160330202,13:13:11.160,46.6800,100
47591160330202,13:13:11.160,46.6800,100
47591161159207,13:13:11.161,46.6800,34
47591174508701,13:13:11.174,46.6800,100
47591225306923,13:13:11.225,46.6800,100
47591227155821,13:13:11.227,46.6800,100
47591230137619,13:13:11.230,46.6800,100
47591230137619,13:13:11.230,46.6800,100
47595823456422,13:13:15.823,46.6800,1
47595824226220,13:13:15.824,46.6900,100
47595824226220,13:13:15.824,46.6900,100
47641479374547,13:14:01.479,46.6900,12
47704944595378,13:15:04.944,46.6800,100
47709062429497,13:15:09.062,46.6800,5
47749152030612,13:15:49.152,46.6800,83
47749152086952,13:15:49.152,46.6800,13
47749152086952,13:15:49.152,46.6800,8
47749152086952,13:15:49.152,46.6800,15
47749152086952,13:15:49.152,46.6800,62
47754935300044,13:15:54.935,46.6800,6
47754935308158,13:15:54.935,46.6800,94
47817022024253,13:16:57.022,46.6700,34
47843772635079,13:17:23.772,46.6700,100
47843772681677,13:17:23.772,46.6700,35
47843772681677,13:17:23.772,46.6700,2
47883726834866,13:18:03.726,46.6600,100
47889159618502,13:18:09.159,46.6500,100
47889159618502,13:18:09.159,46.6500,100
47889159646361,13:18:09.159,46.6500,100
47894964998602,13:18:14.964,46.6500,5
47908102705831,13:18:28.102,46.6500,2
47968013468148,13:19:28.013,46.6500,1
47992579986428,13:19:52.579,46.6500,4
47992579986428,13:19:52.579,46.6400,96
47992580014644,13:19:52.580,46.6400,4
47992606935483,13:19:52.606,46.6300,100
47992606935483,13:19:52.606,46.6300,100
47992607013005,13:19:52.607,46.6200,100
47992607013005,13:19:52.607,46.6200,100
47992619475486,13:19:52.619,46.6200,100
47992619475486,13:19:52.619,46.6200,24
47992619502480,13:19:52.619,46.6200,76
47999516183351,13:19:59.516,46.6150,100
47999516183351,13:19:59.516,46.6100,100
47999516183351,13:19:59.516,46.6100,100
48002490068378,13:20:02.490,46.6100,1
48034772979695,13:20:34.772,46.6000,1
48045856445058,13:20:45.856,46.6000,42
48045856498972,13:20:45.856,46.6000,52
48045856565511,13:20:45.856,46.6000,6
48059479851897,13:20:59.479,46.6000,5
48059479851897,13:20:59.479,46.6000,66
48062195982585,13:21:02.195,46.6000,71
48113693030619,13:21:53.693,46.6000,15
48113693030619,13:21:53.693,46.6000,85
48113693058882,13:21:53.693,46.6000,15
48113693547505,13:21:53.693,46.6000,28
48128118683654,13:22:08.118,46.6050,100
48128118683654,13:22:08.118,46.6000,100
48128119484433,13:22:08.119,46.6000,100
48131209434912,13:22:11.209,46.5900,73
48131210926174,13:22:11.210,46.5900,27
48131210926174,13:22:11.210,46.5900,73
48135887198676,13:22:15.887,46.5900,100
48137359358214,13:22:17.359,46.5900,12
48137359358214,13:22:17.359,46.5900,1
48137406135130,13:22:17.406,46.5900,100
48137406135130,13:22:17.406,46.5900,100
48137406167968,13:22:17.406,46.5900,100
48143083518032,13:22:23.083,46.5900,2
48149490892137,13:22:29.490,46.5900,98
48149490892137,13:22:29.490,46.5800,2
48149490979645,13:22:29.490,46.5800,98
48160813341982,13:22:40.813,46.5700,100
48160813341982,13:22:40.813,46.5700,100
48169360652682,13:22:49.360,46.5700,5
48170259112375,13:22:50.259,46.5600,100
48180775669943,13:23:00.775,46.5500,95
48205012161562,13:23:25.012,46.5600,15
48208711417632,13:23:28.711,46.5600,1
48212799628482,13:23:32.799,46.5700,100
48212799628482,13:23:32.799,46.5700,1
48212799628482,13:23:32.799,46.5700,3
48227096954166,13:23:47.096,46.5800,100
48227097029926,13:23:47.097,46.5900,100
48227097356055,13:23:47.097,46.5900,100
48227098329048,13:23:47.098,46.5950,200
48227098380438,13:23:47.098,46.6000,100
48227209442557,13:23:47.209,46.6050,100
48227209442557,13:23:47.209,46.6000,100
48227209671987,13:23:47.209,46.6000,100
48268020046101,13:24:28.020,46.6000,1
48268020476280,13:24:28.020,46.6100,150
48268020476280,13:24:28.020,46.6100,200
48268020476280,13:24:28.020,46.6100,16
48269642978743,13:24:29.642,46.6100,100
48269642978743,13:24:29.642,46.6100,100
48270767971788,13:24:30.767,46.6200,100
48270767971788,13:24:30.767,46.6200,100
48270767971788,13:24:30.767,46.6200,300
48307492928623,13:25:07.492,46.6300,100
48307492928623,13:25:07.492,46.6300,100
48307492928623,13:25:07.492,46.6300,100
48307492928623,13:25:07.492,46.6300,44
48308338920308,13:25:08.338,46.6400,100
48315995405774,13:25:15.995,46.6300,5
48388020207410,13:26:28.020,46.6300,1
48388020239185,13:26:28.020,46.6300,100
48391278891871,13:26:31.278,46.6300,100
48395601365605,13:26:35.601,46.6400,200
48407968310055,13:26:47.968,46.6400,100
48407968335841,13:26:47.968,46.6400,100
48407968335841,13:26:47.968,46.6400,17
48452865461041,13:27:32.865,46.6500,75
48472020530417,13:27:52.020,46.6500,76
48477050250761,13:27:57.050,46.6500,224
48477050250761,13:27:57.050,46.6500,76
48477050295271,13:27:57.050,46.6500,24
48477345224606,13:27:57.345,46.6600,100
48488534426245,13:28:08.534,46.6500,100
48489639624459,13:28:09.639,46.6400,100
48489639624459,13:28:09.639,46.6400,164
48489639624459,13:28:09.639,46.6400,100
48489639624459,13:28:09.639,46.6400,100
48489639624459,13:28:09.639,46.6400,100
48495203078154,13:28:15.203,46.6200,25
48495203936416,13:28:15.203,46.6200,75
48539355813092,13:28:59.355,46.6300,65
48539355813092,13:28:59.355,46.6300,17
48539355813092,13:28:59.355,46.6300,100
48539355813092,13:28:59.355,46.6300,14
48539355841820,13:28:59.355,46.6300,186
48539355841820,13:28:59.355,46.6300,100
48569011982596,13:29:29.011,46.6200,1
48766202410504,13:32:46.202,46.6300,1
48776526472239,13:32:56.526,46.6400,100
48776526472239,13:32:56.526,46.6400,16
48776526472239,13:32:56.526,46.6400,100
48776526472239,13:32:56.526,46.6400,100
48776526472239,13:32:56.526,46.6400,21
48776526472239,13:32:56.526,46.6400,100
48776528682074,13:32:56.528,46.6500,100
48777280178745,13:32:57.280,46.6500,100
48777280178745,13:32:57.280,46.6500,100
48777346818093,13:32:57.346,46.6600,200
48777346818093,13:32:57.346,46.6600,100
48777346861658,13:32:57.346,46.6600,300
48777346861658,13:32:57.346,46.6600,100
48777348257026,13:32:57.348,46.6700,100
48777348257026,13:32:57.348,46.6700,12
48793844897393,13:33:13.844,46.6800,100
48796214131742,13:33:16.214,46.6800,88
48796214216402,13:33:16.214,46.6800,88
48796214304511,13:33:16.214,46.6800,12
48796214331219,13:33:16.214,46.6800,100
48796474480847,13:33:16.474,46.6900,8
48797263163837,13:33:17.263,46.6900,100
48797263192335,13:33:17.263,46.6900,11
48831855907152,13:33:51.855,46.7000,89
48831855934920,13:33:51.855,46.7000,11
48831855934920,13:33:51.855,46.7000,100
48831855934920,13:33:51.855,46.7000,100
48831855934920,13:33:51.855,46.7000,100
48831860621268,13:33:51.860,46.6900,100
48831860621268,13:33:51.860,46.6900,100
48831861133692,13:33:51.861,46.6900,100
48831861164811,13:33:51.861,46.6900,100
48831874028932,13:33:51.874,46.6900,100
48831874028932,13:33:51.874,46.6900,5
48831874028932,13:33:51.874,46.6900,100
48831874463799,13:33:51.874,46.6900,100
48831874463799,13:33:51.874,46.6900,100
48831879304135,13:33:51.879,46.6900,100
48831879770227,13:33:51.879,46.6900,100
48832804788809,13:33:52.804,46.7000,100
48832804818142,13:33:52.804,46.7000,100
48868010757970,13:34:28.010,46.7000,1
48928014787881,13:35:28.014,46.7100,17
48992973165110,13:36:32.973,46.7100,1
49011819378371,13:36:51.819,46.7100,5
49011819378371,13:36:51.819,46.7200,100
49011819378371,13:36:51.819,46.7200,95
49011819410658,13:36:51.819,46.7200,5
49033526915222,13:37:13.526,46.7200,100
49033526915222,13:37:13.526,46.7200,100
49033531312912,13:37:13.531,46.7100,100
49033531312912,13:37:13.531,46.7100,100
49033531312912,13:37:13.531,46.7100,100
49082392215780,13:38:02.392,46.7100,8
49086753850257,13:38:06.753,46.6900,4
49086754091710,13:38:06.754,46.6900,96
49086829135275,13:38:06.829,46.6800,100
49086829135275,13:38:06.829,46.6800,9
49086829172077,13:38:06.829,46.6800,91
49086829172077,13:38:06.829,46.6800,100
49132470723140,13:38:52.470,46.6800,2
49138556945952,13:38:58.556,46.6800,100
49141131759518,13:39:01.131,46.6850,100
49150806218528,13:39:10.806,46.6800,100
49150806218528,13:39:10.806,46.6800,100
49160285452990,13:39:20.285,46.6800,46
49160285453552,13:39:20.285,46.6800,50
49160285485575,13:39:20.285,46.6800,304
49167789732737,13:39:27.789,46.6800,100
49229798560349,13:40:29.798,46.6800,2
49297253896721,13:41:37.253,46.6800,5
49297253896721,13:41:37.253,46.6900,12
49297254343269,13:41:37.254,46.6900,5
49348020686744,13:42:28.020,46.6900,1
49386218748264,13:43:06.218,46.6900,4
49394340385376,13:43:14.340,46.6850,100
49394340385376,13:43:14.340,46.6800,100
49394340385376,13:43:14.340,46.6800,100
49394340988995,13:43:14.340,46.6800,100
49408529126990,13:43:28.529,46.6900,1
49408529200230,13:43:28.529,46.7000,17
49408529200230,13:43:28.529,46.7000,100
49422463387653,13:43:42.463,46.6800,100
49422463387653,13:43:42.463,46.6800,100
49422473337599,13:43:42.473,46.6800,100
49422473337599,13:43:42.473,46.6800,100
49460589974231,13:44:20.589,46.6900,100
49460589974231,13:44:20.589,46.6900,100
49460626534639,13:44:20.626,46.6800,100
49460626534639,13:44:20.626,46.6800,99
49460626574568,13:44:20.626,46.6800,1
49460626574568,13:44:20.626,46.6800,49
49504364418247,13:45:04.364,46.6800,98
49504364878591,13:45:04.364,46.6800,2
49504364878591,13:45:04.364,46.6800,11
49504364879428,13:45:04.364,46.6800,89
49509719894893,13:45:09.719,46.6700,1
49509719908028,13:45:09.719,46.6700,99
49509719908028,13:45:09.719,46.6700,200
49509719908028,13:45:09.719,46.6700,100
49509720580434,13:45:09.720,46.6650,100
49509720580434,13:45:09.720,46.6600,100
49510119012171,13:45:10.119,46.6700,2
49513876166674,13:45:13.876,46.6650,100
49518397691093,13:45:18.397,46.6600,88
49518397919753,13:45:18.397,46.6600,12
49518402049004,13:45:18.402,46.6500,88
49529534163624,13:45:29.534,46.6600,100
49529534571933,13:45:29.534,46.6600,13
49572842117348,13:46:12.842,46.6800,87
49572842328578,13:46:12.842,46.6800,13
49572842328578,13:46:12.842,46.6800,37
49572842824446,13:46:12.842,46.6750,100
49572842824446,13:46:12.842,46.6800,63
49572842824446,13:46:12.842,46.6800,100
49572842824446,13:46:12.842,46.6800,300
49572842848493,13:46:12.842,46.6800,100
49572848397510,13:46:12.848,46.6900,100
49580381377474,13:46:20.381,46.6900,100
49611441336204,13:46:51.441,46.6800,100
49611441359164,13:46:51.441,46.6800,14
49611445938814,13:46:51.445,46.6800,86
49611445938814,13:46:51.445,46.6800,51
49611446150401,13:46:51.446,46.6800,49
49709282705955,13:48:29.282,46.6800,100
49709283167925,13:48:29.283,46.6800,100
49709283256526,13:48:29.283,46.6800,75
49709283397023,13:48:29.283,46.6800,25
49719181632871,13:48:39.181,46.6800,1
49729890974573,13:48:49.890,46.6900,8
49729890974573,13:48:49.890,46.6900,17
49756170756867,13:49:16.170,46.6900,100
49764639289632,13:49:24.639,46.6850,77
49764639296732,13:49:24.639,46.6850,11
49764639303106,13:49:24.639,46.6850,12
49764639303106,13:49:24.639,46.6800,96
49766130706676,13:49:26.130,46.6800,4
49766130706676,13:49:26.130,46.6800,96
49798239736752,13:49:58.239,46.6900,100
49798239736752,13:49:58.239,46.6900,100
49852875147953,13:50:52.875,46.6900,1
49866695714112,13:51:06.695,46.7000,41
49866695716693,13:51:06.695,46.7000,59
49866695716693,13:51:06.695,46.7000,61
49866695722672,13:51:06.695,46.7000,39
49866695722672,13:51:06.695,46.7000,11
49866695724684,13:51:06.695,46.7000,5
49866695724684,13:51:06.695,46.7000,100
49866696918080,13:51:06.696,46.7100,100
49868011210055,13:51:08.011,46.7200,100
49868012751420,13:51:08.012,46.7200,100
49882491806650,13:51:22.491,46.7300,100
49882491838317,13:51:22.491,46.7300,100
49886752094534,13:51:26.752,46.7300,56
49961287406068,13:52:41.287,46.7400,100
49961287406068,13:52:41.287,46.7400,10
49961287433949,13:52:41.287,46.7400,7
49961288584249,13:52:41.288,46.7500,100
49961288584249,13:52:41.288,46.7500,100
49969551734848,13:52:49.551,46.7550,100
49969551734848,13:52:49.551,46.7500,100
49969551734848,13:52:49.551,46.7500,100
49969551734848,13:52:49.551,46.7500,100
