timestamp,time,price,volume
34200691827355,09:30:00.691,0.0000,0
34574912388796,09:36:14.912,25.1000,100
35172249566729,09:46:12.249,25.0400,100
35202289325160,09:46:42.289,25.0400,100
35652770770253,09:54:12.770,25.0400,100
35697826730814,09:54:57.826,25.0400,100
35727865578399,09:55:27.865,25.0400,100
35844709329269,09:57:24.709,25.0400,1500
36099309171612,10:01:39.309,25.0400,300
36099309171612,10:01:39.309,25.0400,100
36208684598153,10:03:28.684,25.0400,100
36208684598153,10:03:28.684,25.0400,100
36208684598153,10:03:28.684,25.0400,100
36502604890699,10:08:22.604,25.0400,200
36502695388643,10:08:22.695,25.0400,200
36502695388643,10:08:22.695,25.0400,100
36502695388643,10:08:22.695,25.0400,100
36510382509616,10:08:30.382,25.0400,100
36526156598576,10:08:46.156,25.0400,100
36673798945683,10:11:13.798,25.0400,91
37029482192294,10:17:09.482,25.0300,100
37029482192294,10:17:09.482,25.0300,100
37029482192294,10:17:09.482,25.0300,100
37029482192294,10:17:09.482,25.0300,300
37441947254358,10:24:01.947,25.0200,4200
37441950441376,10:24:01.950,25.0200,700
37442017531378,10:24:02.017,25.0200,200
37454857651707,10:24:14.857,25.0200,300
37526383085429,10:25:26.383,25.0200,600
38761003051073,10:46:01.003,25.0300,100
38761003051073,10:46:01.003,25.0300,200
38761003051073,10:46:01.003,25.0300,100
38803637979254,10:46:43.637,25.0300,100
38803637979254,10:46:43.637,25.0300,100
38803637979254,10:46:43.637,25.0300,100
38804732822955,10:46:44.732,25.0300,100
38818739865486,10:46:58.739,25.0300,100
38821235523301,10:47:01.235,25.0300,100
38821902435627,10:47:01.902,25.0300,200
38822801410905,10:47:02.801,25.0300,100
38850156803452,10:47:30.156,25.0300,100
38850156803452,10:47:30.156,25.0300,400
38865956891045,10:47:45.956,25.0300,100
38865956891045,10:47:45.956,25.0300,100
38868919832815,10:47:48.919,25.0300,100
39039147563132,10:50:39.147,25.0300,100
39039148754616,10:50:39.148,25.0300,100
39224202017402,10:53:44.202,25.0200,800
39263198238439,10:54:23.198,25.0200,400
39274402281185,10:54:34.402,25.0200,800
39274402281185,10:54:34.402,25.0200,100
40353462600766,11:12:33.462,25.0200,500
40353462600766,11:12:33.462,25.0200,200
40357132419660,11:12:37.132,25.0200,200
40477342014988,11:14:37.342,25.0200,100
40477348647072,11:14:37.348,25.0200,420
40505232877885,11:15:05.232,25.0200,200
40506918831543,11:15:06.918,25.0200,100
40506918831543,11:15:06.918,25.0300,300
40524929193457,11:15:24.929,25.0250,200
40624165380436,11:17:04.165,25.0300,100
40637512026806,11:17:17.512,25.0300,100
40671082664294,11:17:51.082,25.0300,200
40671082664294,11:17:51.082,25.0300,200
40671082664294,11:17:51.082,25.0300,500
40671082664294,11:17:51.082,25.0300,100
40671082664294,11:17:51.082,25.0300,100
40671082664294,11:17:51.082,25.0300,100
40671082664294,11:17:51.082,25.0300,100
40671082664294,11:17:51.082,25.0300,100
40671082664294,11:17:51.082,25.0300,100
40671082664294,11:17:51.082,25.0300,200
40671082664294,11:17:51.082,25.0300,1450
40720017113978,11:18:40.017,25.0300,100
40720017113978,11:18:40.017,25.0300,500
40720017113978,11:18:40.017,25.0300,1350
40720017113978,11:18:40.017,25.0300,100
40848310426515,11:20:48.310,25.0300,200
40930045033881,11:22:10.045,25.0300,100
40956038408546,11:22:36.038,25.0300,100
41298883692770,11:28:18.883,25.0200,400
41298939096141,11:28:18.939,25.0200,40
41353205299654,11:29:13.205,25.0200,560
41540078766482,11:32:20.078,25.0200,100
41540078766482,11:32:20.078,25.0200,200
41540078766482,11:32:20.078,25.0200,100
41540080429553,11:32:20.080,25.0200,400
41676958435721,11:34:36.958,25.0300,400
41680238956899,11:34:40.238,25.0300,100
41680238956899,11:34:40.238,25.0300,200
41680238956899,11:34:40.238,25.0300,100
41680238956899,11:34:40.238,25.0300,200
41680238956899,11:34:40.238,25.0300,100
42814139286153,11:53:34.139,25.0200,100
42857387949864,11:54:17.387,25.0200,400
42857396390552,11:54:17.396,25.0300,400
42857397952373,11:54:17.397,25.0300,220
43334248294911,12:02:14.248,25.0200,100
43357827795979,12:02:37.827,25.0200,300
44068827103088,12:14:28.827,25.0200,300
44068991632409,12:14:28.991,25.0200,100
44985215003756,12:29:45.215,25.0100,500
44985215003756,12:29:45.215,25.0100,3000
44985215003756,12:29:45.215,25.0100,1416
44985258011339,12:29:45.258,25.0100,100
44986850010769,12:29:46.850,25.0100,34
44986850010769,12:29:46.850,25.0100,1127
44986885711180,12:29:46.885,25.0100,100
44986934869011,12:29:46.934,25.0100,373
44986934869011,12:29:46.934,25.0100,27
44987062591126,12:29:47.062,25.0100,73
45044838929494,12:30:44.838,25.0000,1000
50391583313411,13:59:51.583,25.0200,203
50458117485846,14:00:58.117,25.0200,97
50532426819317,14:02:12.426,25.0200,200
50537296664844,14:02:17.296,25.0200,100
50641812370368,14:04:01.812,25.0200,100
50684822304026,14:04:44.822,25.0200,100
50697609576596,14:04:57.609,25.0200,100
50698188989717,14:04:58.188,25.0200,100
50842193074196,14:07:22.193,25.0200,100
51093496709040,14:11:33.496,25.0400,30
51093496709040,14:11:33.496,25.0400,70
51213197119062,14:13:33.197,25.0400,30
51213197119062,14:13:33.197,25.0400,100
51213197119062,14:13:33.197,25.0400,100
51213197119062,14:13:33.197,25.0400,38
51262810045725,14:14:22.810,25.0400,62
51262810045725,14:14:22.810,25.0400,100
51262810045725,14:14:22.810,25.0400,100
51262810125986,14:14:22.810,25.0400,100
51262810125986,14:14:22.810,25.0400,13
51262811684192,14:14:22.811,25.0400,100
51262811684192,14:14:22.811,25.0400,800
51262821765346,14:14:22.821,25.0400,100
51262821859198,14:14:22.821,25.0400,100
51262821859198,14:14:22.821,25.0400,100
51262822937547,14:14:22.822,25.0400,100
51262822937547,14:14:22.822,25.0400,700
51262836383672,14:14:22.836,25.0400,100
51262845952173,14:14:22.845,25.0400,100
51262857289761,14:14:22.857,25.0400,100
51262869035001,14:14:22.869,25.0400,100
51262882890717,14:14:22.882,25.0400,100
51262892869343,14:14:22.892,25.0400,100
51262900810635,14:14:22.900,25.0400,100
51262914495127,14:14:22.914,25.0400,100
51262923261179,14:14:22.923,25.0400,100
51262939564304,14:14:22.939,25.0400,100
51262949826845,14:14:22.949,25.0400,100
51323134839081,14:15:23.134,25.0400,100
51323134839081,14:15:23.134,25.0400,100
51323134839081,14:15:23.134,25.0400,200
51323136569272,14:15:23.136,25.0400,100
51325464842418,14:15:25.464,25.0400,100
51325464842418,14:15:25.464,25.0400,400
51325465752721,14:15:25.465,25.0400,100
51428994040425,14:17:08.994,25.0350,100
51732000532262,14:22:12.000,25.0400,100
51732000532262,14:22:12.000,25.0400,100
51803750529657,14:23:23.750,25.0300,100
51823728916505,14:23:43.728,25.0400,100
51823778746589,14:23:43.778,25.0400,100
51823879815364,14:23:43.879,25.0400,100
51823879815364,14:23:43.879,25.0400,200
52178343601667,14:29:38.343,25.0200,100
52178343601667,14:29:38.343,25.0200,1300
52197788683805,14:29:57.788,25.0300,100
52297423817866,14:31:37.423,25.0500,100
52297423877115,14:31:37.423,25.0500,600
52297425809882,14:31:37.425,25.0500,100
52297425809882,14:31:37.425,25.0500,36
52676856985599,14:37:56.856,25.0200,245
52683291506765,14:38:03.291,25.0200,455
53455921755262,14:50:55.921,25.0300,100
53455921755262,14:50:55.921,25.0300,100
53455921755262,14:50:55.921,25.0300,300
53550559595521,14:52:30.559,25.0400,100
53731773188557,14:55:31.773,25.0200,100
53859798558652,14:57:39.798,25.0200,1
54551071379110,15:09:11.071,25.0200,199
54551071379110,15:09:11.071,25.0200,21
54551072162211,15:09:11.072,25.0200,79
54551072162211,15:09:11.072,25.0200,21
55982907707848,15:33:02.907,25.0200,400
55982907707848,15:33:02.907,25.0200,200
55982907707848,15:33:02.907,25.0200,100
56223896677885,15:37:03.896,25.0200,500
56598920092570,15:43:18.920,25.0200,300
56599135698630,15:43:19.135,25.0200,100
56599135698630,15:43:19.135,25.0200,200
56658136407221,15:44:18.136,25.0200,300
56944328763312,15:49:04.328,25.0200,100
56944328763312,15:49:04.328,25.0200,300
56944328763312,15:49:04.328,25.0200,200
57154612382150,15:52:34.612,25.0200,300
57169641142857,15:52:49.641,25.0200,100
57379387815273,15:56:19.387,25.0150,31
57494740481187,15:58:14.740,25.0150,16
57580633932093,15:59:40.633,25.0150,32
57600551883089,16:00:00.551,0.0000,0
